2859 4334
419 370 537 427 ΠΕΡΙ
558 367 898 427 ΑΝΤΙΔΟΣΕΩΣ.
1078 364 1139 429 1⁰5

175 530 298 610 ἕτερον
324 529 455 596 διω’κων
480 525 580 605 αὐτὸς
604 524 644 594 τά
670 535 739 594 των
764 536 858 595 θεῶν
877 532 914 596 ἐν
933 543 1006 597 τοῖν
1026 540 1166 613 χεροίνο

123 629 160 681 1⁵
177 633 269 713 ἔχων
290 638 420 713 φανείη.
451 625 516 712 πρό
538 632 665 695 πολλοῦ
686 624 720 693 δ’
742 622 786 693 ἀν
806 629 1013 714 ἐποιησάμην
1033 624 1139 712 οὕτως

176 722 288 795 αὐτόν
301 734 447 812 νομίζειν
464 725 551 794 εἶναί
562 752 602 810 με
619 723 751 808 δεινόν,
769 726 880 807 ὥσπερ
896 730 933 795 ἐν
950 725 1031 813 ύμῖν
1046 736 1139 812 είρη-

176 848 257 893 κεν·
276 824 392 912 ούγάρ
401 822 533 894 ἀνποτέ
542 852 597 910 μοι
606 821 787 908 πράγματα
794 820 952 909 παρέχειν
968 827 1138 911 ἐπεχείρη-

176 944 250 991 σεν.
289 927 355 988 νῦν
378 922 413 988 δὲ
437 923 524 1007 λέγει
544 920 623 1006 μὲν,
648 919 692 999 ὦς
707 921 771 1006 ἐγά
787 947 866 1000 τους
882 922 1002 1010 ἥττους
1016 923 1137 1010 λόγους

178 1026 353 1104 κρείττους
373 1021 520 1106 δύναμαι
539 1034 663 1105 ποιεῖν,
684 1027 849 1088 τοσοῦτον
863 1026 901 1089 δέ
912 1049 979 1109 μου
993 1048 1138 1091 καταπε-

181 1117 374 1203 φρόνηκεν,
398 1113 478 1185 ὥστ’
501 1115 601 1194 αὐτός
618 1117 825 1203 ψευδόμενος
838 1122 921 1205 ἐμοῦ
935 1117 1065 1208 τάληθῆ
1081 1121 1136 1188 λέ-

129 1234 163 1287 16
179 1244 301 1300 γοντος
316 1220 434 1300 ἐλπίζει
445 1220 569 1305 δᾳδίως
579 1218 819 1304 ἐπικρατήσειν.
840 1218 928 1286 οὕτω
941 1223 980 1288 δέ
986 1246 1043 1306 μοι
1055 1226 1136 1287 δυσ-

179 1317 290 1396 κόλως
302 1314 440 1397 ,ἅπαντα
463 1318 690 1404 συμβέβηκεν,
711 1312 800 1385 ὥσθ’
819 1321 853 1385 οί
865 1316 926 1403 μέν
948 1316 1043 1386 ἀλλοι
1066 1332 1159 1398 τοίςι

178 1419 294 1504 λόγοις
315 1417 509 1485 διαλύονται
529 1414 589 1495 τάς
607 1415 782 1503 διαβολὰς,
804 1421 886 1502 ἐμοῦ
897 1417 932 1485 δὲ
949 1426 1136 1504 Λυσίμαχος

179 1513 305 1595 αύτούς
319 1513 398 1595 τούς
412 1517 534 1601 λόγους
547 1516 689 1601 μάλιστα
707 1516 942 1603 διαβέβληκεν,
959 1513 1004 1583 ἵν’
1021 1512 1064 1602 ἢν
1075 1518 1136 1602 μὲν

180 1619 304 1693 ίκανῶς
325 1615 411 1695 δόξω
433 1617 559 1700 λέγειν,
580 1619 693 1700 ἐνοχος
712 1610 761 1681 τόν
778 1621 876 1699 φανῶ
891 1629 959 1693 τοῖς
969 1612 1035 1681 ὑπό
1054 1616 1135 1683 τού-
1215 1692 1217 1697 ,

180 1740 244 1781 του
265 1717 340 1799 περί
360 1723 417 1801 τῆς
436 1713 624 1801 δεινότητος
637 1721 694 1800 τῆς
710 1716 789 1799 ἐμῆς
803 1718 1071 1799 προειρημένοις,
1093 1709 1136 1801 ἢν

181 1811 214 1881 δ’
232 1816 443 1897 ἐνδεέστερον
456 1811 544 1899 τύχω
555 1814 739 1899 διαλεχθεὶς
754 1804 802 1879 ύυ
818 1804 915 1891 ούτος
929 1810 1016 1898 ὑμᾶς
1029 1835 1134 1898 προσ-

181 1917 287 2079 δφκᾶν
303 1919 479 2001 πεποίηκε,
500 1909 559 1991 τάς
578 1912 713 1996 πράξεις
733 1910 911 1999 ἡγήσησθέ
923 1939 990 1997 μου
1004 1920 1135 1999 χείρους

181 2037 274 2082 εναι.

136 2137 166 2192 ιη
266 2113 394 2196 Δέομαι
432 2097 498 2175 ούν
525 2104 625 2192 ύμῶυ
655 2108 737 2194 μήτε
767 2108 935 2179 πιστεύειν
966 2137 1019 2181 πω
1056 2110 1132 2198 μήτ’

180 2210 328 2279 ἀπιστεῖν
348 2222 416 2287 τοις
438 2214 638 2294 εἰρημένοις,
661 2210 741 2291 πρὶν
763 2203 808 2275 ἀν
825 2210 880 2276 διὰ
897 2213 1012 2287 τέλους
1026 2206 1161 2287 ἀκού-η

183 2332 259 2398 σητε
280 2312 335 2378 καί
358 2305 398 2375 τά
415 2305 494 2395 παρ’
511 2307 624 2395 ἡμῶν,
648 2310 940 2393 ἐνθυμουμένους,
963 2306 1014 2375 ότι
1030 2311 1134 2395 μηδὲν

182 2405 225 2478 ἀν
247 2412 314 2476 ἐδει
336 2410 491 2475 δίδοσθαι
514 2422 582 2486 τοῖς
604 2407 792 2492 φεύγουσιν
813 2404 1013 2492 ἀπολογίαν,
1041 2417 1133 2491 είπερ

181 2506 254 2577 οἷόν
278 2502 309 2573 τ’
333 2498 376 2592 ἦν
392 2509 428 2573 ἐκ
443 2513 512 2573 τῶν
526 2514 587 2574 τού
608 2507 788 2584 διώκοντος
808 2507 919 2591 λόγων
947 2509 1131 2594 ἐψηφίσθαι

181 2604 219 2674 τά
243 2611 364 2673 δίκαιοι.
399 2611 464 2671 νῦν
486 2601 518 2671 δ’
543 2611 573 2673 εί
592 2607 653 2690 μὲν
670 2598 708 2671 εὖ
723 2605 880 2689 τυγχάνει
897 2606 1132 2692 κατηγορηκως

181 2703 200 2793 ἦ
215 2711 339 2788 κακῶς,
356 2700 465 2781 ούδεὶς
479 2698 523 2770 ἀν
539 2712 606 2769 των
623 2704 801 2786 παρόντων
819 2700 1031 2790 ἀγνοήσειεν·
1054 2712 1084 2773 εί
1098 2700 1130 2772 δ’

182 2802 318 2889 ἀληθέσι
335 2806 489 2888 κέχρηται
506 2816 573 2880 τοῖς
587 2803 717 2888 λόγοις,
735 2798 845 2868 οὐκέτι
863 2808 961 2869 τουτο
977 2816 1044 2880 τοῖς
1058 2810 1131 2890 κρί-

181 2924 274 2970 νουσι
288 2909 415 2988 γυωναι
433 2902 552 2990 ῥηίδιον
583 2905 615 2981 ἐξ
632 2893 680 2968 τόν
693 2898 710 2967 ὁ
724 2902 884 2985 πρότερος
895 2909 1038 2986 είρηκεν,
1054 2898 1129 2971 ἀλλ’

182 2999 349 3088 ἀγαπητόν
369 2999 412 3087 ἦν
427 3004 460 3081 ἐξ
472 2997 672 3086 ἀμφοτέρων
687 3008 756 3068 των
772 2998 884 3084 λόγων
899 3002 1051 3085 ἐκλαβεῖν
1069 3005 1158 3070 δυ-ε

138 3126 168 3181 ις
183 3107 309 3187 νηθῶσι
323 3096 360 3166 τό
377 3104 517 3167 δίκαιον.
549 3099 625 3185 (θ’.)
648 3096 700 3166 Ού
716 3100 879 3184 θαυμάζω
894 3102 929 3165 δέ
947 3104 1014 3165 τῶν
1029 3106 1132 3168 πλείω

183 3199 302 3285 χρόνον
323 3199 564 3284 διατριβόντων
584 3201 635 3266 ἐπὶ
649 3212 720 3277 ταλς
735 3224 801 3265 τιιν
818 3198 1057 3279 ἐξαπατώντων
1071 3225 1131 3266 κα·

182 3305 346 3386 τηγορίαις
366 3292 388 3384 ἦ
411 3312 481 3375 ταῖς
501 3294 586 3382 ὑπὲρ
607 3294 720 3364 αὐτῶν
737 3295 947 3383 ἀπολογίαις,
970 3294 1048 3363 οὐδὲ
1064 3305 1131 3366 τῶν

180 3396 361 3483 λεγόντων,
385 3394 430 3473 ὡς
452 3402 521 3463 ἐστι
543 3397 700 3481 μέγιστον
721 3393 826 3463 κακόν
841 3395 998 3481 διαβολή·
1019 3403 1052 3462 τί
1063 3393 1129 3484 γάρ

181 3493 222 3563 ἀν
241 3502 370 3580 γένοιτο
390 3497 514 3582 ταύτης
528 3496 814 3580 κακουργότερον,
837 3492 962 3580 ἣποιεῑ
973 3492 1053 3572 τούς
1066 3495 1128 3580 μὲν
1145 3509 1193 3563 su

181 3598 404 3680 ψευδομένους
418 3594 625 3682 εὐδοκιμεῖν,
640 3595 719 3673 τούς
737 3596 770 3661 δέ
787 3596 890 3679 μηδὲν
901 3591 1131 3681 ἡμαρτηκότας
