2859 4334
262 390 324 453 182
545 393 936 470 ιποινενοοερι)

259 559 348 640 φιὸς,
369 557 402 621 ιλ
413 551 571 638 τοιαύτην
584 546 749 637 έχουσι
710 577 775 635 την
787 549 979 635 δύναμιν”
949 549 1030 619 ποτ’
1047 550 1250 713 ἀφελεῖται.1

258 649 340 733 τοῦς
352 648 548 727 ἀκούοντας

211 765 241 817 ιι
342 749 408 837 (ις’.
411 758 425 837 )
448 749 581 817 Τούτου
595 744 628 816 δ’
644 749 744 817 ἕνεκα
756 755 862 817 ταῦτα
877 765 1056 872 προεῖπον,
1077 752 1129 820 ὅτι
1141 661 1250 837 περὶ(1

258 855 327 916 τιῦν
341 854 469 915 λοιπῶν
481 843 584 915 οῦδὲν
601 842 887 934 ὑποστειλάμενος
904 845 990 917 ἀλλά
1003 851 1220 919 παντάπασιν

258 946 440 1032 ἀνειμένως
447 948 556 1030 μέλλω
565 942 646 1024 τούς
656 944 1157 1037 λύγουςποιεῖσθαιπρδςῦμᾶς.
1169 957 1219 1029 τίς

257 1042 324 1131 γάρ
351 1042 501 1113 ἄλλοθεν
521 1045 677 1113 ἐπελθών
701 1047 758 1113 καὶ
781 1044 881 1132 μὴπω
903 1052 1219 1136 συνδιεφθαρμένος

257 1144 339 1231 ἡμῖν
353 1140 427 1212 ἀλλ’
447 1146 605 1230 ἐξαίφνης
623 1142 758 1225 έπεστάς
776 1159 846 1224 τοῖς
863 1150 1075 1235 γιγνομένοις
1094 1149 1157 1217 οῦκ
1172 1145 1219 1216 ἀν

258 1249 439 1330 μαίνεσθαι
451 1245 507 1311 καί
520 1258 755 1331 παραφρονεῖν
768 1241 857 1331 ἡμᾶς
868 1252 1055 1332 νομίσειενς
1070 1255 1106 1315 οἳ
1118 1257 1218 1333 φιλο-

257 1343 448 1431 τιμούμεθα
461 1345 525 1430 μὲν
537 1345 592 1411 ίπλ
604 1358 674 1424 τοῖς
684 1351 755 1411 ταῖν
767 1344 948 1429 προγόνων
962 1352 1075 1431 ἔργοις
1086 1348 1143 1414 παλ
1153 1346 1218 1432 τὴν

257 1442 360 1512 πόλιν
369 1448 406 1510 ἐκ
417 1450 487 1510 τών
500 1444 575 1511 τότε
589 1446 810 1529 πραχθέντων
821 1442 1036 1529 ἐγκωμιάζειν
1047 1443 1216 1530 ἀξιοῦμεν,
1230 1476 1247 1512 e

258 1540 359 1611 οῦδὲν
377 1543 414 1611 δὲ
431 1549 501 1610 τῶν
524 1543 638 1611 αύτῦν
657 1544 798 1620 ἐκείνοις
814 1542 1020 1628 πράττομεν,
1043 1539 1128 1611 ἀλλὰ
1148 1550 1218 1610 πᾶν

208 1658 243 1711 ⁴2
257 1637 466 1709 τούναντίον.
489 1644 524 1708 οί
533 1643 596 1727 μὲν
609 1638 674 1727 γάρ
689 1638 774 1725 ὑπὲρ
789 1646 859 1709 τῶν
866 1637 1036 1728 Ἑλλήνων
1049 1655 1118 1721 τοῖς
1131 1648 1217 1728 βαρ-

255 1740 373 1829 βάροις
388 1747 613 1825 πολεμοῦντες
626 1744 833 1824 διετέλεσαν,
853 1737 947 1827 ἡμεῖς
965 1738 1002 1808 δὲ
1015 1738 1097 1818 τούς
1109 1744 1147 1809 έιι
1158 1747 1218 1825 τῆς

252 1840 362 1919 Ἀσίας
380 1838 441 1907 τὸν
464 1846 542 1927 βίον
561 1843 800 1926 ποριζομένους
820 1842 953 1908 ἐκεῖθεν
972 1838 1219 1927 ἀναστήσαντες

256 1942 310 2009 ἐπὶ
330 1935 410 2019 τούς
422 1937 584 2027 Ἕλληνας
604 1937 791 2026 ἡγάγομεν·
820 1937 970 2007 κάκεῖνοι
994 1940 1057 2024 μὲν
1078 1941 1218 2007 ἐλευθε-
1236 1956 1289 2011 168

257 2045 395 2123 ροῦντες
404 2034 464 2117 τάς
475 2037 589 2119 πόλεις
597 2036 656 2117 τὰς
666 2036 860 2125 Ἑλληνίδας
870 2036 1217 2125 καδβοηθοῦντεςαύ-

256 2151 327 2215 ταῖς
341 2143 400 2222 τῆς
409 2133 589 2224 ἡγεμονίας
603 2135 814 2224 ἠξιώθησαν,
829 2133 923 2224 ἡμεῖς
936 2136 972 2204 δὲ
986 2136 1211 2206 καταδουλού-

258 2260 353 2320 μενοι
367 2238 423 2304 καὶ
442 2233 603 2305 τάναντία
616 2250 686 2315 τοῖς
700 2237 776 2305 τότε
790 2236 991 2320 πράττοντες
1005 2234 1217 2324 ἀγανακτοῦ-

208 2356 242 2411 43
258 2360 335 2422 μεν,
351 2339 382 2404 εί
390 2332 435 2422 μὴ
448 2332 510 2422 τὴν
521 2332 740 2423 αύτὴντιμὴν
751 2338 891 2415 ἐκείνοις
901 2338 1035 2423 ἃομεν,
1051 2343 1217 2407 οἳτοσοῦ-

257 2460 318 2503 τον
334 2431 604 2521 ἀπολελείμμεθα
617 2435 674 2504 καὶ
687 2448 757 2515 τοῖς
770 2441 881 2522 ἔργοις
899 2437 955 2504 καλ
969 2450 1041 2519 ταῖς
1054 2440 1217 2515 διανοίαις

256 2540 325 2601 τῶν
340 2530 413 2602 κατ’
430 2531 633 2602 ἐκεῖνοντὸν
645 2534 772 2621 χρόνον
784 2538 993 2621 γευομένων,
1008 2534 1092 2605 ὅσον
1105 2539 1139 2606 οί
1151 2536 1217 2624 μὶν

257 2632 342 2721 ύπδρ
355 2640 413 2721 τῆς
423 2641 492 2702 τών
502 2632 614 2703 ἀλλων
625 2641 789 2722 σωτηρίας
800 2634 864 2722 τὴν
876 2661 911 2703 τε
924 2639 1067 2721 πατρίδα
1075 2633 1139 2723 τὴν
1149 2632 1245 2703 αῦ-Ιι

257 2740 325 2801 τῶν
345 2733 493 2802 ἐκλιπεῖν
515 2733 718 2822 ἐτόλμησαν,
740 2737 796 2803 καλ
815 2734 998 2821 μαχόμενοι
1014 2736 1070 2803 καλ
1083 2760 1215 2822 ναυμα-

255 2838 392 2918 χοῦντες
405 2830 484 2913 τοῦς
494 2831 688 2920 βαρβάρους
698 2836 873 2920 ἐνίκησαν,
887 2830 983 2920 ἡμεῖς
993 2830 1025 2901 δ’
1039 2830 1115 2902 οὐδ’
1128 2828 1214 2914 ῦπὲρ

256 2936 313 3017 τῆς
323 2927 484 3017 ἡμετέρας
494 2930 608 3001 αὐτῶν
619 2939 810 3014 πλεονεξίας
820 2932 1034 2999 κινδυνεύειν
1044 2928 1213 3017 ἀξιοῦμεν,

208 3052 242 3105 4⁴
257 3022 332 3097 ἀλλ’
348 3026 463 3116 ἀρχειν
478 3032 541 3116 μὲν
554 3027 717 3099 ἁπάντων
731 3037 909 3118 ζητοῦμεν,
925 3029 1169 3116 στρατεύεσθαι
1179 3027 1211 3098 δ’

255 3125 319 3197 ούκ
345 3129 523 3216 ἐθέλομεν,
548 3132 604 3199 καὶ
628 3130 778 3217 πόλεμον
797 3132 861 3216 μὲν
887 3136 1011 3217 μικροῦ
1034 3133 1106 3198 δεῖν
1130 3125 1215 3216 πρὸς

256 3225 407 3306 ἅπαντας
427 3225 633 3313 ἀνθρώπους
655 3226 905 3315 ἀναιρούμεθα,
932 3224 1017 3309 πρὸς
1037 3230 1074 3297 δὲ
1092 3237 1214 3297 τοῦτον

257 3324 317 3413 ούχ
327 3322 414 3414 ἡμᾶς
423 3322 547 3409 αύτούς
558 3324 746 3415 ἀσκοῦμεν,
758 3325 834 3397 ἀλλ’
847 3324 1053 3415 ἀνθρώπους
1062 3328 1142 3408 τοῦς
1151 3325 1214 3415 μὲν

257 3422 435 3512 ἀπόλιδας,
452 3423 532 3506 τούς
546 3424 580 3493 δ’
594 3424 820 3514 αύτομόλους,
836 3423 916 3506 τούς
931 3422 962 3494 δ’
974 3430 1012 3495 ἐκ
1023 3434 1092 3495 τῦν
1103 3426 1244 3496 ἀλλωνο

258 3533 472 3614 κακουργιῶν
480 3527 762 3615 συνερρυηκότας,
772 3522 821 3606 οἷς
830 3523 959 3595 ὁπόταν
966 3552 1015 3607 τις
1023 3531 1104 3619 διδῷ
1112 3532 1216 3594 πλείω
