2859 4334
436 390 857 451 ΠΑΝΑΘΗΝΛΙΚΟΣ.
1078 384 1116 451 27

170 557 363 639 δαιμονίους
373 552 409 619 δέ
424 556 631 635 κρατοῦντας
644 554 692 617 έτι
707 545 790 617 κατὰ
806 556 881 636 γήυ,
897 548 980 635 πρός
992 557 1147 638 Θηβνί-εῖ

171 678 229 731 ους
237 651 365 737 μόνους
374 647 626 735 πολεμήσαντας
635 649 690 715 καί
700 654 781 734 μίαν
787 649 897 735 μάχην
905 647 1118 736 ἡττηθέντας,

170 750 327 819 ἁπάντων
338 746 628 834 ἀποστερηθέντας
639 738 688 815 όν
700 746 799 834 εἶχον,
812 752 865 817 καλ
877 756 1121 837 παραπλησίαις

170 848 316 935 ἀτυχίαις
334 850 564 934 χρησαμένους
591 848 647 915 καὶ
667 862 857 934 συμφοραῖς
876 844 994 934 αἷσπερ
1015 845 1117 935 ἡμεῖς,

122 967 156 1020 58
170 950 224 1016 καὶ
238 946 321 1033 πρός
335 947 466 1023 τούτοις
482 941 546 1032 τήν
565 948 627 1031 μὲν
648 943 812 1031 ἡμετέραν
839 948 940 1014 πόλιν
967 949 1003 1013 έν
1024 946 1115 1014 έλάτ-

170 1067 262 1114 τοσιν
287 1052 396 1114 ἔτεσιν
416 1042 655 1132 ἀναλαβοῦσαν
681 1042 788 1132 αὑτήν
810 1042 832 1131 ἢ
853 1048 1119 1133 κατεπολεμήθη,

173 1145 382 1230 Σπαρτιάτας
396 1148 432 1214 δὲ
447 1145 530 1233 μετά
545 1144 607 1232 τήν
617 1138 721 1231 ἧτταν
735 1144 814 1233 μηδ’
832 1150 869 1215 έν
883 1153 1119 1236 πολλαπλασίμ

169 1248 278 1336 χρόνῳ
299 1248 509 1332 δυνηθέντας
529 1253 731 1331 καταστῆσαι
752 1253 840 1331 σφᾶς
855 1245 979 1326 αύτούς
1000 1254 1045 1327 είς
1058 1245 1119 1334 τήν

170 1344 276 1431 αύτήν
297 1349 382 1430 ἕξιν,
405 1348 437 1424 ἐξ
457 1336 565 1433 ήσπερ
587 1347 757 1425 ἐξέπεσον,
780 1342 849 1414 ἀλλ’
867 1344 989 1433 ὁμοίως
1001 1354 1047 1416 έτι
1063 1350 1144 1415 καλε.

168 1452 233 1511 νῦν
249 1450 389 1528 ἔχοντας.

118 1558 154 1611 59
252 1544 320 1622 (x'.)
337 1540 385 1610 Τά
397 1549 514 1609 τοίνυν
525 1542 610 1626 πρός
619 1540 699 1621 τοῦς
708 1543 903 1629 βαρβάρους
916 1541 961 1622 ὡς
971 1545 1118 1626 ἑκάτεροι

169 1645 456 1727 προσηνέχθημεν,
469 1645 647 1728 δηλωτέον·
659 1648 706 1709 ἔτι
713 1640 778 1727 γάρ
787 1650 885 1709 τοῦτο
894 1644 1013 1711 λοιπόν
1019 1646 1117 1711 ἐστιν.

169 1744 221 1809 ἐπὶ
232 1742 295 1828 μὲν
305 1738 370 1827 γάρ
385 1748 442 1827 τῆς
457 1740 616 1828 ἡμετέρας
628 1747 825 1821 δυναστείας
836 1742 899 1810 οὐκ
915 1746 992 1830 έξήν
1007 1740 1120 1822 αὐτοῖς

169 1838 237 1908 οὔτ’
256 1836 472 1919 έντός”Αλυος
486 1847 573 1932 πεζῷ
589 1846 800 1932 στρατοπέδῳ
815 1850 1030 1930 καταβαίνειν
1042 1839 1119 1910 ούτε

168 1953 309 2025 μακροῖς
321 1946 449 2018 πλοίοις
463 1944 521 2008 έπλ
530 1942 609 2008 τάδε
623 1951 719 2010 πλεῖν
731 1943 928 2027 Φασήλιδός·
946 1944 999 2010 ἐπὶ
1015 1944 1050 2011 δέ
1061 1947 1119 2027 τῆς

169 2044 443 2125 Λακεδαιμονίων
465 2038 506 2107 ού
519 2042 627 2127 μόνον
641 2048 702 2107 τοῦ
718 2042 925 2124 πορεύεσθαι
940 2043 995 2109 καὶ
1013 2048 1117 2124 πλεῖν,
1136 2050 1185 2101 245

166 2138 246 2206 ὅποι
257 2146 469 2225 βουληθεῖεν,
486 2143 640 2220 ἐξουσίαν
651 2148 783 2227 ἔλαβον,
799 2139 882 2210 ἀλλά
893 2146 947 2210 καλ
962 2140 1118 2209 δεσπόται

114 2253 154 2307 60
170 2245 307 2307 πολλῶν
318 2236 520 2325 Ἑλληνίδων
535 2243 667 2309 πόλεων
682 2246 896 2327 κατέστησαν.
935 2243 1026 2328 (κά.)
1052 2239 1121 2329 Ίῐήν

169 2335 213 2423 δή
229 2339 284 2403 καλ
298 2334 357 2415 τάς
370 2339 544 2424 συνθήκας
567 2338 625 2419 τάς
640 2339 724 2424 πρός
738 2344 875 2428 βασιλέα
888 2344 1122 2426 γενναιοτέρας

168 2438 225 2503 καὶ
240 2442 591 2522 μεγαλοφρονεστέρας
604 2443 850 2526 ποιησαμένην,
874 2442 928 2508 καὶ
943 2447 1011 2507 τόν
1026 2446 1120 2507 πλεί-

167 2553 259 2600 οτων
273 2539 328 2601 καὶ
342 2543 506 2627 μεγίσταν
517 2551 586 2616 τοῖς
596 2537 659 2623 μὲν
675 2540 859 2624 βαρβάροις
873 2547 997 2624 κακῶν,
1013 2532 1121 2616 τοῖςδ

159 2633 319 2718 Ἕλλησιν
330 2631 471 2720 ἀγαθῶν
482 2642 591 2705 αἰτίαν
601 2640 837 2724 γεγενημένην,
851 2644 897 2706 έτι
908 2638 945 2706 δὲ
956 2635 1124 2725 τήςἈσίας

170 2731 237 2820 τήν
252 2740 419 2818 παραλίαν
434 2736 489 2803 καὶ
503 2733 631 2825 πολλὴν
643 2734 750 2820 ἀλλην
763 2736 877 2821 χώραν
894 2734 972 2814 τοῦς
986 2736 1048 2823 μέν
1062 2745 1152 2803 sto-b

169 2839 308 2916 λεμίους
319 2829 541 2920 ἀφελομένην,
560 2848 627 2912 τοῖς
643 2834 678 2901 δὲ
694 2835 882 2921 συμμάχοις
899 2836 1122 2921 κτησαμένην,

114 2946 151 3000 61
168 2935 227 3000 καὶ
237 2930 318 3009 τοῦς
332 2932 395 3017 μὲν
409 2929 614 3018 ὑβρίζοντας,
632 2929 712 3010 τούς
724 2930 753 2999 δ’
765 2929 977 3017 ἀποροῦντας
991 2933 1123 3001 παύσα-

167 3053 250 3113 σαν,
273 3029 358 3112 πρὸς
378 3030 415 3099 δὲ
440 3029 571 3109 τούτοις
590 3028 675 3115 ὑπὲρ
702 3028 805 3117 αὐτῆς
828 3056 864 3099 τε
887 3031 1123 3118 πολεμήσασαν

166 3126 313 3213 άμεινον
333 3135 390 3214 τής
414 3126 656 3216 εύδοκιμούσης
680 3132 756 3213 περὶ
776 3128 816 3196 τά
837 3139 974 3198 τοιαῦτα
996 3128 1125 3208 καὶτὰς

166 3225 351 3311 συμφοράς
364 3235 492 3295 θᾶττον
512 3233 760 3314 διαλυσαμένην
775 3236 843 3295 τῶν
857 3226 970 3297 αύτῦν
983 3228 1124 3313 τούτων,

166 3331 241 3403 πῶς
255 3323 299 3392 ού
319 3330 449 3394 δίκαιον
466 3330 615 3395 ἐπαινεῖν
638 3330 693 3395 καὶ
714 3336 814 3414 τιμᾶν
830 3326 992 3417 μᾶλλονή
1009 3327 1071 3415 τήν
1089 3332 1125 3397 έν

165 3421 276 3490 ἀπασι
301 3425 433 3504 τούτοις
455 3423 759 3512 ἀπολελειμμένηυς
789 3430 863 3512 περὶ
887 3431 949 3515 μέν
970 3421 1033 3497 οὖν
1058 3437 1125 3496 τῶν

163 3526 390 3610 πραχθέντων
406 3522 485 3610 παρ’
499 3524 625 3611 ἀλληλα
639 3529 694 3592 καὶ
708 3533 776 3593 τῶν
788 3528 959 3594 κινδύνων
973 3536 1041 3595 τῶν
1056 3526 1124 3613 ἀμα
1140 3554 1152 3590 e

1329 393 1345 447 Χ
