2859 4334
491 372 607 426 INDEX
625 371 808 427 NOMINUM.

358 529 384 588 G

172 619 215 676 Ge
226 619 332 689 (Terra)
346 620 458 690 peperit
470 620 618 675 Erichtho-

130 691 223 745 nium.
243 690 304 760 XIl,
324 699 383 746 166.

172 763 361 832 [Γερουσία
376 762 425 817 καὶ
436 762 618 828 Picenae:

129 825 617 974 {felicitantur

131 996 182 1046 χρι
205 971 296 1045 γήρως
322 976 414 1036 καλῶς
441 925 617 1048 dracontites,

131 1044 186 1100 τὸν
206 1042 332 1116 ἀριθμὸν
351 1041 558 1117 εἴκοσινιόκτώ.
581 1038 617 1132 ἦν

132 1116 169 1172 δὲ
189 1113 207 1186 ἡ
228 1119 343 1186 μεγίστη
368 1111 440 1185 ἀρχὴ
463 1113 533 1186 μετὰ
553 1137 618 1178 τους

133 1183 262 1256 ε’φὸρους
293 1184 312 1256 ἡ
343 1188 485 1256 γερουσία.
530 1187 617 1244 Beklr.

102 1306 106 1312 .
132 1258 242 1312 Anecd.
261 1263 322 1312 221.
341 1290 374 1298 -
393 1257 453 1323 XII,
475 1260 545 1328 154]

175 1329 315 1399 Giyoatea
336 1327 617 1397 Gigantomachiale-

135 1400 200 1454 vior
224 1416 307 1467 quam
330 1399 444 1453 deorum
469 1417 564 1470 pugna
581 1400 617 1453 ad

133 1471 228 1526 Ilium.
247 1469 282 1538 X,
301 1477 343 1524 53.

175 1541 294 1612 θαμέας
311 1540 464 1595 Leontinus
485 1542 515 1595 in
533 1541 618 1596 Tbes·

134 1611 210 1667 salia
228 1611 300 1666 vixit
319 1611 380 1666 sine
398 1629 483 1666 uxore
502 1615 531 1666 et
548 1612 618 1666 libe·

132 1685 189 1750 ris,
209 1682 378 1751 reliquitque
391 1683 470 1736 mille
491 1686 617 1740 stateres.

133 1754 197 1822 XV,
214 1760 348 1809 166.166.
368 1755 503 1822 (mortuus
520 1753 578 1808 fere
592 1770 617 1808 a

135 1826 202 1880 Chr.
217 1843 244 1879 n.
259 1829 340 1892 386).
365 1825 463 1879 Dicere
478 1842 561 1878 ausus
575 1827 620 1879 est

134 1895 211 1951 nihil
233 1911 295 1951 esse
319 1910 427 1965 eorum,
450 1912 521 1963 quae
540 1895 618 1950 vide·

133 1983 225 2022 amus.
243 1965 278 2034 X,
292 1972 317 2019 6.
344 1965 405 2034 XV,
422 1972 482 2021 268.
516 1964 619 2020 Contra

134 2055 203 2093 eum
221 2053 260 2090 or.
278 2035 311 2090 X.
338 2035 443 2105 scripta
465 2053 525 2091 esse
548 2037 617 2090 dici-

134 2113 191 2164 tur.
207 2103 308 2162 ‘Trrdrffi
332 2113 370 2161 10.

175 2178 233 2234 Gor
252 2180 345 2233 onium
361 2177 495 2248 surripuit
507 2177 617 2231 Philur·

136 2268 199 2321 gus.
246 2248 320 2316 VIII,
339 2255 381 2302 67.

175 2320 314 2391 Gylippas
329 2314 429 2387 (ὄνομα
439 2315 546 2387 κύριον,
560 2325 616 2374 Λα-

136 2388 328 2472 κεδαιμόνιος.
351 2390 396 2442 Ha
430 2392 448 2459 )
470 2390 547 2444 solus
569 2390 617 2458 Sy-

136 2478 262 2516 racusios
285 2460 322 2514 ab
345 2460 406 2514 obsi
427 2460 491 2514 ione
516 2459 616 2515 libera

136 2531 618 2600 vitexercitumqueAtheuiensium

135 2607 214 2659 terra
239 2603 365 2670 marique
392 2601 518 2672 fugatum
543 2603 619 2673 cepit

137 2679 174 2745 (a.
195 2673 258 2727 Chr.
277 2691 305 2726 n.
323 2673 405 2739 413.).
424 2673 471 2742 VI,
490 2679 532 2728 63.

173 2866 395 2936 Ηοᾱα(Οιουε).
414 2866 539 2921 Theseus
554 2883 617 2920 cum

136 2939 264 2993 Pirithoo
288 2937 317 2991 in
335 2955 399 2992 eum
419 2937 565 2992 descendit
583 2938 622 3005 X,

136 3017 180 3064 20.
201 3015 244 3064 69.
263 3011 292 3062 et
306 3008 434 3077 Orpheus
448 3025 482 3062 ex
498 3024 531 3063 eo
546 3025 617 3062 mor-

135 3084 202 3136 tuos
221 3079 381 3133 reducebat.
401 3078 447 3142 XI,
466 3085 491 3135 8.

174 3151 275 3221 Ηαῑμε,
285 3149 385 3203 fluvius
395 3150 488 3218 Asiae,
498 3149 545 3216 IV,
557 3156 615 3204 144.

136 3223 198 3285 Quo
208 3223 334 3289 ternpore
344 3221 616 3290 Atheniensesprin-

1085 373 1147 437 297

671 528 805 601 ἁρμόζειν
820 534 868 587 καὶ
878 534 1019 587 καθιστᾶν
1033 529 1083 595 τὰς
1098 529 1146 588 ὑπ’

671 601 766 657 αὐτῶν
798 601 1011 672 φυλαττομένας
1046 602 1148 666 πόλεις.

672 673 760 732 Bekls.
771 675 874 732 Anecd.
889 681 949 728 446.
966 706 999 714 -
1014 674 1061 743 IV,
1077 677 1148 745 111]

707 745 890 801 Hecatomrws
916 741 1019 816 (ὄνομα
1042 744 1149 813 κύριον.

671 815 776 884 Hesp),
792 815 889 871 Cariae
900 819 1019 886 satrapa.
1034 818 1080 884 IV,
1090 824 1148 872 162.

707 888 827 954 Helena,
855 887 929 941 lovis
954 890 983 941 et
1005 887 1097 942 Ledae
1120 888 1148 956 f,

670 957 784 1011 Herculi
795 959 900 1026 epatre
909 957 1037 1027 praelata
1050 960 1080 1012 et
1089 960 1149 1028 pul-

673 1027 811 1082 critudine
826 1029 930 1082 donata
941 1031 991 1083 est
1010 1029 1043 1096 X,
1055 1035 1095 1084 14.
1109 1037 1148 1085 16.

671 1099 794 1152 Theseus
817 1098 922 1168 primus
948 1115 1009 1153 eam
1035 1100 1149 1169 amavit,

670 1169 707 1223 ib.
730 1175 842 1223 18-38.
875 1169 942 1223 Eius
961 1170 1074 1240 nuptias
1093 1189 1149 1225 om-

671 1256 721 1294 nes
740 1239 790 1294 illo
808 1241 934 1309 tempore
952 1258 1032 1310 reges
1052 1241 1149 1297 civita-

670 1313 785 1378 tumque
811 1311 951 1381 principes
980 1312 1149 1381 ambiebant,

672 1387 714 1437 39.
747 1379 880 1435 Pollicita
907 1384 951 1436 est
981 1399 1028 1437 eas
1056 1385 1149 1439 Venus

670 1449 774 1506 Paridi.
805 1452 844 1508 Ib.
872 1459 916 1507 41.
948 1453 1001 1509 Illa
1028 1453 1147 1509 Menelai

672 1523 791 1592 coniuge
809 1521 887 1578 facta
904 1526 935 1578 et
951 1527 1033 1594 rapta
1051 1524 1149 1581 Graeci

671 1610 768 1647 omnes
786 1598 974 1664 surrexerunt,
999 1595 1080 1664 quasi
1101 1613 1149 1667 pa·

671 1664 728 1719 tria
746 1681 796 1718 sua
814 1667 936 1731 vastata3
961 1665 1048 1721 etsie
1067 1666 1149 1721 Grae·

672 1734 732 1790 ciae
750 1734 890 1789 libertatis
909 1735 1033 1790 effectrix
1052 1738 1148 1794 evasit.

671 1806 711 1862 Ib.
732 1812 774 1861 49.
790 1813 832 1861 67.
852 1809 881 1860 et
893 1806 954 1874 XII,
969 1814 1010 1864 80.
1040 1807 1081 1864 Ob
1096 1809 1148 1862 for-

671 1895 746 1931 mam
764 1877 931 1931 immortalis
950 1877 994 1947 (X,
1013 1881 1075 1948 61),
1097 1879 1150 1932 fra

670 1950 729 2002 tres
748 1964 813 2001 suos
831 1948 888 2001 iam
906 1950 1030 2002 mortuos
1050 1952 1079 2004 et
1093 1949 1148 2004 Me·

670 2018 784 2074 uelaum
799 2018 1010 2073 immortalitate
1026 2021 1148 2075 donavit.

670 2087 704 2155 X,
731 2097 772 2144 62.
807 2089 965 2144 Stesichoro
993 2091 1149 2159 potentiam

671 2177 751 2213 suam
764 2159 895 2214 ostendit.
914 2159 948 2228 X,
964 2168 1005 2216 64.
1029 2162 1149 2216 Homero

671 2229 828 2299 mandavit,
851 2232 883 2284 ut
900 2231 934 2283 de
953 2229 989 2284 iis
1008 2233 1150 2300 scriberet,

671 2301 719 2371 qui
738 2301 775 2354 ad
793 2301 904 2354 Troiam
922 2299 1097 2358 militassent.
1116 2305 1149 2371 X,
1165 2355 1167 2358 .

671 2379 714 2427 66.
747 2371 793 2424 Illi
808 2374 837 2424 et
850 2370 979 2426 Menelao
994 2373 1149 2444 Therapnis

671 2442 701 2496 in
719 2441 841 2496 Laconia
859 2441 1038 2498 sacrificatur.
1058 2444 1090 2510 X,
1106 2453 1148 2500 63.

672 2513 791 2583 Scripsit
809 2512 869 2566 eius
885 2529 941 2567 non
959 2513 1149 2570 laudationem

671 2584 720 2638 sed
734 2583 925 2638 defensionem
935 2583 1052 2654 Gorgias
1062 2586 1096 2656 X,
1108 2593 1148 2640 14.

671 2655 850 2723 quamobrem
884 2655 1020 2710 Isocrates
1055 2673 1149 2712 veram

671 2726 731 2780 eius
754 2725 944 2779 laudationem
968 2726 997 2778 in
1018 2729 1087 2782 orat
1107 2727 1147 2799 X,

670 2797 779 2850 Helena
796 2796 945 2866 inscripta,
972 2799 1016 2850 est
1037 2814 1149 2867 aggres-

671 2884 725 2922 sus.
759 2866 871 2936 Scripta
889 2883 949 2920 esse
968 2867 1080 2922 videtur
1098 2869 1149 2922 cir·

671 2937 742 2993 citer
763 2953 788 2991 a.
810 2944 871 3003 39⁸2,
893 2938 979 3006 paulo
1002 2940 1067 3007 post
1090 2956 1148 2994 ora-

670 3009 776 3062 tionem
795 3007 826 3061 in
844 3007 999 3077 sophistas.

706 3080 803 3134 Heliou
816 3078 883 3147 (Sol)
894 3079 1054 3148 procreavit
1062 3080 1148 3135 filiam

670 3149 835 3219 Pasiphaen.
857 3149 891 3216 X,
911 3157 953 3205 2⁷.

705 3221 803 3276 Hellas
827 3219 966 3290 (Graecia)
989 3221 1148 3290 antiquissi-

135 3294 262 3362 eipatum
295 3291 441 3359 tenebant,
478 3291 616 3346 exercitus
670 3290 724 3346 mis
751 3291 923 3361 temporibus
951 3291 1067 3347 humilis
1090 3297 1150 3348 erat

134 3362 242 3419 Persici
264 3362 338 3416 inira
363 3378 426 3415 eum
449 3362 616 3416 descendere
670 3361 717 3431 IV,
742 3370 782 3418 68.
811 3363 860 3416 sed
885 3362 1003 3416 coloniis
1028 3363 1149 3418 conditis

134 3451 192 3489 non
206 3432 355 3488 audebant.
371 3432 614 3502 v[1‚so.x11,oo.
669 3432 756 3502 duplo
774 3433 864 3488 maior
882 3435 927 3487 est
944 3433 1062 3487 reddita.
1088 3435 1149 3500 llll,

173 3501 374 3578 [Ἂρμοοταίε
411 3501 441 3557 ol
470 3499 526 3558 ὑπὸ
559 3506 615 3558 τῶν
669 3510 711 3558 44.
736 3510 778 3558 47.
804 3511 863 3558 167.
902 3503 1013 3559 Debent
1038 3505 1148 3559 barbari

134 3577 370 3645 Λακεδαιμονίων
385 3573 425 3636 εἰς
443 3572 495 3636 τὰς
508 3570 615 3643 tanari-
669 3575 694 3629 ei
710 3573 821 3629 servire.
841 3575 888 3643 IV,
904 3580 963 3630 131.
984 3575 1087 3641 Contra
1101 3592 1149 3630 eos

135 3667 185 3710 ους
199 3642 295 3708 πόλεις
305 3641 439 3715 ἄρχοντες
449 3645 497 3700 καὶ
510 3642 614 3715 φροῦρ-
668 3644 756 3715 igitur
769 3647 813 3700 est
824 3644 850 3698 ei
864 3644 972 3698 bellum
985 3646 1148 3717 gerendum,

135 3738 218 3788 αρχοι
239 3713 462 3787 ἐκπεμπόμενοι,
485 3713 563 3786 παρὰ
582 3713 612 3771 τὸ
667 3716 717 3784 qui
731 3715 877 3770 Graeciam
886 3731 1017 3783 magnam
1029 3718 1073 3771 est
1086 3718 1148 3772 red·
