2859 4334
303 406 346 472 ⁷4
509 447 512 452 -
588 409 973 488 ιεοιιεκνονεμ)

303 581 378 655 λησι
391 577 583 656 πεποίηκεν.
613 565 677 656 ἐγά
693 565 724 635 δ’
747 565 892 654 ἡγοῦμαι
906 570 969 657 μέν
987 572 1069 651 τοὺς
1084 578 1188 640 ταῦτα
1201 581 1255 642 λε’-

302 697 423 760 γοντας
439 667 502 737 οὐκ
523 666 724 753 ἀποτρέπειν
739 662 813 734 ἀλλ’
836 669 1051 738 ἐπισπεύδειν
1071 668 1134 758 τὴν
1154 692 1258 758 στρα-

300 771 410 837 τείαν·
433 773 463 837 εἰ
477 764 542 854 γάρ
558 765 654 853 ἡμῶν
667 763 929 852 ὁμονοησάντων
939 763 1039 847 αύτδς
1054 771 1091 838 ἐν
1101 785 1260 857 ταραχαῖς

302 864 352 936 ἀν
371 863 513 953 χαλεπός
527 873 617 934 ἔσται
637 872 898 952 προσπολεμεῖν,
926 859 948 953 ἦ
963 891 1030 935 που
1047 868 1180 952 σφόδρα
1194 868 1259 956 χρὴ

302 970 446 1036 δεδιέναι
455 962 516 1032 τόν
528 961 648 1052 καιρόν
662 967 808 1050 ἐκεῖνον,
826 962 908 1031 ὅταν
917 963 957 1033 τά
972 971 1034 1052 μὲν
1048 975 1117 1035 τῶν
1126 977 1260 1056 βαρβα-

303 1093 375 1152 ρων
388 1070 533 1153 καταστῇ
551 1067 606 1132 καὶ
624 1062 679 1130 διά
695 1070 773 1150 μιᾶς
786 1065 921 1149 γένηται
936 1063 1088 1152 γυιόμης,
1109 1065 1203 1154 ἡμεῖς
1219 1071 1288 1138 δὲθ

237 1189 284 1246 ης
300 1164 385 1249 πρὸς
399 1163 565 1252 ἀλλήλους
579 1161 691 1250 ἀσπερ
703 1169 769 1231 νῦν
780 1171 966 1249 πολεμικοῖς
977 1170 1112 1252 ἔχωμεν.
1135 1163 1177 1235 ού
1187 1166 1260 1255 μὴν

302 1262 376 1333 οὐδ’
391 1271 421 1334 εἰ
430 1263 696 1350 σνναγορεύουσι
708 1276 777 1341 τοῖς
788 1259 847 1330 ὑπ’
861 1264 944 1349 ἐμοῦ
956 1265 1164 1350 λεγομένοις,
1176 1264 1256 1333 οὐδ’

301 1362 346 1444 ἀς
360 1361 473 1449 ὀρθῶς
487 1367 562 1446 περὶ
578 1370 636 1449 τῆς
654 1364 788 1430 ἐκείνου
805 1364 981 1448 δυνάμεως
994 1365 1256 1450 γιγνώσκουσιν.

300 1469 331 1533 εἰ
343 1464 405 1549 μὲν
418 1459 484 1548 γάρ
499 1459 689 1547 ἀπέφαινον
705 1456 810 1527 αύτδν
825 1458 893 1547 ἅμα
906 1475 979 1529 τοῖν
992 1466 1129 1532 πολέσιν
1142 1461 1257 1551 ἀμφο-

299 1566 412 1648 τέροιν
432 1561 598 1647 πρότερόν
612 1584 693 1627 ποτε
713 1565 1031 1648 περιγεγενημένον,
1058 1562 1192 1643 εἰκότως
1211 1559 1258 1631 ἀν

300 1659 452 1750 ἡμᾶςκαὶ
466 1666 532 1727 νῦν
543 1663 700 1747 ἐκφοβεῖν
712 1661 920 1745 ἐπεχείρουν·
938 1666 968 1729 εἰ
980 1660 1017 1728 δὲ
1027 1668 1126 1730 τοῦτο
1137 1665 1198 1748 μὲν
1210 1662 1258 1749 μὴ

299 1767 450 1846 γέγονεν,
458 1755 649 1825 ἀντιπάλων
659 1754 691 1825 δ’
700 1754 911 1843 όντωυὴμοῑν
919 1760 974 1826 καλ
982 1763 1258 1844 Λακεδαιμονίων

299 1860 531 1943 προσθέμενος
549 1870 619 1935 τοῖς
633 1859 755 1940 ἑτέροις
769 1858 1005 1943 ἐπικυδέστερα
1021 1856 1062 1925 τά
1079 1860 1259 1946 πράγματα
1271 1887 1288 1924 c

300 1955 418 2042 θάτερ’
437 1960 608 2043 ἐποίησεν,
625 1953 727 2024 οὐδέν
742 1959 809 2024 ἐστι
830 1962 929 2024 τοῦτο
947 1971 1084 2043 σημεῖον
1097 1964 1156 2044 τῆς
1169 1960 1253 2028 έκεί·

300 2083 366 2124 νου
380 2057 501 2142 ῥύμης.
535 2058 572 2124 έν
586 2052 652 2143 γάρ
671 2069 741 2133 τοῖς
761 2056 927 2135 τοιούτοις
947 2069 1075 2140 καιροῖς
1095 2057 1257 2139 πολλάκις

259 2233 262 2240 ,
300 2151 734 2242 μικραὶδυνάμειςμεγάλας
747 2152 1256 2242 τάςροπάςέποέησαν,έπελκαλ

300 2254 375 2335 περὶ
385 2260 477 2320 Χίων
489 2249 592 2337 ἔχοιμ’
609 2247 654 2319 ἀν
665 2257 787 2318 τοῦτον
797 2248 859 2318 τόν
869 2252 973 2337 λόγον
985 2263 1098 2331 εἰπεῖν,
1114 2251 1160 2332 ὡς
1171 2251 1256 2321 ὁπο-

300 2356 407 2436 τέροις
429 2353 549 2418 έκεῖνοι
571 2351 785 2434 προσθέσθαι
805 2357 1024 2436 βουληθεῖεν,
1050 2343 1144 2420 ούτοι
1169 2350 1254 2421 κατὰ

235 2469 285 2524 140
299 2451 473 2519 θάλατταν
493 2455 662 2533 κρείττους
680 2441 777 2534 ἦσαν.
811 2449 906 2537 (λθ.)
926 2446 1022 2518 Ἀλλά
1048 2448 1113 2537 γάρ
1135 2449 1197 2519 ούκ
1217 2454 1255 2520 ἐκ

299 2549 430 2618 τούτων
450 2547 583 2615 δίκαιόν
603 2549 670 2615 ἐστι
687 2561 825 2615 σκοπεῖν
838 2546 900 2636 τὴν
919 2553 1080 2637 βασιλέως
1097 2550 1254 2640 δύναμιν,

300 2652 333 2730 έξ
350 2641 399 2716 άν
415 2644 495 2734 μεθ’
512 2649 677 2729 ἑκατέρων
692 2649 849 2733 γέγονεν,
864 2645 936 2716 ἀλλ’
950 2651 983 2730 έξ
995 2641 1044 2716 οἷν
1054 2646 1154 2728 αὐτός
1165 2647 1286 2734 ύπδρδ

300 2745 407 2816 αὑτοῦ
420 2748 658 2833 πεπολέμηκεν.
688 2749 743 2814 καὶ
758 2755 892 2830 πρῶτον
907 2748 969 2834 μὲν
989 2746 1177 2836 ἀποστάσης
1190 2756 1256 2818 Αλ-

299 2846 431 2935 γύπτου
454 2852 488 2914 τί
506 2845 749 2932 διαπέπρακται
768 2843 852 2931 πρὸς
878 2845 957 2926 τούς
977 2853 1111 2934 έχοντας
1130 2845 1254 2935 αὐτήνς

301 2944 364 3014 οὐκ
384 2949 509 3023 ἐκεῖνος
529 2948 591 3031 μὲν
609 2948 662 3014 ἐπὶ
678 2943 739 3012 τόν
759 2947 907 3032 πόλεμον
925 2953 1047 3015 τοῦτον
1067 2951 1255 3033 κατέπεμψε

300 3042 379 3122 τούς
400 3040 686 3128 εύδοκιμωτάτους
708 3051 867 3130 Περσῶν,
890 3041 1099 3132 Ἀβροκόμαν
1118 3049 1174 3114 καὶ
1197 3054 1255 3114 Τι-

301 3144 479 3230 θραύστην
493 3145 548 3209 καὶ
558 3141 796 3230 Φαρνάβαζον,
812 3135 906 3211 οὗτοι
921 3144 958 3211 δὲ
968 3141 1032 3228 τρί’
1046 3150 1101 3230 έτη
1116 3152 1253 3229 μείναν-

300 3269 354 3322 τες
365 3243 421 3310 καδ
431 3245 534 3309 πλείω
545 3238 631 3308 κακά
643 3242 811 3321 παθόντες
821 3238 842 3329 ἦ
854 3242 1062 3330 ποιήσαντες,
1072 3252 1255 3313 τελευτῶν-

300 3369 354 3421 τες
364 3340 471 3419 ούτως
482 3347 624 3427 αἰσχρῶς
634 3340 874 3429 ἀπηλλάγησαν
885 3341 968 3410 ὥστε
976 3340 1054 3422 τούς
1063 3341 1257 3430 ἀφεστῶτας

299 3445 415 3527 μηκέτι
429 3436 491 3526 τὴν
505 3440 703 3522 ἐλευθερίαν
713 3437 848 3525 ἀγαπᾶν
859 3437 932 3508 ἀλλ’
945 3437 1008 3528 ἤδη
1018 3445 1078 3520 ,καὶ
1088 3449 1157 3509 τῶν
1169 3439 1285 3530 ὁμόθ

236 3561 278 3614 141
299 3564 371 3627 ρων
392 3544 499 3624 ζητεῖν
519 3539 692 3624 ἐπάρχεινς
713 3538 796 3625 μετά
819 3542 855 3608 δὲ
878 3538 971 3609 ταῦτ’
998 3538 1051 3609 ἐπ’
1073 3538 1256 3628 Εὐαγόραν

300 3636 519 3721 στρατεύσας,
546 3631 584 3716 δς
604 3635 696 3722 ἄρχει
717 3640 779 3724 μὲν
802 3647 879 3724 μιᾶς
899 3639 1044 3724 πόλεως,
1070 3642 1108 3708 ἐν
1128 3640 1164 3708 δὲ
1184 3653 1255 3718 ταῖς
