2859 4334
278 389 344 454 286

280 549 326 618 IV,
350 555 374 604 7.
411 548 587 618 Diophantus
614 547 655 602 ibi
685 565 759 603 com-

280 622 403 674 moratur
422 620 553 674 Isocratis
571 619 687 674 amicus.
709 621 758 688 Ep.

281 691 353 755 VIII,
368 697 392 745 3.
414 691 593 760 Eruigrarunt
604 690 671 746 inde
685 690 757 745 Pho-

280 779 420 817 caeenses.
440 761 487 829 VI,
506 768 549 816 84.

315 834 468 902 Aspenuss
488 832 549 886 liuc
561 832 659 887 classis
669 831 757 886 Phoe·

279 903 374 959 alcum
394 903 478 957 venit.
497 903 571 970 XVI,
591 909 633 958 18.

315 971 758 1044 Atarnesoe(uols'1ouisusum·

279 1043 359 1115 τικρύ
369 1043 478 1118 Λέσβου
488 1047 630 1114 κτίμενον,
638 1040 759 1114 locupul-

279 1112 760 1257 2133301311331

280 1257 633 1326 Draconeestoccupatum.
643 1257 691 1323 IV,
699 1229 758 1310 1’44.

314 1329 424 1384 Atloeno
440 1327 588 1396 (Minerva)
609 1327 643 1382 de
662 1329 759 1382 Attica

279 1401 389 1456 certans
404 1415 465 1454 cum
480 1397 612 1468 Neptuno
626 1399 687 1465 Xll,
700 1405 757 1452 193.

279 1471 314 1526 de
329 1469 516 1540 pulcritudine
531 1486 594 1523 cum
606 1468 714 1524 Venere
730 1471 760 1523 et

279 1542 383 1596 Iunone
396 1541 430 1611 X,
439 1548 482 1596 41.
502 1539 569 1593 Eius
580 1540 759 1595 simulacrum

279 1629 295 1666 a
314 1611 415 1666 Phidia
433 1610 598 1666 confectum.
619 1610 682 1678 XV,
700 1618 725 1666 2.

314 1684 444 1749 Avernae,
459 1683 557 1751 Argos,
572 1681 693 1749 Thebae,
706 1681 758 1735 La-

280 1754 428 1810 cedaemon
448 1755 581 1822 quattuor
595 1752 758 1823 potentissi-

279 1841 341 1880 mae
351 1823 484 1880 Graeciae
497 1823 635 1879 civitates.
654 1823 703 1890 IV,
714 1831 757 1878 04.

278 1896 405 1950 Athenae
433 1894 555 1948 maxima
582 1898 612 1949 et
637 1892 758 1948 celeber·

279 1967 350 2020 rirua
361 1965 494 2020 Graeciae
507 1965 581 2019 urbs.
601 1964 648 2031 IV,
662 1973 704 2018 23.
724 1965 758 2032 Χ,

279 2047 321 2093 35.
351 2037 403 2092 Est
420 2036 553 2091 torrentis
571 2035 669 2090 instar.
697 2035 758 2104 XV,

282 2115 339 2164 112.
379 2107 429 2162 Eat
456 2105 526 2162 ἄστυ
553 2108 603 2177 τῆς
625 2104 758 2168 Ἑλλάδος

279 2179 338 2246 XV,
356 2185 417 2234 290.
442 2178 515 2244 XVI,
534 2184 576 2233 23.
602 2177 757 2231 aPindaro

280 2249 395 2375 ἔρῆισμα
417 2248 551 2305 Graeciae
574 2248 757 2302 nominatum.

314 2392 491 2447 Athenienses
517 2388 590 2459 XIV,
618 2396 642 2445 1.
668 2397 693 2446 0.
724 2421 756 2432 -

279 2463 351 2518 Sunt
368 2461 422 2517 soli
441 2477 456 2516 e
470 2459 585 2514 Graecis
599 2460 698 2515 eodem
716 2461 757 2514 in·

279 2533 338 2588 usti
357 2532 431 2598 solo,
455 2532 529 2600 quod
547 2531 682 2585 incolunt.
709 2530 757 2599 IV,

280 2610 392 2660 21-20.
420 2602 500 2671 VIII,
527 2608 569 2657 49.
602 2602 666 2671 XII,
697 2608 756 2656 120.

279 2672 468 2745 (Αὖτόχθονες
486 2669 516 2727 ol
529 2668 679 2742 Ἀθηναῖοι.
699 2680 755 2742 Ap·

280 2746 421 2817 μοτθένης
432 2741 462 2800 ἐν
477 2744 515 2815 τῷ
529 2745 758 2816 παραπρεσβείας

280 2814 379 2886 ,μόνοι
398 2812 451 2886 γὰρ
471 2817 525 2868 τῶν
540 2812 653 2868 πάντων
672 2809 756 2868 αὐτό-

280 2894 383 2957 χθονες
407 2882 487 2956 ὑμεῖς
511 2882 598 2940 ἕττὲ.“
633 2880 756 2939 linosti-

280 2965 368 3028 <lupos
387 2953 418 3013 ἐν
437 2964 495 3018 τοῖς
513 2956 577 3024 περὶ
595 2957 675 3009 θεῶν
693 2962 756 3025 11η-

279 3032 373 3100 navat
388 3045 475 3097 upum
494 3022 597 3088 colrois
615 3021 753 3095 αὐτόχθο-

279 3120 344 3171 νας,
363 3096 425 3155 ἐπεὶ
444 3094 495 3168 τὴν
513 3092 615 3184 χθόῖα,
633 3095 756 3152 τουτέστι

279 3169 331 3242 τὴν
348 3172 418 3258 γῆν,
437 3164 528 3238 ἀργὴν
546 3186 634 3222 oooow
653 3169 758 3254 aquinos

281 3243 459 3313 εἰργασαττα
484 3236 513 3293 ol
533 3237 565 3294 ol
590 3235 638 3293 διὰ
662 3259 694 3293 το
719 3235 757 3308 μὴ

280 3312 356 3369 εἶναι
370 3309 518 3381 ἐπήλυδας.
537 3305 553 3365 ὁ
569 3307 600 3365 δὲ
615 3311 759 3378 Πίνδαρος

281 3385 329 3439 καὶ
347 3379 362 3438 ὁ
383 3379 433 3452 τὴν
449 3381 580 3435 Δαναΐδα
598 3377 760 3450 πεποιηκώς

280 3473 369 3581 poor}
390 3448 569 3539 Ἐςιχθόντον
590 3446 759 3578 authu?-

280 3544 454 3657 331110
466 3542 600 3661 ttt‘t
616 3543 707 3662 itt?
722 3543 759 3655 Is

279 3661 439 3725 Ἑλλάνικός
452 3681 531 3733 φησι,
550 3664 599 3717 nul
614 3663 759 3732 Αἰγινῆται

281 3735 330 3788 καὶ
352 3735 481 3806 Θηβαῖοι.
507 3733 604 3803 Harp.)
636 3732 758 3788 Graecos

626 387 738 442 INDEX
759 387 943 443 Nouium

813 546 1013 616 agriculturam
1024 547 1188 601 docuerunt
1202 547 1246 612 Ν,
1254 554 1283 601 28

813 627 856 673 29.
876 623 905 672 et
923 619 989 672 inde
1007 619 1165 686 quotannis
1184 635 1204 672 a
1216 621 1291 689 pluri-

813 690 867 744 mis
890 689 1024 743 Graeciae
1050 690 1224 743 civItatibus
1246 691 1291 742 Iru-

813 778 879 830 gum
900 760 1039 830 primitias
1052 763 1236 829 acceperunt
1255 761 1292 824 Ν,

813 839 856 886 31.
890 831 1053 886 Docuernut
1077 833 1227 900 mysteria
1253 831 1292 886 Ν.

814 909 856 957 29.
873 906 903 956 et
916 903 1129 972 philosophiam
1144 905 1234 972 atqhe
1244 903 1293 956 elo

813 972 966 1042 quentiam.
987 973 1033 1038 IV,
1043 980 1086 1026 47.
1102 981 1148 1027 50.
1167 973 1231 1038 XV,
1241 981 1292 1027 293.

814 1043 887 1098 Hinc
918 1045 1034 1098 iuvenes
1062 1045 1202 1098 Isocratis
1232 1049 1293 1099 tem·

813 1115 929 1185 poribus
946 1115 1074 1169 Athenas
1091 1115 1250 1184 confluunt,
1267 1119 1294 1167 nt

813 1186 1004 1254 eloquentiam
1028 1188 1058 1239 et
1101 1186 1293 1256 hilosophiam

814 1257 932 1311 discant.
941 1256 1066 1324 tivum.
1117 1257 1292 1326 phistaeora

812 1331 943 1396 toresque
952 1326 1137 1396 plurimorum
1152 1328 1218 1381 urbi
1232 1328 1293 1382 exti-
1345 1342 1346 1421 p

813 1401 1042 1452 teruntauctores
1052 1399 1293 1464 Μαι-1111111111

813 1468 912 1534 Solon,
931 1468 978 1538 qui
998 1485 1043 1522 res
1061 1469 1122 1523 eius
1146 1470 1293 1534 ordinavit,

812 1540 872 1607 XV,
891 1547 951 1594 232,
971 1546 1031 1594 313.
1060 1537 1293 1608 Clisthenes,an

812 1614 946 1679 tyrannos
956 1609 1073 1680 expulit,
1086 1610 1149 1678 XV,
1160 1618 1222 1666 232.
1239 1619 1293 1665 300.

812 1680 1030 1744 Themistocles,
1056 1681 1105 1748 qni
1129 1683 1211 1736 cives
1235 1698 1293 1735 snos

813 1752 942 1806 dominos
968 1752 1139 1805 Graecorum
1164 1753 1293 1811 reddidIt
1346 1750 1347 1826 I

812 1823 872 1891 XV,
896 1830 955 1878 233.
983 1829 1043 1878 307.
1081 1822 1222 1890 Pericles,
1252 1824 1293 1892 qui
1346 1827 1347 1894 I

812 1894 908 1948 urbem
928 1893 1053 1947 delubris
1066 1895 1098 1947 et
1110 1893 1240 1948 donariis
1255 1911 1293 1947 ex-

813 1965 925 2019 ornavit
939 1967 968 2018 et
982 1965 1011 2017 in
1025 1981 1119 2018 arcem
1131 1982 1191 2018 non
1206 1965 1292 2018 minus

813 2035 909 2089 decem
923 2035 1048 2089 millibus
1062 2035 1240 2089 talentorum
1259 2037 1292 2088 in-

813 2107 897 2160 vexit.
927 2105 986 2172 XV,
1005 2113 1065 2160 234.
1090 2112 1153 2160 307.
1188 2107 1294 2160 Suadae

813 2177 932 2247 singulis
956 2177 1036 2230 anuis
1058 2193 1170 2231 sacrum
1189 2179 1294 2232 iaciunt

812 2264 1086 2374 {helim
1109 2248 1293 2373 tulate

813 2379 974 2459 spettacula
987 2388 1110 2458 plurima
1120 2391 1151 2443 et
1165 2390 1291 2458 pulcher-

812 2461 883 2514 rima
906 2459 1043 2513 dederunt
1065 2459 1113 2524 IV,
1137 2465 1183 2515 45.
1217 2461 1292 2514 Prae·

812 2533 889 2585 terea
912 2533 986 2584 artes
1012 2530 1049 2583 ad
1072 2529 1150 2585 vitae
1175 2531 1292 2585 necessi·

811 2603 885 2656 tutes
904 2603 934 2656 et
956 2600 1103 2654 commoda
1127 2601 1293 2656 invenerunt

811 2674 841 2727 et
872 2673 984 2741 portum
1016 2671 1164 2726 Piraeeum
1201 2672 1292 2727 condi-

812 2743 920 2796 derunt.
935 2742 982 2810 IV,
992 2749 1035 2796 40.
1046 2749 1088 2796 42.
1109 2742 1203 2812 Leges
1212 2743 1292 2814 primi

811 2813 938 2867 tulerunt
965 2814 994 2866 et
1022 2813 1147 2866 ciuitatis
1178 2813 1292 2868 formam

812 2883 1001 2938 instituerunt.
1020 2884 1069 2950 Ν,
1088 2890 1131 2938 3-9.
1155 2884 1218 2950 XII,
1243 2892 1291 2938 124.

811 2957 836 3008 Δ
858 2957 985 3025 tempore
1009 2953 1112 3008 Thesei
1137 2955 1180 3009 eis
1206 2955 1292 3009 demo·

812 3025 901 3080 cratia
918 3024 1114 3079 aristocratiae
1138 3029 1209 3080 erat.
1240 3027 1292 3090 XII,

815 3103 871 3151 128.
902 3101 1048 3151 132-133.
1079 3097 1109 3150 et
1136 3114 1199 3165 sqq.
1240 3097 1292 3151 Hac

813 3166 985 3236 reipublicae
1008 3166 1097 3220 forma
1120 3166 1199 3221 ultra
1220 3168 1292 3222 mille

813 3255 900 3292 annos
927 3254 1015 3306 usque
1043 3237 1080 3290 ad
1107 3237 1245 3293 Solonem
1270 3241 1292 3291 et

813 3309 990 3364 Pisistratum
1006 3309 1071 3362 sunt
1084 3309 1137 3362 usi.
1163 3310 1228 3377 XII,
1242 3315 1285 3365 143

813 3379 993 3435 Democratia
1003 3379 1114 3434 Solonis
1127 3379 1290 3435 describitur

814 3452 1000 3520 vl1‚2o-oo.
1020 3450 1211 3520 comparatur
1224 3451 1291 3506 dein·

814 3523 848 3576 sle
867 3522 1035 3593 respublica,
1058 3521 1151 3591 qualis
1169 3524 1293 3594 tempore

814 3592 1006 3662 Areopagitici
1017 3595 1085 3658 erat,
1099 3609 1217 3660 cumea,
1229 3609 1293 3664 quac

814 3662 865 3716 sub
875 3662 994 3732 triginta
1003 3665 1131 3731 tyramnis
1141 3665 1243 3721 fuerat.
1257 3665 1291 3720 Ih.

813 3740 848 3788 04
884 3740 927 3788 09.
952 3733 1088 3803 Tempore
1106 3733 1292 3799 Symmachici
