2859 4334
504 433 813 495 ΠΛΑΤΑΙΚΟΣ.
1072 430 1160 495 Ὧδ’

180 596 380 680 δοκίμησαν,
395 590 478 663 ἀλλά
505 595 559 660 καὶ
581 600 620 680 τῇ
636 594 730 661 πόλει
750 593 857 675 δόξαν,
869 593 1072 682 ἀείμνηστον
1090 599 1137 673 είς

179 692 314 760 ἅπαντα
327 692 385 761 τόν
397 695 520 779 χρόνον
532 694 720 777 κατέλιπον,
732 684 772 777 ἧς
788 692 850 771 οὐκ
864 693 958 775 ἀξιον
970 697 1135 781 προδότας

177 796 349 877 γενέσθαι.
376 797 429 860 καὶ
440 792 505 878 γάρ
518 791 655 876 αίσγρόν
670 802 917 879 φιλοτιμεῖσθαι
928 799 989 882 μὲν
1004 798 1054 864 ἐπὶ
1068 811 1135 874 τοῖς
1151 809 1201 866 307

181 898 253 957 τῶν
268 893 447 977 προγόνων
462 897 582 975 έργοις,
600 899 784 975 φαίνεσθαι
801 892 832 959 δ’
851 897 991 973 ἐκείνοις
1008 895 1133 961 τάναν-

123 1014 165 1065 54
184 998 239 1058 τία
254 995 328 1073 περὶ
343 1000 410 1059 τῶν
428 996 546 1058 ίκετῶν
560 991 773 1073 πράττοντας.
803 994 896 1079 (κβ.)
916 1002 1031 1061 Καίτοι
1047 990 1133 1060 πολύ

183 1091 260 1171 περὶ
277 1091 439 1174 μειζόνων
453 1091 507 1156 καὶ
526 1090 744 1171 δικαιοτέρων
766 1088 891 1176 ἥκομεν
914 1094 1133 1178 ποιησόμενοι

186 1190 246 1265 τάς
260 1191 403 1274 δεήσεις·
428 1194 460 1255 οἱ
474 1190 536 1272 μὲν
551 1188 616 1273 γάρ
632 1192 684 1255 ἐπὶ
701 1187 762 1273 την
780 1187 959 1273 ἀλλοτρίαν
974 1190 1134 1272 στρατεύ-

106 1374 109 1381 .
186 1310 304 1364 σαντες
319 1290 468 1355 ἱκέτευον
484 1286 580 1373 ὑμᾶς,
596 1286 689 1373 ἡμεῖς
707 1288 743 1354 δὲ
762 1288 823 1374 τὴν
841 1287 1004 1374 ἡμετέραν
1023 1286 1136 1355 αὐτῶν

185 1386 445 1470 ἀπολωλεκότες,
460 1386 607 1455 κάκεῖνοι
620 1389 681 1473 μὲν
696 1390 911 1471 παρεκάλουν
924 1390 975 1455 ἐπὶ
990 1386 1052 1471 την
1068 1396 1135 1453 τῶν

184 1496 315 1571 νεκρων
326 1487 510 1572 ἀναίρεσιν,
526 1488 618 1572 ἡμεῖς
630 1484 660 1553 δ’
675 1490 727 1554 ἐπὶ
739 1486 878 1572 τὴντῶν
890 1494 1017 1554 λοιπῶν
1028 1507 1135 1570 σωτη-

127 1609 165 1662 55
184 1593 271 1668 ρίαν.
296 1585 411 1655 ἔστιδ’
431 1585 492 1653 οὐκ
515 1598 589 1654 ίσον
611 1584 716 1652 κακόν
739 1584 810 1652 οὐδ’
836 1584 955 1671 ὅμοιον
976 1582 1056 1663 τούς
1080 1593 1164 1650 τε-ο

183 1692 336 1761 θνεωτας
356 1693 464 1771 ταφῆς
481 1695 652 1769 είργεσθαι
669 1687 723 1752 καὶ
741 1682 821 1763 τούς
836 1690 959 1765 ζῶντας
976 1688 1134 1764 πατρίδος

185 1781 443 1869 ἀποστερεῖσθαι
475 1788 528 1852 καί
553 1793 620 1851 των
647 1783 759 1852 ἀλλων
790 1783 931 1869 ἀγαθῶν
964 1784 1134 1863 ἀπόντων,

186 1884 271 1953 ἀλλὰ
292 1884 329 1953 τό
345 1886 406 1971 μὲν
427 1887 619 1969 δεινότερον
641 1900 708 1962 τοῖς
731 1886 923 1951 κωλύουσιν
938 1879 958 1969 ἡ
974 1896 1041 1959 τοῖς
1055 1880 1135 1947 ἀτυ-

186 1992 293 2069 χοῦσι,
309 1981 346 2049 τό
358 1985 400 2070 ,δὲ
421 1989 584 2069 μηδεμίαν
608 1991 723 2068 ἔχοντα
740 1981 939 2069 καταφυγὴν
955 1981 1029 2049 ἀλλ’
1049 1980 1134 2047 ἀπο-

92 2078 99 2089 *
185 2092 240 2151 λιν
253 2084 439 2169 γενόμενον
453 2081 533 2151 καθ’
554 2084 698 2169 έκάστην
711 2082 772 2168 τὴν
786 2082 911 2168 ἡμέραν
926 2091 1134 2149 κακοπαθεῖν

186 2184 240 2248 καὶ
255 2179 335 2263 τούς
349 2180 456 2248 αὑτοῦ
472 2191 634 2266 περιορᾶν
656 2181 700 2267 μη
721 2182 914 2265 δυνάμενον
926 2184 1093 2262 ἐπαρκεῖν,
1106 2187 1138 2243 τί

188 2287 243 2352 δεῖ
253 2284 362 2365 λέγειν
380 2332 389 2365 ,
409 2280 490 2348 ὅσον
502 2278 560 2357 τάς
571 2280 672 2356 ἀλλας
682 2276 859 2363 συμφοράς
870 2275 1119 2363 ὑπερβέβληκεν
1126 2306 1136 2351 ,·

136 2396 175 2455 56
273 2380 363 2464 (κγ’.)
387 2377 485 2461 Ὑπὲρ
506 2370 555 2445 ὧν
572 2377 721 2454 ἅπαντας
740 2376 826 2461 ὑμᾶς
841 2377 1032 2460 ἱκετεύομεν
1051 2373 1136 2441 ἀπο-

187 2481 306 2544 δοῦναι
324 2476 386 2564 τὴν
403 2479 517 2564 χώραν
534 2477 612 2561 ἡμῖν
623 2481 678 2544 καὶ
689 2477 751 2561 τὴν
762 2478 872 2560 πόλιν,
887 2474 966 2553 τούς
979 2476 1040 2560 μὲν
1053 2500 1133 2557 πρε·
1148 2501 1164 2539 ο

186 2572 1134 2664 σβυτέρονςόπομιμνὴσκοντες,ὡςοίκτρόντοόςτηλικοό-

187 2701 266 2752 τους
291 2674 437 2756 ὁρᾶσθαι
464 2680 711 2758 δυστυχοῦντας
737 2675 881 2739 καὶτῶν
903 2671 984 2740 καθ’
1008 2670 1137 2757 ἡμέραν

188 2770 415 2856 ἀποροῦντας,
445 2772 523 2849 τούς
545 2774 579 2838 δὲ
604 2774 788 2854 νεωτέρους
809 2769 1063 2857 ἀντιβολοῦντες
1083 2774 1137 2839 καὶ

189 2874 342 2957 δεόμενοι
361 2878 529 2958 βοηθῆσαι
543 2885 611 2948 τοῖς
626 2869 815 2955 ἡλικιώταις
835 2872 889 2936 καὶ
913 2868 957 2955 μὴ
974 2875 1137 2949 περιιδεῖν

138 2985 175 3041 57
190 2977 237 3040 ἔτι
250 2978 353 3038 πλείω
367 2967 451 3037 κακά
464 2977 531 3035 ταίν
544 2973 729 3054 εἰρημένων
739 2969 921 3045 παθόντας.
941 2966 1089 3053 ὀφείλετε
1101 2969 1136 3035 δὲ

189 3070 289 3154 μόνοι
304 3076 372 3136 τῶν
384 3066 552 3153 Ἑλλήνων
574 3075 696 3135 τοῦτον
711 3066 771 3134 τόν
790 3074 923 3151 ἔρανον,
940 3066 1137 3145 ἀναστότοις

188 3166 268 3255 ἡμῖν
284 3170 516 3253 γεγενημένοις
528 3170 704 3251 ἐπαμῦναι.
725 3171 779 3234 καὶ
790 3164 855 3251 γάρ
867 3165 946 3244 τούς
958 3164 1137 3253 ἡμετέρους

187 3268 376 3353 προγόνους
385 3271 489 3351 φασὶν
504 3266 709 3335 ἐκλιπόντων
719 3275 786 3333 των
797 3265 966 3351 ὑμετέρων
981 3268 1162 3357 πατέρωνδ

189 3370 226 3433 έν
249 3374 295 3454 τῷ
314 3373 469 3453 Περσικῷ
494 3368 627 3455 πολέμῳ
649 3366 774 3451 ταύτην
795 3364 857 3452 την
877 3365 990 3450 χώραν
1010 3368 1136 3451 μόνους

187 3474 256 3535 τῶν
272 3471 332 3545 ἔξω
348 3467 611 3551 Πελοποννήσου
627 3464 813 3543 κοινωνοὺς
829 3469 967 3542 ἐκείνοις
981 3472 1053 3546 τωνΙ
1063 3492 1132 3532 κιν-

192 3568 306 3634 δύνων
331 3567 533 3651 γενομένους
555 3572 794 3655 συνανασῴσαι
814 3563 876 3651 τὴν
897 3564 997 3630 πόλιν
1013 3561 1133 3639 αὐτοῖς·

189 3664 272 3733 ὥστε
291 3670 426 3742 δικαίως
445 3659 488 3730 ἀν
499 3664 561 3751 την
573 3662 679 3750 αὐτὴν
691 3662 885 3749 εὐεργεσίαν
897 3662 1083 3748 ἀπολάβοιμ
1089 3689 1135 3737 εν,

958 3762 973 3809 ⁷
986 3758 1000 3791 δ
