2859 4334
271 389 315 451 56
560 391 745 450 ΙΣΟΚΡΑ
754 390 810 448 ΤΟ
819 391 881 448 ΤΣ
899 394 943 456 (4)

273 552 504 637 αὐτοχθόνων,
517 548 597 619 ούδὲ
606 548 686 628 τούς
698 541 738 618 εύ
750 549 924 628 παθόντας
934 557 1004 617 τόν
1016 544 1055 617 εύ
1067 571 1233 637 ποιησαν-

273 675 351 729 των,
367 646 447 717 ούδὲ
457 646 872 735 τούςίκὲταςγενομίνονς
882 655 952 715 τῶν
962 645 1230 737 ὑποδεξαμένων.
1248 666 1268 721 d

225 767 260 822 σε
274 748 354 836 (ιζ’.)
366 745 438 816 Ἔτι
451 746 489 814 δὲ
502 746 760 833 συντομώτερον
774 751 837 833 ἔχω
851 751 999 833 δηλῶσαι
1016 750 1092 831 περὶ
1108 745 1231 820 αύτάν.

271 854 341 915 τάν
361 846 424 933 μὲν
442 844 508 933 γάρ
521 843 721 933 Ἐλληνίδων
736 846 870 914 πόλεων
886 849 985 933 χωρίς
999 855 1057 934 τῆς
1073 845 1233 935 ἡμετέρας

264 945 385 1032 Ἀργος
404 946 461 1014 καί
475 953 584 1031 Θῆβαι
604 948 658 1012 καλ
673 949 894 1031 Λακεδαίμων
912 947 967 1014 καὶ
984 943 1054 1014 τότ’
1071 940 1159 1034 ἦσαν
1172 949 1234 1033 μέ-

272 1063 382 1130 γισται
397 1046 452 1112 καλ
466 1051 532 1111 νύν
546 1050 594 1112 ἔτι
609 1048 830 1112 διατελοῦσιν.
855 1050 1035 1131 φαίνονται
1047 1041 1079 1111 δ’
1092 1043 1189 1132 ἡμῶν
1200 1049 1234 1112 οί

272 1142 436 1263 πρόγονοι
446 1148 610 1210 τοσοῦτον
619 1140 781 1210 ἁπάντων
793 1143 1032 1229 διενεγκόντες,
1050 1139 1131 1211 ὥσθ’
1146 1140 1233 1225 ὑπὲρ

273 1236 356 1326 μδν’
352 1248 506 1326 Αργείων
520 1240 802 1328 δυστυχησάντων
815 1238 1025 1328 Θηβαίοις,”
1005 1267 1060 1309 οτε
1075 1245 1234 1329 μέγιστον

224 1359 259 1414 σε
273 1338 484 1425 ἐφρόνησαν,
508 1340 753 1425 ἐπιτάττοντες,
775 1337 860 1424 ὑπὲρ
877 1339 914 1408 δὲ
928 1346 997 1408 τῶν
1016 1346 1148 1408 παίδων
1163 1347 1233 1407 τῶν

265 1432 483 1555 Ηρακλὲους’
479 1444 643 1523 Αργείονς
657 1465 712 1505 και
728 1463 808 1516 τους
816 1435 939 1517 αλλονς
947 1443 1268 1525 Πελοποννησίουςε

272 1535 360 1624 μάχη
375 1537 616 1655 κρατήσαντες,
632 1539 669 1604 ἐκ
685 1537 722 1604 δὲ
735 1535 902 1626 τῶν[πρδς
915 1535 1234 1632 Εύρνσθέα]κινδύ-

272 1657 344 1702 νων
358 1630 439 1711 τούς
458 1659 477 1702 ο
477 1630 605 1713 ίκιστδς
623 1638 679 1703 καὶ
693 1632 773 1714 τούς
792 1631 959 1723 ἡγεμόνας
972 1633 1052 1715 τούς
1065 1640 1233 1702 Λακεδαι-

273 1738 402 1819 μονίων
411 1732 683 1814 διασωσαντες
656 1754 740 1802 ωστε
751 1738 827 1819 περὶ
837 1737 901 1821 μὲν
910 1732 1113 1822 τηςίντοίς
1104 1743 1233 1821 Ελλησι

275 1830 523 1912 δυναστείας
482 1858 546 1901 ουκ
557 1831 657 1901 οιδ
636 1858 728 1913 οπως
738 1861 782 1903 αν
792 1861 841 1914 τις
853 1840 1062 1921 σαφεστερον
1074 1837 1233 1914 ἐπιδείξαι

273 1934 509 2018 δυνηθείη.’

223 2045 258 2101 66
358 2029 443 2119 (ιη’.)
461 1974 570 2100 Δοκεῖ
581 2036 621 2101 δέ
632 2057 690 2120 μοι
705 2037 851 2123 καὶπερὶ
869 2042 937 2103 τόν
951 2034 1035 2121 πρὸς
1050 2032 1130 2113 τούς
1147 2042 1234 2120 βαρ-
1247 2055 1282 2110 53

274 2126 401 2214 βάρους
415 2153 455 2216 τη
441 2129 566 2198 πόλει
578 2135 825 2251 πεπραγμένων
839 2135 1024 2222 προσήκειν
1040 2139 1156 2220 είπείν,
1171 2131 1234 2199 άλ-

273 2236 340 2305 λως
358 2246 377 2292 τ
379 2221 518 2313 ’ἐπειδὴ
542 2226 651 2297 καί
616 2254 678 2297 τον
691 2232 795 2316 λόγον
814 2235 1067 2320 κατεστησάμην
1084 2234 1236 2318 περὶτῆς

273 2322 506 2413 ἡγεμονίας
465 2352 524 2413 της
539 2326 592 2395 ἐπ’
601 2329 807 2410 ἐκείνους.”
784 2358 934 2412 απαντας
944 2326 1062 2419 μὶν
1019 2358 1084 2401 ονν
1096 2335 1235 2417 ἐξαριθ-

269 2432 345 2516 μάν
361 2429 443 2508 τούς
467 2427 648 2506 κινδύνους
670 2423 791 2495 λίαν”
772 2454 815 2495 αν
833 2434 1096 2515 μακρολογοίην
1122 2429 1179 2498 ἐπὶ
1197 2429 1236 2500 δὲ

271 2531 340 2598 τάν
352 2535 521 2618 μεγίστων
533 2525 595 2596 τὸν
613 2525 720 2596 αύτὸν
732 2527 860 2615 τρόπον
874 2525 979 2615 ὅνπερ
992 2527 1098 2622 ὀλίγῳ
1112 2531 1233 2619 πρότε-

221 2638 261 2714 ⁰⁷,
271 2658 333 2716 ρον
351 2630 551 2718 πειράσομαι
567 2631 624 2697 καὶ
643 2628 720 2712 περὶ
737 2628 869 2698 τούτων
886 2635 1044 2699 διελθεῖν.
1081 2633 1149 2702 ἔστι
1167 2630 1234 2720 γάρ

274 2733 480 2822 άρχικάτατα
501 2735 564 2822 μδν
579 2742 649 2803 τῶν
665 2740 776 2820 γενάν
791 2738 847 2803 καλ
867 2738 1022 2820 μεγίστας
1037 2733 1265 2806 δυναστείαςο

275 2840 391 2919 ἔχοντα
408 2833 548 2902 Σκύθαι
565 2835 620 2901 καί
637 2840 768 2921 Θρᾷκες
785 2833 839 2899 καὶ
859 2834 1001 2917 Πέρσαι,
1029 2828 1236 2914 τυγχάνουσι

275 2927 306 2998 δ’
316 2923 410 2998 οὗτοι
421 2934 484 3017 μὲν
495 2930 640 3011 ἅπαντες
650 2930 732 3018 ἡμῖν
744 2931 1054 3016 ἐπιβουλεύσαντες,
1064 2927 1084 3014 ἡ
1093 2927 1129 2994 δὲ
1138 2924 1236 3002 πόλις

275 3028 360 3116 πρὸς
384 3028 534 3110 ἅπαντας
556 3032 698 3110 τούτους
725 3031 1039 3099 διακινδυνεύσασν.
1073 3033 1181 3096 καίτοι
1204 3029 1239 3091 τί

277 3127 397 3200 λοιπόν
417 3137 508 3200 ἔσται
528 3145 598 3210 τοϊς
612 3128 856 3218 άντιλίγονσιν,
876 3126 919 3217 ἦν
935 3133 1150 3215 ἐπιδειχθάσι
1166 3130 1236 3192 τῶν

277 3232 339 3317 μὲν
348 3228 518 3316 Ἑλλήνων
532 3234 568 3298 οί
574 3229 619 3317 μὴ
630 3232 815 3318 δυνάμενοι
825 3228 1004 3318 τυγχάνειν
1015 3235 1084 3296 τῶν
1096 3231 1236 3294 δικαίων

277 3331 363 3419 ἡμᾶς
379 3332 543 3401 ίκετεύειν
559 3331 747 3421 άξιούντες,
770 3340 838 3402 τόν
854 3335 890 3401 δὲ
905 3330 1089 3420 βαρβάρων
1105 3332 1140 3398 οί
1152 3335 1231 3415 βου-

278 3430 414 3515 λόμενοι
439 3433 764 3500 καταδουλώσασθαι
788 3430 866 3510 τούς
883 3429 1046 3516 Ἕλληνας
1071 3424 1125 3513 ἐφ’
1150 3423 1237 3512 ἡμᾶς

278 3530 431 3615 πράτονς
447 3531 573 3611 ίόντες,·
1247 3551 1263 3590 e

229 3643 265 3698 68
364 3629 452 3706 (ιδ’.)
478 3628 754 3715 Ἐπιφανέστατος
775 3634 837 3710 μὲν
862 3621 927 3696 ούν
947 3634 1014 3694 τῶν
1038 3627 1194 3706 πολέμων
1217 3618 1236 3688 δ
