<?xml version="1.0" encoding="UTF-8"?>
<!DOCTYPE html PUBLIC "-//W3C//DTD XHTML 1.0 Transitional//EN"
    "http://www.w3.org/TR/xhtml1/DTD/xhtml1-transitional.dtd">
<html xmlns="http://www.w3.org/1999/xhtml" xml:lang="en" lang="en">
 <head>
  <title>
</title>
<meta http-equiv="Content-Type" content="text/html;charset=utf-8" />
  <meta name='ocr-system' content='tesseract 3.04.00' />
  <meta name='ocr-capabilities' content='ocr_page ocr_carea ocr_par ocr_line ocrx_word'/>
</head>
<body>
  <div class='ocr_page' id='page_1' title='image "./orationes00isgoog_0416.png"; bbox 0 0 2859 4334; ppageno 0'>
   <div class='ocr_carea' id='block_1_1' title="bbox 438 379 1128 443">
    <p class='ocr_par' dir='ltr' id='par_1_1' title="bbox 438 379 1128 443">
     <span class='ocr_line' id='line_1_1' title="bbox 438 379 1128 443; baseline 0.007 -5"><span class='ocrx_word' id='word_1_1' title='bbox 438 379 859 441; x_wconf 82' lang='grc' dir='ltr'><em>ΠΛΝΑΘΗΝΑΙΚΟΣ.</em></span> <span class='ocrx_word' id='word_1_2' title='bbox 1087 382 1128 443; x_wconf 72' lang='grc'><strong><em>43</em></strong></span> 
     </span>
    </p>
   </div>
   <div class='ocr_carea' id='block_1_2' title="bbox 110 531 1197 1811">
    <p class='ocr_par' dir='ltr' id='par_1_2' title="bbox 177 531 1197 823">
     <span class='ocr_line' id='line_1_2' title="bbox 177 531 1129 628; baseline -0.002 -20"><span class='ocrx_word' id='word_1_3' title='bbox 177 546 242 607; x_wconf 77' lang='grc' dir='ltr'><strong><em>τῶν</em></strong></span> <span class='ocrx_word' id='word_1_4' title='bbox 255 540 469 608; x_wconf 76' lang='grc' dir='ltr'><strong><em>οἰκειοτάτων</em></strong></span> <span class='ocrx_word' id='word_1_5' title='bbox 484 541 826 624; x_wconf 74' lang='grc' dir='ltr'><strong><em>έπιβεβονλενμένηνς</em></strong></span> <span class='ocrx_word' id='word_1_6' title='bbox 848 532 910 608; x_wconf 84' lang='grc' dir='ltr'><strong><em>ούκ</em></strong></span> <span class='ocrx_word' id='word_1_7' title='bbox 925 538 1063 628; x_wconf 82' lang='grc' dir='ltr'><strong><em>ἐκβολάς</em></strong></span> <span class='ocrx_word' id='word_1_8' title='bbox 1080 531 1129 607; x_wconf 76' lang='grc' dir='ltr'><strong><em>όν</em></strong></span> 
     </span>
     <span class='ocr_line' id='line_1_3' title="bbox 177 634 1197 723; baseline 0.002 -19"><span class='ocrx_word' id='word_1_9' title='bbox 177 641 374 723; x_wconf 75' lang='grc' dir='ltr'><strong><em>ἐγέννησαν,</em></strong></span> <span class='ocrx_word' id='word_1_10' title='bbox 404 641 458 705; x_wconf 86' lang='grc' dir='ltr'><strong><em>καί</em></strong></span> <span class='ocrx_word' id='word_1_11' title='bbox 482 634 771 720; x_wconf 84' lang='grc' dir='ltr'><strong><em>καταποντισμούς</em></strong></span> <span class='ocrx_word' id='word_1_12' title='bbox 791 638 843 716; x_wconf 83' lang='grc' dir='ltr'><strong><em>καί</em></strong></span> <span class='ocrx_word' id='word_1_13' title='bbox 867 637 1052 723; x_wconf 76' lang='grc' dir='ltr'><strong><em>τυφλώσας</em></strong></span> <span class='ocrx_word' id='word_1_14' title='bbox 1074 640 1128 706; x_wconf 83' lang='grc' dir='ltr'><strong><em>καί</em></strong></span> <span class='ocrx_word' id='word_1_15' title='bbox 1145 651 1197 706; x_wconf 70' lang='lat'><strong><em>250</em></strong></span> 
     </span>
     <span class='ocr_line' id='line_1_4' title="bbox 178 733 1127 823; baseline -0.001 -19"><span class='ocrx_word' id='word_1_16' title='bbox 178 738 338 815; x_wconf 77' lang='grc' dir='ltr'><strong><em>τοσαύτας</em></strong></span> <span class='ocrx_word' id='word_1_17' title='bbox 351 733 388 803; x_wconf 85' lang='grc' dir='ltr'><strong><em>τό</em></strong></span> <span class='ocrx_word' id='word_1_18' title='bbox 404 744 533 823; x_wconf 82' lang='grc' dir='ltr'><strong><em>πλῆθος</em></strong></span> <span class='ocrx_word' id='word_1_19' title='bbox 547 741 742 812; x_wconf 80' lang='grc' dir='ltr'><strong><em>κακοποιίας</em></strong></span> <span class='ocrx_word' id='word_1_20' title='bbox 758 733 840 803; x_wconf 75' lang='grc' dir='ltr'><strong><em>ὥστε</em></strong></span> <span class='ocrx_word' id='word_1_21' title='bbox 855 740 980 822; x_wconf 86' lang='grc' dir='ltr'><strong><em>μηδένα</em></strong></span> <span class='ocrx_word' id='word_1_22' title='bbox 995 736 1127 805; x_wconf 71' lang='grc' dir='ltr'><strong><em>πώποτ’</em></strong></span> 
     </span>
    </p>

    <p class='ocr_par' dir='ltr' id='par_1_3' title="bbox 151 828 1137 1119">
     <span class='ocr_line' id='line_1_5' title="bbox 151 828 1129 923; baseline 0 -19"><span class='ocrx_word' id='word_1_23' title='bbox 151 828 161 842; x_wconf 46' lang='grc'><strong>“</strong></span> <span class='ocrx_word' id='word_1_24' title='bbox 177 835 342 920; x_wconf 79' lang='grc' dir='ltr'><strong><em>ἀπορῆσαι</em></strong></span> <span class='ocrx_word' id='word_1_25' title='bbox 355 843 423 903; x_wconf 84' lang='grc' dir='ltr'><strong><em>των</em></strong></span> <span class='ocrx_word' id='word_1_26' title='bbox 438 836 641 920; x_wconf 82' lang='grc' dir='ltr'><strong><em>εἰθισμένων</em></strong></span> <span class='ocrx_word' id='word_1_27' title='bbox 655 832 736 923; x_wconf 69' lang='grc' dir='ltr'><strong><em>καθ’</em></strong></span> <span class='ocrx_word' id='word_1_28' title='bbox 750 838 890 903; x_wconf 77' lang='grc' dir='ltr'><strong><em>ἕκαστον</em></strong></span> <span class='ocrx_word' id='word_1_29' title='bbox 901 834 961 905; x_wconf 86' lang='grc' dir='ltr'><strong><em>τόν</em></strong></span> <span class='ocrx_word' id='word_1_30' title='bbox 973 835 1129 907; x_wconf 83' lang='grc' dir='ltr'><strong><em>ἐνιαυτόν</em></strong></span> 
     </span>
     <span class='ocr_line' id='line_1_6' title="bbox 176 932 1137 1021; baseline 0.001 -19"><span class='ocrx_word' id='word_1_31' title='bbox 176 939 344 1020; x_wconf 79' lang='grc' dir='ltr'><strong><em>εἰσφέρειν</em></strong></span> <span class='ocrx_word' id='word_1_32' title='bbox 362 941 407 1013; x_wconf 92' lang='grc' dir='ltr'><strong><em>εἰς</em></strong></span> <span class='ocrx_word' id='word_1_33' title='bbox 423 932 460 1001; x_wconf 88' lang='grc' dir='ltr'><strong><em>τό</em></strong></span> <span class='ocrx_word' id='word_1_34' title='bbox 477 938 624 1016; x_wconf 75' lang='grc' dir='ltr'><strong><em>θέατρον</em></strong></span> <span class='ocrx_word' id='word_1_35' title='bbox 642 932 699 1010; x_wconf 83' lang='grc' dir='ltr'><strong><em>τάς</em></strong></span> <span class='ocrx_word' id='word_1_36' title='bbox 715 934 789 1000; x_wconf 89' lang='grc' dir='ltr'><strong><em>τότε</em></strong></span> <span class='ocrx_word' id='word_1_37' title='bbox 806 937 1028 1020; x_wconf 78' lang='grc' dir='ltr'><strong><em>γεγενημένας</em></strong></span> <span class='ocrx_word' id='word_1_38' title='bbox 1043 956 1137 1021; x_wconf 40' lang='grc' dir='ltr'><strong><em>σύμ-ι</em></strong></span> 
     </span>
     <span class='ocr_line' id='line_1_7' title="bbox 175 1033 301 1119; baseline -0.04 0"><span class='ocrx_word' id='word_1_39' title='bbox 175 1033 301 1119; x_wconf 69' lang='grc' dir='ltr'><strong><em>φονέει</em></strong></span> 
     </span>
    </p>

    <p class='ocr_par' dir='ltr' id='par_1_4' title="bbox 110 1128 1156 1811">
     <span class='ocr_line' id='line_1_8' title="bbox 110 1128 1124 1219; baseline 0.005 -23"><span class='ocrx_word' id='word_1_40' title='bbox 110 1156 162 1212; x_wconf 70' lang='lat'><strong><em>123</em></strong></span> <span class='ocrx_word' id='word_1_41' title='bbox 258 1130 348 1216; x_wconf 70' lang='grc' dir='ltr'><strong><em>(μζ.)</em></strong></span> <span class='ocrx_word' id='word_1_42' title='bbox 367 1138 478 1198; x_wconf 78' lang='grc' dir='ltr'><strong><em>Ταῦτα</em></strong></span> <span class='ocrx_word' id='word_1_43' title='bbox 485 1135 521 1198; x_wconf 79' lang='grc' dir='ltr'><strong><em>δὲ</em></strong></span> <span class='ocrx_word' id='word_1_44' title='bbox 535 1137 688 1217; x_wconf 84' lang='grc' dir='ltr'><strong><em>διῆλθον,</em></strong></span> <span class='ocrx_word' id='word_1_45' title='bbox 702 1128 764 1198; x_wconf 90' lang='grc' dir='ltr'><strong><em>ούκ</em></strong></span> <span class='ocrx_word' id='word_1_46' title='bbox 776 1134 924 1209; x_wconf 82' lang='grc' dir='ltr'><strong><em>ἐκείνους</em></strong></span> <span class='ocrx_word' id='word_1_47' title='bbox 934 1137 1124 1219; x_wconf 77' lang='grc' dir='ltr'><strong><em>λοιδορῆσαι</em></strong></span> 
     </span>
     <span class='ocr_line' id='line_1_9' title="bbox 173 1227 1127 1317; baseline 0.002 -21"><span class='ocrx_word' id='word_1_48' title='bbox 173 1227 378 1316; x_wconf 82' lang='grc' dir='ltr'><strong><em>βουλόμενος</em></strong></span> <span class='ocrx_word' id='word_1_49' title='bbox 406 1227 479 1297; x_wconf 78' lang='grc' dir='ltr'><strong><em>ἀλλ’</em></strong></span> <span class='ocrx_word' id='word_1_50' title='bbox 502 1233 660 1311; x_wconf 77' lang='grc' dir='ltr'><strong><em>ἐπιδεῖξαι</em></strong></span> <span class='ocrx_word' id='word_1_51' title='bbox 685 1227 773 1316; x_wconf 79' lang='grc' dir='ltr'><strong><em>παρὰ</em></strong></span> <span class='ocrx_word' id='word_1_52' title='bbox 800 1245 867 1309; x_wconf 76' lang='grc' dir='ltr'><strong><em>τοίς</em></strong></span> <span class='ocrx_word' id='word_1_53' title='bbox 891 1229 1062 1317; x_wconf 77' lang='grc' dir='ltr'><strong><em>ἡμετέροις</em></strong></span> <span class='ocrx_word' id='word_1_54' title='bbox 1084 1230 1127 1299; x_wconf 86' lang='grc' dir='ltr'><strong><em>ού</em></strong></span> 
     </span>
     <span class='ocr_line' id='line_1_10' title="bbox 173 1325 1126 1416; baseline 0.003 -23"><span class='ocrx_word' id='word_1_55' title='bbox 173 1325 281 1413; x_wconf 92' lang='grc' dir='ltr'><strong><em>μόνον</em></strong></span> <span class='ocrx_word' id='word_1_56' title='bbox 302 1325 403 1394; x_wconf 82' lang='grc' dir='ltr'><strong><em>οὐδὲν</em></strong></span> <span class='ocrx_word' id='word_1_57' title='bbox 422 1333 578 1395; x_wconf 85' lang='grc' dir='ltr'><strong><em>τοιοῦτον</em></strong></span> <span class='ocrx_word' id='word_1_58' title='bbox 598 1332 837 1414; x_wconf 81' lang='grc' dir='ltr'><strong><em>γεγενημένον·</em></strong></span> <span class='ocrx_word' id='word_1_59' title='bbox 860 1335 958 1397; x_wconf 83' lang='grc' dir='ltr'><strong><em>τοῦτο</em></strong></span> <span class='ocrx_word' id='word_1_60' title='bbox 979 1327 1126 1416; x_wconf 75' lang='grc' dir='ltr'><strong><em>μὲνγὰρ</em></strong></span> 
     </span>
     <span class='ocr_line' id='line_1_11' title="bbox 173 1419 1126 1513; baseline 0.002 -22"><span class='ocrx_word' id='word_1_61' title='bbox 173 1423 216 1491; x_wconf 82' lang='grc' dir='ltr'><strong><em>άν</em></strong></span> <span class='ocrx_word' id='word_1_62' title='bbox 236 1440 374 1511; x_wconf 73' lang='grc' dir='ltr'><strong><em>σημεῖον</em></strong></span> <span class='ocrx_word' id='word_1_63' title='bbox 393 1419 437 1512; x_wconf 85' lang='grc' dir='ltr'><strong><em>ῆν</em></strong></span> <span class='ocrx_word' id='word_1_64' title='bbox 457 1424 520 1493; x_wconf 91' lang='grc' dir='ltr'><strong><em>ούκ</em></strong></span> <span class='ocrx_word' id='word_1_65' title='bbox 541 1424 674 1513; x_wconf 81' lang='grc' dir='ltr'><strong><em>ἀρετῆς,</em></strong></span> <span class='ocrx_word' id='word_1_66' title='bbox 703 1423 777 1494; x_wconf 81' lang='grc' dir='ltr'><strong><em>ἄλλ’</em></strong></span> <span class='ocrx_word' id='word_1_67' title='bbox 794 1425 838 1505; x_wconf 81' lang='grc' dir='ltr'><strong><em>ὡς</em></strong></span> <span class='ocrx_word' id='word_1_68' title='bbox 858 1423 918 1513; x_wconf 87' lang='grc' dir='ltr'><strong><em>ούχ</em></strong></span> <span class='ocrx_word' id='word_1_69' title='bbox 938 1425 1048 1513; x_wconf 83' lang='grc' dir='ltr'><strong><em>ὅμοιοι</em></strong></span> <span class='ocrx_word' id='word_1_70' title='bbox 1069 1426 1126 1505; x_wconf 80' lang='grc' dir='ltr'><strong><em>τάς</em></strong></span> 
     </span>
     <span class='ocr_line' id='line_1_12' title="bbox 173 1517 1125 1611; baseline 0.001 -19"><span class='ocrx_word' id='word_1_71' title='bbox 173 1525 291 1610; x_wconf 86' lang='grc' dir='ltr'><strong><em>φύσεις</em></strong></span> <span class='ocrx_word' id='word_1_72' title='bbox 311 1517 398 1610; x_wconf 83' lang='grc' dir='ltr'><strong><em>ἦσαν</em></strong></span> <span class='ocrx_word' id='word_1_73' title='bbox 418 1539 486 1603; x_wconf 77' lang='grc' dir='ltr'><strong><em>τοῖς</em></strong></span> <span class='ocrx_word' id='word_1_74' title='bbox 503 1522 740 1603; x_wconf 78' lang='grc' dir='ltr'><strong><em>ἀνοσιωτάτοις</em></strong></span> <span class='ocrx_word' id='word_1_75' title='bbox 757 1528 1004 1611; x_wconf 86' lang='grc' dir='ltr'><strong><em>γεγενημένοις·</em></strong></span> <span class='ocrx_word' id='word_1_76' title='bbox 1026 1530 1078 1595; x_wconf 77' lang='grc' dir='ltr'><strong><em>δεῖ</em></strong></span> <span class='ocrx_word' id='word_1_77' title='bbox 1090 1529 1125 1593; x_wconf 74' lang='grc' dir='ltr'><strong><em>δὲ</em></strong></span> 
     </span>
     <span class='ocr_line' id='line_1_13' title="bbox 172 1620 1156 1711; baseline 0.004 -21"><span class='ocrx_word' id='word_1_78' title='bbox 172 1622 250 1702; x_wconf 84' lang='grc' dir='ltr'><strong><em>τούς</em></strong></span> <span class='ocrx_word' id='word_1_79' title='bbox 273 1629 521 1709; x_wconf 78' lang='grc' dir='ltr'><strong><em>ἐπιχειροῦντας</em></strong></span> <span class='ocrx_word' id='word_1_80' title='bbox 543 1620 623 1692; x_wconf 78' lang='grc' dir='ltr'><strong><em>καθ’</em></strong></span> <span class='ocrx_word' id='word_1_81' title='bbox 648 1621 839 1711; x_wconf 81' lang='grc' dir='ltr'><strong><em>ὑπερβολήν</em></strong></span> <span class='ocrx_word' id='word_1_82' title='bbox 864 1651 957 1703; x_wconf 86' lang='grc' dir='ltr'><strong><em>τινας</em></strong></span> <span class='ocrx_word' id='word_1_83' title='bbox 980 1629 1156 1694; x_wconf 79' lang='grc' dir='ltr'><strong><em>ἰπαινεῑνο</em></strong></span> 
     </span>
     <span class='ocr_line' id='line_1_14' title="bbox 170 1721 1125 1811; baseline 0.004 -23"><span class='ocrx_word' id='word_1_84' title='bbox 170 1721 214 1809; x_wconf 88' lang='grc' dir='ltr'><strong><em>μῆ</em></strong></span> <span class='ocrx_word' id='word_1_85' title='bbox 228 1728 326 1789; x_wconf 87' lang='grc' dir='ltr'><strong><em>τοῦτο</em></strong></span> <span class='ocrx_word' id='word_1_86' title='bbox 338 1723 445 1808; x_wconf 91' lang='grc' dir='ltr'><strong><em>μόνον</em></strong></span> <span class='ocrx_word' id='word_1_87' title='bbox 455 1722 754 1808; x_wconf 78' lang='grc' dir='ltr'><strong><em>ἐπιδεικνύναι,</em></strong></span> <span class='ocrx_word' id='word_1_88' title='bbox 713 1750 757 1809; x_wconf 93' lang='grc' dir='ltr'><strong><em>μη</em></strong></span> <span class='ocrx_word' id='word_1_89' title='bbox 769 1723 940 1811; x_wconf 85' lang='grc' dir='ltr'><strong><em>πονηρούς</em></strong></span> <span class='ocrx_word' id='word_1_90' title='bbox 952 1724 1051 1805; x_wconf 82' lang='grc' dir='ltr'><strong><em>ὄντας</em></strong></span> <span class='ocrx_word' id='word_1_91' title='bbox 1063 1721 1125 1792; x_wconf 89' lang='grc' dir='ltr'><strong><em>αύ-</em></strong></span> 
     </span>
    </p>
   </div>
   <div class='ocr_carea' id='block_1_3' title="bbox 91 1918 1152 3689">
    <p class='ocr_par' dir='ltr' id='par_1_5' title="bbox 91 1918 1152 3689">
     <span class='ocr_line' id='line_1_15' title="bbox 170 1918 1126 2008; baseline 0.002 -20"><span class='ocrx_word' id='word_1_92' title='bbox 170 1928 237 1988; x_wconf 79' lang='grc' dir='ltr'><strong><em>τωυ</em></strong></span> <span class='ocrx_word' id='word_1_93' title='bbox 258 1927 324 1986; x_wconf 89' lang='grc' dir='ltr'><strong><em>νῦν</em></strong></span> <span class='ocrx_word' id='word_1_94' title='bbox 343 1921 578 2007; x_wconf 81' lang='grc' dir='ltr'><strong><em>διήνεγκαν.</em></strong></span> <span class='ocrx_word' id='word_1_95' title='bbox 563 1920 647 2003; x_wconf 88' lang='grc' dir='ltr'><strong><em>άπερ</em></strong></span> <span class='ocrx_word' id='word_1_96' title='bbox 670 1929 736 2007; x_wconf 79' lang='grc' dir='ltr'><strong><em>ἔχοι</em></strong></span> <span class='ocrx_word' id='word_1_97' title='bbox 759 1949 808 2000; x_wconf 90' lang='grc' dir='ltr'><strong><em>τις</em></strong></span> <span class='ocrx_word' id='word_1_98' title='bbox 829 1918 873 1989; x_wconf 79' lang='grc' dir='ltr'><strong><em>όν</em></strong></span> <span class='ocrx_word' id='word_1_99' title='bbox 895 1925 946 1990; x_wconf 79' lang='grc' dir='ltr'><strong><em>καὶ</em></strong></span> <span class='ocrx_word' id='word_1_100' title='bbox 966 1925 1040 2008; x_wconf 85' lang='grc' dir='ltr'><strong><em>περι</em></strong></span> <span class='ocrx_word' id='word_1_101' title='bbox 1058 1930 1126 1990; x_wconf 80' lang='grc' dir='ltr'><strong><em>τῶν</em></strong></span> 
     </span>
     <span class='ocr_line' id='line_1_16' title="bbox 102 2020 1125 2107; baseline 0 -20"><span class='ocrx_word' id='word_1_102' title='bbox 102 2051 150 2105; x_wconf 75' lang='lat'><strong><em>1²4</em></strong></span> <span class='ocrx_word' id='word_1_103' title='bbox 168 2020 349 2106; x_wconf 89' lang='grc' dir='ltr'><strong><em>προγόνων</em></strong></span> <span class='ocrx_word' id='word_1_104' title='bbox 376 2028 447 2087; x_wconf 79' lang='grc' dir='ltr'><strong><em>τῶν·</em></strong></span> <span class='ocrx_word' id='word_1_105' title='bbox 472 2020 641 2107; x_wconf 81' lang='grc' dir='ltr'><strong><em>ἡμετέρων</em></strong></span> <span class='ocrx_word' id='word_1_106' title='bbox 671 2029 783 2088; x_wconf 78' lang='grc' dir='ltr'><strong><em>εἰπεῖν.</em></strong></span> <span class='ocrx_word' id='word_1_107' title='bbox 821 2022 913 2106; x_wconf 82' lang='grc' dir='ltr'><strong><em>(μη.)</em></strong></span> <span class='ocrx_word' id='word_1_108' title='bbox 943 2020 1040 2089; x_wconf 78' lang='grc' dir='ltr'><strong><em>Οὕτω</em></strong></span> <span class='ocrx_word' id='word_1_109' title='bbox 1061 2020 1125 2107; x_wconf 86' lang='grc' dir='ltr'><strong><em>γάρ</em></strong></span> 
     </span>
     <span class='ocr_line' id='line_1_17' title="bbox 163 2116 1123 2206; baseline -0.002 -18"><span class='ocrx_word' id='word_1_110' title='bbox 163 2120 268 2199; x_wconf 78' lang='grc' dir='ltr'><strong><em>ὁσίως</em></strong></span> <span class='ocrx_word' id='word_1_111' title='bbox 288 2124 341 2187; x_wconf 80' lang='grc' dir='ltr'><strong><em>καὶ</em></strong></span> <span class='ocrx_word' id='word_1_112' title='bbox 363 2128 471 2197; x_wconf 76' lang='grc' dir='ltr'><strong><em>καλῶς</em></strong></span> <span class='ocrx_word' id='word_1_113' title='bbox 488 2118 598 2205; x_wconf 75' lang='grc' dir='ltr'><strong><em>καὶτὰ</em></strong></span> <span class='ocrx_word' id='word_1_114' title='bbox 616 2122 691 2204; x_wconf 79' lang='grc' dir='ltr'><strong><em>περὶ</em></strong></span> <span class='ocrx_word' id='word_1_115' title='bbox 712 2116 774 2206; x_wconf 85' lang='grc' dir='ltr'><strong><em>τῆν</em></strong></span> <span class='ocrx_word' id='word_1_116' title='bbox 795 2120 896 2187; x_wconf 87' lang='grc' dir='ltr'><strong><em>πόλιν</em></strong></span> <span class='ocrx_word' id='word_1_117' title='bbox 918 2123 971 2186; x_wconf 86' lang='grc' dir='ltr'><strong><em>καί</em></strong></span> <span class='ocrx_word' id='word_1_118' title='bbox 990 2118 1028 2185; x_wconf 85' lang='grc' dir='ltr'><strong><em>τά</em></strong></span> <span class='ocrx_word' id='word_1_119' title='bbox 1051 2123 1123 2203; x_wconf 75' lang='grc' dir='ltr'><strong><em>περὶ</em></strong></span> 
     </span>
     <span class='ocr_line' id='line_1_18' title="bbox 169 2211 1123 2310; baseline 0 -25"><span class='ocrx_word' id='word_1_120' title='bbox 169 2229 258 2304; x_wconf 79' lang='grc' dir='ltr'><strong><em>σφᾶς</em></strong></span> <span class='ocrx_word' id='word_1_121' title='bbox 273 2217 396 2297; x_wconf 83' lang='grc' dir='ltr'><strong><em>αύτούς</em></strong></span> <span class='ocrx_word' id='word_1_122' title='bbox 410 2222 590 2310; x_wconf 70' lang='grc' dir='ltr'><strong><em>διῴκησαν,</em></strong></span> <span class='ocrx_word' id='word_1_123' title='bbox 607 2217 718 2303; x_wconf 75' lang='grc' dir='ltr'><strong><em>ὥσπερ</em></strong></span> <span class='ocrx_word' id='word_1_124' title='bbox 730 2225 903 2303; x_wconf 83' lang='grc' dir='ltr'><strong><em>προσῆκον</em></strong></span> <span class='ocrx_word' id='word_1_125' title='bbox 914 2211 958 2303; x_wconf 83' lang='grc' dir='ltr'><strong><em>ῆν</em></strong></span> <span class='ocrx_word' id='word_1_126' title='bbox 968 2216 1046 2298; x_wconf 83' lang='grc' dir='ltr'><strong><em>τούς</em></strong></span> <span class='ocrx_word' id='word_1_127' title='bbox 1058 2218 1123 2295; x_wconf 83' lang='grc' dir='ltr'><strong><em>άπὸ</em></strong></span> 
     </span>
     <span class='ocr_line' id='line_1_19' title="bbox 171 2318 1121 2405; baseline -0.001 -20"><span class='ocrx_word' id='word_1_128' title='bbox 171 2326 262 2386; x_wconf 78' lang='grc' dir='ltr'><strong><em>θεων</em></strong></span> <span class='ocrx_word' id='word_1_129' title='bbox 273 2320 335 2405; x_wconf 73' lang='grc' dir='ltr'><strong><em>μὲν</em></strong></span> <span class='ocrx_word' id='word_1_130' title='bbox 347 2319 541 2405; x_wconf 81' lang='grc' dir='ltr'><strong><em>γεγονότας,</em></strong></span> <span class='ocrx_word' id='word_1_131' title='bbox 564 2318 718 2403; x_wconf 78' lang='grc' dir='ltr'><strong><em>πρώτους</em></strong></span> <span class='ocrx_word' id='word_1_132' title='bbox 735 2319 771 2385; x_wconf 73' lang='grc' dir='ltr'><strong><em>δὲ</em></strong></span> <span class='ocrx_word' id='word_1_133' title='bbox 788 2320 841 2385; x_wconf 82' lang='grc' dir='ltr'><strong><em>καὶ</em></strong></span> <span class='ocrx_word' id='word_1_134' title='bbox 853 2319 952 2386; x_wconf 86' lang='grc' dir='ltr'><strong><em>πόλιν</em></strong></span> <span class='ocrx_word' id='word_1_135' title='bbox 964 2321 1121 2405; x_wconf 39' lang='grc' dir='ltr'><strong><em>οἰκῆσαι,</em></strong></span> 
     </span>
     <span class='ocr_line' id='line_1_20' title="bbox 168 2416 1120 2503; baseline 0.001 -20"><span class='ocrx_word' id='word_1_136' title='bbox 168 2444 225 2496; x_wconf 88' lang='grc' dir='ltr'><strong><em>τας</em></strong></span> <span class='ocrx_word' id='word_1_137' title='bbox 246 2419 300 2484; x_wconf 84' lang='grc' dir='ltr'><strong><em>καί</em></strong></span> <span class='ocrx_word' id='word_1_138' title='bbox 322 2418 438 2501; x_wconf 90' lang='grc' dir='ltr'><strong><em>νόμοις</em></strong></span> <span class='ocrx_word' id='word_1_139' title='bbox 452 2421 697 2503; x_wconf 85' lang='grc' dir='ltr'><strong><em>χρησαμένους,</em></strong></span> <span class='ocrx_word' id='word_1_140' title='bbox 719 2416 848 2485; x_wconf 76' lang='grc' dir='ltr'><strong><em>ἅπαντα</em></strong></span> <span class='ocrx_word' id='word_1_141' title='bbox 867 2419 902 2485; x_wconf 79' lang='grc' dir='ltr'><strong><em>δὲ</em></strong></span> <span class='ocrx_word' id='word_1_142' title='bbox 920 2416 980 2484; x_wconf 84' lang='grc' dir='ltr'><strong><em>τόν</em></strong></span> <span class='ocrx_word' id='word_1_143' title='bbox 996 2419 1120 2503; x_wconf 90' lang='grc' dir='ltr'><strong><em>χρόνον</em></strong></span> 
     </span>
     <span class='ocr_line' id='line_1_21' title="bbox 166 2510 1152 2601; baseline 0.005 -21"><span class='ocrx_word' id='word_1_144' title='bbox 166 2513 351 2601; x_wconf 74' lang='grc' dir='ltr'><strong><em>ἠσκηκότας</em></strong></span> <span class='ocrx_word' id='word_1_145' title='bbox 367 2510 538 2600; x_wconf 80' lang='grc' dir='ltr'><strong><em>εὐσέβειαν</em></strong></span> <span class='ocrx_word' id='word_1_146' title='bbox 553 2517 615 2601; x_wconf 80' lang='grc' dir='ltr'><strong><em>μὲν</em></strong></span> <span class='ocrx_word' id='word_1_147' title='bbox 629 2518 704 2598; x_wconf 80' lang='grc' dir='ltr'><strong><em>περὶ</em></strong></span> <span class='ocrx_word' id='word_1_148' title='bbox 719 2512 798 2595; x_wconf 86' lang='grc' dir='ltr'><strong><em>τούς</em></strong></span> <span class='ocrx_word' id='word_1_149' title='bbox 812 2513 932 2600; x_wconf 75' lang='grc' dir='ltr'><strong><em>θεούς,</em></strong></span> <span class='ocrx_word' id='word_1_150' title='bbox 949 2518 1122 2584; x_wconf 86' lang='grc' dir='ltr'><strong><em>δικαιοσύ-</em></strong></span> <span class='ocrx_word' id='word_1_151' title='bbox 1138 2549 1152 2585; x_wconf 82' lang='lat' dir='ltr'><strong>c</strong></span> 
     </span>
     <span class='ocr_line' id='line_1_22' title="bbox 166 2610 1125 2734; baseline 0.002 -55"><span class='ocrx_word' id='word_1_152' title='bbox 166 2639 244 2733; x_wconf 79' lang='grc' dir='ltr'><strong><em>νην</em></strong></span> <span class='ocrx_word' id='word_1_153' title='bbox 250 2615 285 2679; x_wconf 81' lang='grc' dir='ltr'><strong><em>δὲ</em></strong></span> <span class='ocrx_word' id='word_1_154' title='bbox 299 2615 373 2696; x_wconf 82' lang='grc' dir='ltr'><strong><em>περὶ</em></strong></span> <span class='ocrx_word' id='word_1_155' title='bbox 388 2610 467 2691; x_wconf 87' lang='grc' dir='ltr'><strong><em>τούς</em></strong></span> <span class='ocrx_word' id='word_1_156' title='bbox 483 2612 704 2734; x_wconf 62' lang='grc' dir='ltr'><strong><em>άνθροόπονς,</em></strong></span> <span class='ocrx_word' id='word_1_157' title='bbox 723 2612 821 2691; x_wconf 80' lang='grc' dir='ltr'><strong><em>ὄντας</em></strong></span> <span class='ocrx_word' id='word_1_158' title='bbox 838 2616 872 2681; x_wconf 80' lang='grc' dir='ltr'><strong><em>δὲ</em></strong></span> <span class='ocrx_word' id='word_1_159' title='bbox 887 2616 968 2700; x_wconf 83' lang='grc' dir='ltr'><strong><em>μήτε</em></strong></span> <span class='ocrx_word' id='word_1_160' title='bbox 982 2616 1125 2700; x_wconf 78' lang='grc' dir='ltr'><strong><em>μιγάδας</em></strong></span> 
     </span>
     <span class='ocr_line' id='line_1_23' title="bbox 164 2708 1122 2799; baseline 0.004 -22"><span class='ocrx_word' id='word_1_161' title='bbox 164 2713 231 2797; x_wconf 87' lang='grc' dir='ltr'><strong><em>μῆτ</em></strong></span> <span class='ocrx_word' id='word_1_162' title='bbox 235 2708 426 2798; x_wconf 86' lang='grc' dir='ltr'><strong><em>’ἰπῆλυδας</em></strong></span> <span class='ocrx_word' id='word_1_163' title='bbox 446 2710 528 2782; x_wconf 79' lang='grc' dir='ltr'><strong><em>ἀλλὰ</em></strong></span> <span class='ocrx_word' id='word_1_164' title='bbox 550 2715 676 2799; x_wconf 86' lang='grc' dir='ltr'><strong><em>μόνους</em></strong></span> <span class='ocrx_word' id='word_1_165' title='bbox 697 2712 906 2799; x_wconf 76' lang='grc' dir='ltr'><strong><em>αὐτόχθονας</em></strong></span> <span class='ocrx_word' id='word_1_166' title='bbox 920 2740 984 2781; x_wconf 83' lang='grc' dir='ltr'><strong><em>των</em></strong></span> <span class='ocrx_word' id='word_1_167' title='bbox 1005 2712 1122 2799; x_wconf 71' lang='grc' dir='ltr'><strong><em>Ἐλλή-</em></strong></span> 
     </span>
     <span class='ocr_line' id='line_1_24' title="bbox 98 2807 1123 2935; baseline 0.001 -57"><span class='ocrx_word' id='word_1_168' title='bbox 98 2839 146 2891; x_wconf 72' lang='lat'><strong><em>125</em></strong></span> <span class='ocrx_word' id='word_1_169' title='bbox 165 2837 250 2893; x_wconf 89' lang='grc' dir='ltr'><strong><em>νων,</em></strong></span> <span class='ocrx_word' id='word_1_170' title='bbox 267 2812 321 2878; x_wconf 85' lang='grc' dir='ltr'><strong><em>καὶ</em></strong></span> <span class='ocrx_word' id='word_1_171' title='bbox 332 2811 457 2896; x_wconf 91' lang='grc' dir='ltr'><strong><em>ταύτην</em></strong></span> <span class='ocrx_word' id='word_1_172' title='bbox 468 2810 651 2935; x_wconf 81' lang='grc' dir='ltr'><strong><em>ἔχοντας</em></strong></span> <span class='ocrx_word' id='word_1_173' title='bbox 616 2840 677 2898; x_wconf 89' lang='grc' dir='ltr'><strong><em>την</em></strong></span> <span class='ocrx_word' id='word_1_174' title='bbox 692 2813 805 2931; x_wconf 79' lang='grc' dir='ltr'><strong><em>χάραν</em></strong></span> <span class='ocrx_word' id='word_1_175' title='bbox 819 2812 957 2899; x_wconf 84' lang='grc' dir='ltr'><strong><em>τροφόν,</em></strong></span> <span class='ocrx_word' id='word_1_176' title='bbox 973 2807 1039 2895; x_wconf 81' lang='grc' dir='ltr'><strong><em>ἐξ</em></strong></span> <span class='ocrx_word' id='word_1_177' title='bbox 1017 2835 1123 2900; x_wconf 84' lang='grc' dir='ltr'><strong><em>ηοπερ</em></strong></span> 
     </span>
     <span class='ocr_line' id='line_1_25' title="bbox 166 2906 1126 3035; baseline -0.002 -58"><span class='ocrx_word' id='word_1_178' title='bbox 166 2916 315 2995; x_wconf 72' lang='grc' dir='ltr'><strong><em>ἔφυσαν,</em></strong></span> <span class='ocrx_word' id='word_1_179' title='bbox 345 2915 405 2981; x_wconf 86' lang='grc' dir='ltr'><strong><em>καί</em></strong></span> <span class='ocrx_word' id='word_1_180' title='bbox 446 2911 645 3035; x_wconf 83' lang='grc' dir='ltr'><strong><em>στέργοντας</em></strong></span> <span class='ocrx_word' id='word_1_181' title='bbox 671 2906 779 2995; x_wconf 88' lang='grc' dir='ltr'><strong><em>αύτῆν</em></strong></span> <span class='ocrx_word' id='word_1_182' title='bbox 806 2906 927 3035; x_wconf 79' lang='grc' dir='ltr'><strong><em>ὁμοιως</em></strong></span> <span class='ocrx_word' id='word_1_183' title='bbox 956 2908 1066 2997; x_wconf 77' lang='grc' dir='ltr'><strong><em>ὥσπερ</em></strong></span> <span class='ocrx_word' id='word_1_184' title='bbox 1093 2918 1126 2981; x_wconf 82' lang='grc' dir='ltr'><strong><em>οἰ</em></strong></span> 
     </span>
     <span class='ocr_line' id='line_1_26' title="bbox 164 3003 1122 3097; baseline 0.003 -21"><span class='ocrx_word' id='word_1_185' title='bbox 164 3013 330 3095; x_wconf 82' lang='grc' dir='ltr'><strong><em>βέλτιστοι</em></strong></span> <span class='ocrx_word' id='word_1_186' title='bbox 346 3006 426 3087; x_wconf 82' lang='grc' dir='ltr'><strong><em>τούς</em></strong></span> <span class='ocrx_word' id='word_1_187' title='bbox 446 3014 588 3091; x_wconf 72' lang='grc' dir='ltr'><strong><em>πατέρας</em></strong></span> <span class='ocrx_word' id='word_1_188' title='bbox 604 3013 658 3077; x_wconf 84' lang='grc' dir='ltr'><strong><em>καὶ</em></strong></span> <span class='ocrx_word' id='word_1_189' title='bbox 679 3003 737 3088; x_wconf 85' lang='grc' dir='ltr'><strong><em>τάς</em></strong></span> <span class='ocrx_word' id='word_1_190' title='bbox 758 3012 900 3097; x_wconf 87' lang='grc' dir='ltr'><strong><em>μητέρας</em></strong></span> <span class='ocrx_word' id='word_1_191' title='bbox 921 3013 978 3090; x_wconf 84' lang='grc' dir='ltr'><strong><em>τάς</em></strong></span> <span class='ocrx_word' id='word_1_192' title='bbox 999 3014 1122 3097; x_wconf 78' lang='grc' dir='ltr'><strong><em>αὐτῶν,</em></strong></span> 
     </span>
     <span class='ocr_line' id='line_1_27' title="bbox 165 3104 1128 3196; baseline 0.006 -24"><span class='ocrx_word' id='word_1_193' title='bbox 165 3104 253 3188; x_wconf 85' lang='grc' dir='ltr'><strong><em>πρός</em></strong></span> <span class='ocrx_word' id='word_1_194' title='bbox 268 3108 303 3174; x_wconf 84' lang='grc' dir='ltr'><strong><em>δὲ</em></strong></span> <span class='ocrx_word' id='word_1_195' title='bbox 320 3108 450 3187; x_wconf 83' lang='grc' dir='ltr'><strong><em>τούτοις</em></strong></span> <span class='ocrx_word' id='word_1_196' title='bbox 465 3108 555 3176; x_wconf 80' lang='grc' dir='ltr'><strong><em>οὕτω</em></strong></span> <span class='ocrx_word' id='word_1_197' title='bbox 573 3107 779 3196; x_wconf 75' lang='grc' dir='ltr'><strong><em>θεοφιλεῐς”</em></strong></span> <span class='ocrx_word' id='word_1_198' title='bbox 760 3136 874 3194; x_wconf 84' lang='grc' dir='ltr'><strong><em>οντας,</em></strong></span> <span class='ocrx_word' id='word_1_199' title='bbox 893 3108 981 3177; x_wconf 80' lang='grc' dir='ltr'><strong><em>ωσθ’</em></strong></span> <span class='ocrx_word' id='word_1_200' title='bbox 999 3107 1017 3176; x_wconf 87' lang='grc' dir='ltr'>ὸ</span> <span class='ocrx_word' id='word_1_201' title='bbox 1012 3110 1128 3179; x_wconf 71' lang='grc' dir='ltr'><strong><em>δοκεῖ</em></strong></span> 
     </span>
     <span class='ocr_line' id='line_1_28' title="bbox 164 3204 1123 3292; baseline 0.003 -20"><span class='ocrx_word' id='word_1_202' title='bbox 164 3205 400 3292; x_wconf 78' lang='grc' dir='ltr'><strong><em>χαλεπώτατον</em></strong></span> <span class='ocrx_word' id='word_1_203' title='bbox 411 3204 496 3274; x_wconf 88' lang='grc' dir='ltr'><strong><em>εἰναι</em></strong></span> <span class='ocrx_word' id='word_1_204' title='bbox 508 3211 562 3276; x_wconf 83' lang='grc' dir='ltr'><strong><em>καὶ</em></strong></span> <span class='ocrx_word' id='word_1_205' title='bbox 574 3209 817 3291; x_wconf 75' lang='grc' dir='ltr'><strong><em>σπανιώτατον,</em></strong></span> <span class='ocrx_word' id='word_1_206' title='bbox 830 3205 943 3291; x_wconf 80' lang='grc' dir='ltr'><strong><em>εὑρεῖν</em></strong></span> <span class='ocrx_word' id='word_1_207' title='bbox 954 3206 1046 3286; x_wconf 82' lang='grc' dir='ltr'><strong><em>τινάς</em></strong></span> <span class='ocrx_word' id='word_1_208' title='bbox 1055 3215 1123 3275; x_wconf 78' lang='grc' dir='ltr'><strong><em>τῶν</em></strong></span> 
     </span>
     <span class='ocr_line' id='line_1_29' title="bbox 165 3302 1150 3393; baseline 0.004 -20"><span class='ocrx_word' id='word_1_209' title='bbox 165 3316 271 3373; x_wconf 80' lang='grc' dir='ltr'><strong><em>οἰκων</em></strong></span> <span class='ocrx_word' id='word_1_210' title='bbox 285 3312 353 3372; x_wconf 80' lang='grc' dir='ltr'><strong><em>τῶν</em></strong></span> <span class='ocrx_word' id='word_1_211' title='bbox 368 3314 580 3389; x_wconf 77' lang='grc' dir='ltr'><strong><em>τυραννικῶν</em></strong></span> <span class='ocrx_word' id='word_1_212' title='bbox 596 3311 647 3375; x_wconf 74' lang='grc' dir='ltr'><strong><em>καὶ</em></strong></span> <span class='ocrx_word' id='word_1_213' title='bbox 666 3314 847 3393; x_wconf 77' lang='grc' dir='ltr'><strong><em>βασιλικῶν</em></strong></span> <span class='ocrx_word' id='word_1_214' title='bbox 864 3310 915 3375; x_wconf 75' lang='grc' dir='ltr'><strong><em>ἐπὶ</em></strong></span> <span class='ocrx_word' id='word_1_215' title='bbox 931 3311 1084 3393; x_wconf 88' lang='grc' dir='ltr'><strong><em>τέτταρας</em></strong></span> <span class='ocrx_word' id='word_1_216' title='bbox 1098 3302 1150 3393; x_wconf 82' lang='grc' dir='ltr'><strong><em>ῆδ</em></strong></span> 
     </span>
     <span class='ocr_line' id='line_1_30' title="bbox 162 3400 1120 3493; baseline 0 -21"><span class='ocrx_word' id='word_1_217' title='bbox 162 3408 264 3472; x_wconf 78' lang='grc' dir='ltr'><strong><em>πέντε</em></strong></span> <span class='ocrx_word' id='word_1_218' title='bbox 279 3400 397 3490; x_wconf 82' lang='grc' dir='ltr'><strong><em>γενεὰς</em></strong></span> <span class='ocrx_word' id='word_1_219' title='bbox 413 3409 662 3491; x_wconf 84' lang='grc' dir='ltr'><strong><em>διαμείναντας,</em></strong></span> <span class='ocrx_word' id='word_1_220' title='bbox 684 3408 854 3473; x_wconf 82' lang='grc' dir='ltr'><strong><em>καὶτοῦτο</em></strong></span> <span class='ocrx_word' id='word_1_221' title='bbox 872 3414 1039 3493; x_wconf 78' lang='grc' dir='ltr'><strong><em>συμβῆναι</em></strong></span> <span class='ocrx_word' id='word_1_222' title='bbox 1056 3405 1120 3492; x_wconf 90' lang='grc' dir='ltr'><strong><em>μό-</em></strong></span> 
     </span>
     <span class='ocr_line' id='line_1_31' title="bbox 91 3500 1121 3590; baseline -0.004 -16"><span class='ocrx_word' id='word_1_223' title='bbox 91 3518 143 3575; x_wconf 67' lang='lat'><strong><em>{26</em></strong></span> <span class='ocrx_word' id='word_1_224' title='bbox 161 3530 238 3581; x_wconf 86' lang='grc' dir='ltr'><strong><em>νοις</em></strong></span> <span class='ocrx_word' id='word_1_225' title='bbox 249 3506 394 3580; x_wconf 80' lang='grc' dir='ltr'><strong><em>ἐκείνοις.</em></strong></span> <span class='ocrx_word' id='word_1_226' title='bbox 417 3500 622 3589; x_wconf 75' lang='grc' dir='ltr'><strong><em>Ἐριχθόνιος</em></strong></span> <span class='ocrx_word' id='word_1_227' title='bbox 636 3506 698 3590; x_wconf 72' lang='grc' dir='ltr'><strong><em>μέν</em></strong></span> <span class='ocrx_word' id='word_1_228' title='bbox 708 3503 773 3590; x_wconf 81' lang='grc' dir='ltr'><strong><em>γάρ</em></strong></span> <span class='ocrx_word' id='word_1_229' title='bbox 785 3502 802 3571; x_wconf 87' lang='grc' dir='ltr'>ὁ</span> <span class='ocrx_word' id='word_1_230' title='bbox 816 3501 882 3589; x_wconf 81' lang='grc' dir='ltr'><strong><em>φύς</em></strong></span> <span class='ocrx_word' id='word_1_231' title='bbox 894 3508 926 3585; x_wconf 79' lang='grc' dir='ltr'><strong><em>ἐξ</em></strong></span> <span class='ocrx_word' id='word_1_232' title='bbox 936 3504 1121 3588; x_wconf 86' lang='grc' dir='ltr'><strong><em>Ἡφαίστου</em></strong></span> 
     </span>
     <span class='ocr_line' id='line_1_32' title="bbox 164 3600 1118 3689; baseline -0.001 -19"><span class='ocrx_word' id='word_1_233' title='bbox 164 3607 219 3670; x_wconf 76' lang='grc' dir='ltr'><strong><em>καὶ</em></strong></span> <span class='ocrx_word' id='word_1_234' title='bbox 232 3608 299 3689; x_wconf 91' lang='grc' dir='ltr'><strong><em>Γῆς</em></strong></span> <span class='ocrx_word' id='word_1_235' title='bbox 315 3600 404 3687; x_wconf 81' lang='grc' dir='ltr'><strong><em>παρά</em></strong></span> <span class='ocrx_word' id='word_1_236' title='bbox 416 3606 588 3689; x_wconf 83' lang='grc' dir='ltr'><strong><em>Κέκροπος</em></strong></span> <span class='ocrx_word' id='word_1_237' title='bbox 605 3603 747 3681; x_wconf 80' lang='grc' dir='ltr'><strong><em>ἄπαιδος</em></strong></span> <span class='ocrx_word' id='word_1_238' title='bbox 763 3602 858 3682; x_wconf 82' lang='grc' dir='ltr'><strong><em>ὄντος</em></strong></span> <span class='ocrx_word' id='word_1_239' title='bbox 876 3600 1028 3687; x_wconf 84' lang='grc' dir='ltr'><strong><em>ἀρρένων</em></strong></span> <span class='ocrx_word' id='word_1_240' title='bbox 1043 3610 1118 3669; x_wconf 88' lang='grc' dir='ltr'><strong><em>παί-</em></strong></span> 
     </span>
    </p>
   </div>
   <div class='ocr_carea' id='block_1_4' title="bbox 0 0 1434 4334">
    <p class='ocr_par' dir='ltr' id='par_1_6' title="bbox 0 0 1434 4334">
     <span class='ocr_line' id='line_1_33' title="bbox 0 0 1434 4334; baseline 0 5"><span class='ocrx_word' id='word_1_241' title='bbox 0 0 1434 4334; x_wconf 95' lang='lat' dir='ltr'><strong><em> </em></strong></span> 
     </span>
    </p>
   </div>
  </div>
 </body>
</html>
