2859 4334
293 403 334 466 62
585 404 768 463 ΙΣΟΚΡΑ
777 403 834 462 ΤΟ
843 404 906 462 ΤΣ
922 406 967 473 (4)

294 565 331 632 δὲ
340 569 542 650 καταστῆναι
551 562 728 648 τολμήσας,
737 560 887 640 ἅπαντας
896 562 933 630 δὲ
943 559 1024 642 τοῦς
1034 560 1254 650 ἐκτὴςἈσίας

294 670 510 748 συναγείρας·
531 663 607 744 περὶ
621 653 664 729 ού
677 668 727 740 τίς
741 660 802 747 οὐχ
813 658 1003 748 ὑπερβολάς
1013 661 1254 747 προθυμηθεὶς

244 773 279 830 89
294 768 400 832 εἰπεῖν
406 762 529 830 ἐλάττω
539 769 608 828 τῦν
619 759 842 848 ὑπαρχόντων
853 770 1006 846 είρηκεν,·
1023 757 1060 840 ὃς
1071 765 1118 840 είς
1127 766 1253 828 τοσοῦ-

292 889 353 930 τον
363 854 470 948 ἡλθεν
480 857 723 947 ὑπερηφανίας,
740 858 824 928 ὥστε
834 857 957 945 μικρὸν
967 859 1029 945 μὲν
1039 856 1252 946 ἡγησάμενος

294 967 394 1046 ἔργον
413 958 498 1028 εἶναι
513 958 576 1047 τήν
586 957 728 1030 Ἑλλάδα
746 960 989 1046 χειρώσασθαι,
1012 961 1194 1048 βουληθεὶς
1213 959 1253 1026 δὲ
1265 982 1285 1021 ε

293 1067 449 1128 τοιοῦτον
462 1073 625 1147 μνημεῖον
639 1069 850 1144 καταλιπεῖν,
867 1055 887 1127 δ
900 1058 945 1146 μὴ
960 1067 1018 1146 τὴς
1033 1058 1255 1145 ἀνθρωπίνης

294 1158 429 1245 φύσεάς
440 1161 541 1244 ἐστιν,
557 1155 599 1226 ού
610 1159 776 1243 πρότερον
787 1159 966 1244 ἐπαύσατο,
981 1159 1062 1244 πρὶν
1072 1161 1184 1241 ἐξεῦρε
1195 1161 1255 1226 καὶ

294 1261 560 1346 συνηνάγκασεν,
575 1255 728 1336 ὂπάντες
738 1265 940 1342 θρυλοῦσιν,
956 1254 1041 1324 ὥστε
1051 1263 1099 1346 τῷ
1109 1275 1253 1341 στρατο-

293 1361 382 1448 πέδῳ
404 1365 546 1426 πλεῦσαι
562 1356 625 1442 μὲν
642 1355 698 1425 διά
715 1363 773 1443 τής
789 1355 946 1443 ἠπείρου,
969 1361 1124 1437 πεζεῦσαι
1141 1356 1177 1424 δὲ
1193 1352 1251 1422 διὰ

293 1465 350 1543 τής
369 1456 553 1544 θαλάττης,
574 1454 635 1523 τόν
650 1458 713 1542 μὲν
724 1453 969 1543 Ἑλλήσποντον
989 1454 1119 1541 ζεύξας,
1139 1450 1248 1522 τόνδ’

245 1555 380 1625 mom
395 1555 560 1641 διορύξας.
589 1553 675 1639 πρὸς
690 1553 731 1644 δὴ
748 1553 809 1625 τόν
826 1554 916 1625 οὕτω
930 1558 1014 1643 μέγα
1029 1555 1248 1642 φρονήσαντα
1263 1576 1302 1631 59

293 1660 347 1724 καὶ
358 1663 539 1741 τηλικαῦτα
550 1656 823 1743 διαπραξάμενον
832 1658 888 1725 καὶ
899 1656 1071 1725 τοσούτων
1081 1654 1251 1740 δεσπότην

293 1755 480 1842 γενόμενον
494 1751 654 1840 ἀπήντων
670 1753 859 1841 διελόμενοι
873 1751 934 1823 τόν
950 1759 1124 1840 κίνδυνον,
1139 1762 1250 1822 Λακε-

294 1853 463 1939 δαιμόνιοι
477 1855 539 1939 μὲν
554 1857 600 1932 είς
611 1853 833 1940 Θερμοπύλας
846 1852 931 1940 πρὸς
944 1852 981 1920 τδ
996 1850 1106 1938 πεζόν,
1122 1857 1251 1938 χιλίους

293 1951 407 2021 αὑτῶν
421 1955 626 2033 ἐπιλέξαντες
639 1955 694 2022 καί
708 1961 778 2021 τῶν
793 1954 977 2041 συμμάχων
991 1950 1125 2039 ὀλίγους
1139 1977 1250 2037 παρα-

293 2052 468 2139 λαβόντες,
491 2048 535 2129 ὧς
549 2055 587 2120 έν
600 2066 669 2131 τοῖς
682 2067 813 2132 στενοῖς
826 2053 1035 2131 κωλύσοντες
1048 2050 1173 2130 αύτούς
1187 2076 1249 2120 πε-

292 2154 433 2238 ραιτέρω
447 2160 639 2239 προελθείν,
662 2157 696 2219 οί
708 2149 740 2220 δ’
755 2150 908 2240 ἡμέτεροι
922 2155 1060 2238 πατέρες
1072 2149 1124 2221 ἐπ’
1137 2149 1230 2238 Ἀρτε

292 2255 415 2336 μίσιον,
432 2248 590 2336 ἑξήκοντα
603 2249 751 2337 τριήρεις
765 2251 1000 2338 πληρώσαντες
1011 2249 1095 2338 πρὸς
1106 2249 1197 2318 άπαν
1206 2248 1277 2317 αδδ

243 2371 276 2424 οι
294 2356 363 2416 τῶν
374 2354 543 2435 πολεμίων
554 2350 726 2418 ναυτικόν.
744 2355 849 2418 ταῦτα
859 2352 896 2418 δὲ
907 2350 1177 2436 ποιεϊυέτόλμων
1187 2345 1250 2434 οῦχ

294 2445 382 2515 οὕτω
403 2454 472 2514 τοῦν
492 2455 662 2533 πολεμίων
676 2454 968 2535 καταφρονοῦντες
983 2446 1029 2527 ὡς
1045 2446 1129 2533 πρὸς
1145 2443 1249 2533 άλλή-

293 2557 374 2626 λονς
388 2544 616 2634 άγιινιῶντες,
637 2548 897 2635 Λακεδαιμόνιοι
912 2549 975 2634 μὲν
997 2554 1173 2634 ζηλοῦντες
1185 2543 1249 2631 τήν

293 2645 393 2716 πόλιν
406 2654 465 2733 τῆς
474 2652 669 2733 Μαραθῶνι
679 2647 785 2733 μάχης
798 2647 854 2714 καὶ
865 2652 1038 2734 ζητοῦντες
1048 2644 1172 2726 αὑτούς
1182 2648 1249 2726 έξι-

293 2753 399 2813 σῶσαι
413 2747 469 2813 καὶ
484 2747 647 2832 δεδιότες,
663 2742 709 2833 μή
724 2748 774 2824 δίς
788 2751 904 2834 ἐφεξής
914 2743 935 2833 ἡ
947 2746 1043 2824 πόλις
1053 2743 1150 2833 ἡμῶν
1160 2751 1248 2814 αίτία

292 2846 428 2932 γένηται
442 2842 650 2931 τοίςἝλλησι
659 2851 719 2931 τῆς
729 2852 908 2932 σωτηρίας,
924 2848 959 2912 οἱ
970 2842 1002 2911 δ’
1015 2842 1168 2931 ἡμέτεροι
1183 2841 1250 2929 μα’-

292 2955 387 3014 λιστα
398 2947 461 3031 μὲν
471 2945 673 3033 βουλόμενοι
682 2944 884 3030 διαφυλάξαι
893 2942 955 3031 τὴν
962 2951 1139 3030 παροῦσαν
1147 2943 1249 3022 δόξαν

292 3048 347 3112 καὶ
358 3052 439 3112 πᾶσι
452 3054 586 3132 ποιήσαι
594 3043 756 3133 φανερόν,
767 3044 818 3115 ὅτι
828 3051 884 3114 καί
894 3043 931 3113 τὸ
943 3045 1108 3132 πρότερον
1119 3044 1159 3113 δι’
1169 3043 1277 3128 ἀρε-ο

291 3143 355 3233 τήν
369 3142 443 3213 ἀλλ’
456 3143 499 3214 ού
514 3143 569 3214 διά
584 3148 688 3233 τύχην
702 3149 876 3232 ένίκησαυ,
899 3152 1011 3214 ἔπειτα
1027 3149 1082 3214 καὶ
1097 3170 1251 3231 προαγα-

292 3248 414 3332 γέσθαι
427 3242 674 3331 τοῦςἝλληνας
688 3249 741 3314 ἐπὶ
755 3242 793 3312 τό
808 3245 1248 3330 διαναυμαχείυ,έπιδείξαν-

291 3372 345 3425 τες
360 3342 475 3424 αύτοίς
488 3341 610 3430 ὁμοίως
625 3347 663 3413 έν
676 3359 746 3425 τοῖς
759 3358 928 3423 ναυτικοῖς
943 3342 1115 3422 κινδύνοις
1135 3342 1247 3426 ὥσπερ

292 3445 404 3524 έντοίς
413 3450 521 3526 πεζοῖς
531 3441 723 3532 τήνάρετὴν
729 3450 791 3512 τοῦ
797 3445 951 3530 πλήθους
957 3445 1248 3529 περιγιγνομένην.

242 3559 278 3618 92
291 3542 378 3622 (κε’.)
396 3541 486 3622 Ἰσας
505 3545 542 3612 δέ
561 3541 621 3623 τάς
640 3545 764 3631 τόλμας
783 3541 1009 3629 παρασχόντες
1032 3539 1094 3627 ούχ
1118 3538 1248 3627 ὁμοίαις

290 3644 471 3730 ἐχρήσαντο
485 3657 553 3721 ταῖς
568 3643 698 3730 τύχαις,
723 3639 797 3713 ἀλλ’
815 3647 849 3710 ολ
861 3645 924 3729 μέν
938 3641 1175 3728 διεφθάρησαν
1192 3644 1246 3708 καὶ
