2859 4334
312 386 375 450 εει
588 387 992 462 mmmmm)

312 549 531 634 προήχθησαν
554 543 632 614 ὥστ’
655 551 702 625 είς
733 546 905 630 τραύματα
931 547 986 611 καί
1012 543 1190 624 θανάτους
1215 550 1265 612 καὶ

313 644 424 734 φυγάς
438 649 493 714 καλ
507 644 564 724 τάς
579 653 735 732 μεγίστας
752 640 929 730 συμφοράς
950 645 1078 710 ἐλθεῖν·
1103 633 1153 710 ὦν
1167 640 1265 712 οὐδὲν

312 744 369 814 διά
383 743 443 814 τόν
466 745 638 831 φεύγοντα
664 743 727 832 την
748 748 845 831 δίκην
870 739 1034 828 ἀγένητόν
1049 744 1157 827 ἐστιν,
1185 741 1265 812 ἀλλά

312 843 395 914 κατά
411 845 474 930 μὲν
487 841 525 911 τό
540 842 664 910 τούτου
679 845 779 928 μέρος
793 839 925 908 ἅπαντα
940 841 1142 925 πέπρακται,
1161 839 1218 910 διά
1234 843 1265 910 δὲ

313 943 375 1031 τὴν
389 943 494 1030 τύχην
508 945 562 1012 καὶ
575 940 637 1010 τόν
650 943 778 1026 τρόπον
788 938 850 1008 τόν
861 936 942 1025 ἐμόν
954 935 1055 1008 οὐδὲν
1064 949 1134 1009 τῶν
1145 940 1266 1029 ἀνηκέ-

313 1066 403 1112 στων
416 1046 635 1130 συμβέβηκεν.

285 1160 304 1213 9
398 1143 473 1223 (θ’.)
488 1140 652 1228 Ἡγοῦμαι
664 1139 695 1207 δ’
714 1140 801 1227 ὑμᾶς
811 1141 918 1223 οὕτως
933 1141 977 1211 ἀν
988 1142 1086 1224 ἀξίως
1101 1139 1286 1228 ὀργισθὴθ

314 1267 371 1309 ναι
387 1248 448 1309 τοῦ
464 1242 666 1327 πράγματος,
682 1247 712 1308 εί
727 1244 926 1322 διεξέλθοιτε
935 1242 1019 1327 πρὸς
1033 1241 1120 1329 ὑμᾶς
1132 1241 1265 1322 αὐτοὺς,

314 1339 383 1431 ὅσῳ
397 1341 509 1426 μεῖζόν
525 1343 592 1408 ἐστι
606 1347 705 1408 τοῦτο
721 1349 789 1408 τῶν
804 1340 916 1412 ἀλλων
930 1341 1190 1430 ἁμαρτημάτων.
1214 1342 1266 1410 εὑ-

315 1439 432 1526 ρήσετε
446 1437 513 1525 γάρ
526 1437 585 1517 τάς
600 1438 662 1507 μὲν
676 1438 777 1518 άλλας
793 1438 922 1520 ἀδικίας
942 1447 1040 1524 μέρος
1059 1470 1091 1510 τι
1112 1451 1176 1512 τοῦ
1189 1445 1265 1523 βίον

314 1539 535 1625 βλαπτοόσας,
549 1536 610 1624 τὴν
624 1536 654 1606 δ’
669 1538 770 1628 ὕβριν
782 1540 871 1618 ὅλοις
884 1557 952 1620 τοῖς
964 1542 1135 1629 πράγμασι
1147 1552 1266 1628 λυμαι-

320 1641 475 1724 νομένην,
494 1640 548 1705 καὶ
564 1637 710 1718 πολλοὺς
724 1642 787 1725 μὲν
802 1649 915 1718 οίκους
930 1637 975 1707 δι’
994 1637 1100 1726 αάτὴν
1116 1633 1260 1725 διαφθα-

315 1741 450 1823 ρέντας,
474 1737 598 1818 πολλάς
619 1739 654 1806 δὲ
675 1739 788 1818 πόλεις
809 1737 1016 1818 ἀναστάτους
1033 1744 1266 1827 γεγενημένας.

267 1861 297 1912 ιο
314 1838 377 1925 (ι’.)
399 1841 462 1906 Καὶ
477 1849 509 1906 τί
522 1836 718 1916 δείτάςτῶν
730 1837 842 1906 ἀλλων
853 1837 1030 1925 συμφοράς
1041 1839 1182 1923 λέγοντα
1196 1843 1269 1906 δια-

316 1943 461 2023 τρίβεινς
487 1935 582 2006 αὐτοὶ
602 1937 667 2023 γάρ
687 1936 781 2024 ἡμεῖς
807 1940 856 2016 δίς
880 1937 944 2024 ἤδη
966 1935 1028 2025 τὴν
1043 1943 1293 2024 δημοκρατίανι

317 2037 492 2121 ἐπείδομεν
505 2045 753 2105 καταλυθεῖσαν
768 2040 822 2104 καλ
839 2038 887 2114 δὶς
903 2044 960 2123 τῆς
973 2038 1168 2119 ἐλευθερίας
1185 2033 1269 2103 ἀπε-

317 2135 529 2220 στερήθημεν
544 2132 605 2220 οὐχ
620 2133 687 2202 ὑπὸ
703 2144 855 2214 τῶνταῖς
869 2135 984 2214 ἀλλαις
999 2142 1176 2222 πουηρίαις
1192 2135 1270 2204 ἐνό-

316 2260 385 2320 χων
395 2232 505 2301 ὄντων
515 2231 600 2302 ἀλλά
612 2234 666 2302 διά
680 2234 759 2313 τούς
770 2243 1067 2320 καταφρονοῦντας
1079 2235 1271 2320 τῶννόμων

318 2337 373 2400 καλ
388 2335 616 2421 βουλομένους
638 2349 705 2413 τοῖς
720 2335 782 2421 μὲν
797 2341 965 2421 πολεμίοις
987 2335 1174 2418 δουλεύειν,
1190 2332 1272 2420 τοὺς

272 2447 297 2498 ll
317 2434 353 2501 δὲ
368 2441 502 2512 πολίτας
523 2431 679 2522 ὑβρίζειν.
703 2427 752 2502 ὧν
772 2428 870 2514 οὗτος
892 2429 938 2512 είς
959 2429 1008 2500 ἀν
1024 2434 1191 2520 τυγχάνει.
1216 2435 1272 2500 καὶ

317 2531 383 2620 γάρ
415 2539 445 2602 εί
466 2542 535 2601 τῶν
566 2535 640 2603 τότε
668 2535 946 2602 κατασταθέντων
978 2532 1141 2619 νεώτερός
1167 2534 1272 2618 ἐστιν,

317 2629 401 2699 ἀλλά
416 2632 476 2700 τόν
490 2659 528 2719 γε
541 2635 667 2718 τρόπον
682 2640 746 2719 ἔχει
761 2629 821 2701 τόν
833 2635 865 2712 ἐξ
878 2634 1005 2718 ἐκείνης
1019 2638 1077 2718 τῆς
1091 2638 1270 2710 πολιτείας.

317 2723 416 2800 αὗται
429 2730 495 2818 γάρ
511 2738 548 2801 αί
560 2735 679 2819 φάσεις
692 2736 775 2802 είσλν
786 2739 822 2802 αἱ
834 2737 1045 2818 παραδοῦσαι
1057 2731 1120 2818 μὲν
1132 2728 1196 2816 τὴν
1208 2731 1271 2797 δυ’-

318 2860 420 2919 ναμιν
443 2831 506 2919 τὴν
529 2831 693 2919 ἡμετέραν
718 2849 786 2911 τοῖς
806 2837 991 2918 πολεμίοις,
1018 2829 1274 2910 κατασκάψασαι

317 2933 353 3000 δὲ
366 2931 405 3000 τά
421 2939 508 3018 τείχη
523 2940 580 3018 τῆς
595 2937 762 3017 πατρίδος,
779 2935 1016 3007 πεντακοσίους
1027 2931 1064 2997 δὲ
1079 2932 1133 2996 καί
1143 2936 1296 3014 χιλίουςδ

319 3029 475 3118 ἀκρίτους
490 3029 729 3100 ἀποκτείνασαι
747 3039 816 3100 τῶν
831 3037 985 3099 πολιτῶν.

274 3148 305 3201 12
402 3130 487 3217 (ια’.)
505 3123 567 3198 Ὧν
589 3129 676 3211 εἰκός
697 3129 785 3217 ὑμᾶς
804 3133 1035 3216 μεμνημένους
1050 3139 1273 3212 τιμωρεῖσθαι

319 3228 363 3317 μὴ
378 3231 487 3316 μόνον
497 3228 576 3309 τούς
591 3231 666 3299 τότε
680 3232 935 3317 λυμηναμένους
948 3223 1032 3296 ἀλλά
1045 3229 1099 3294 καλ
1112 3224 1193 3306 τοὺς
1207 3235 1273 3294 νῦν

319 3333 546 3418 βουλομένους
560 3329 650 3398 οὕτω
666 3335 834 3398 διαθεῖναι
851 3327 911 3415 τὴν
928 3326 1039 3413 πόλιν,
1054 3330 1108 3394 καί
1121 3326 1272 3416 τοσούτῳ

320 3438 448 3500 μᾶλλον
474 3428 554 3509 τοὺς
578 3431 753 3511 ἐπιδόξονς
777 3430 982 3516 γενήσεσθαι
1008 3423 1177 3512 πονηροὺς
1207 3433 1272 3492 τῶν

320 3529 485 3615 πρότερον
499 3527 757 3616 ἡμαρτηκότων,
784 3527 851 3618 όσςο
869 3551 930 3612 περ
952 3525 1104 3611 κρεῖττόν
1120 3526 1188 3590 ἐστι
1204 3531 1272 3590 τῶν

319 3627 510 3710 μελλόντων
522 3634 636 3699 κακῶν
649 3625 843 3715 ἀποτροπὴν
858 3625 970 3712 εὑρεῖν
984 3621 1005 3712 ἡ
1020 3633 1092 3694 τῶν
1102 3622 1166 3712 ἤδη
1176 3647 1270 3710 γεγε·
