2859 4334
293 389 334 450 σε
585 390 968 465 ammom)

190 603 193 612 .
253 554 259 564 '
293 554 472 634 ἐλαχίστοις
489 547 732 634 χαλεπήναντες
754 555 910 616 πλεῖστον
923 548 1049 635 χρόνον
1066 550 1128 640 τήν
1141 550 1251 642 ἀρχὴν

226 678 276 733 103
291 663 466 735 κατασχεῖν
487 645 725 733 ήδυνήδημευς
758 647 829 734 (λ’.)
852 645 952 733 Οἶμαι
973 651 1009 718 δὲ
1032 658 1112 719 πᾶσι
1134 658 1279 722 δοκεῖυο

292 748 433 827 τούτους
441 753 637 834 κρατίστους
645 745 832 830 προστάτας
843 747 1046 833 γενήσεσθαι
1055 757 1122 816 τῶν
1130 747 1251 838 Ἐλλή-

293 873 379 932 νων,
402 843 456 931 ἐφ’
472 836 522 913 άν
544 848 578 913 οί
596 843 883 930 πειθαρχήσαντες
904 842 1023 932 άριστα
1044 848 1249 934 τυγχάνουσι

293 947 484 1032 πράξαντες.
509 945 562 1013 ἐπὶ
575 951 692 1013 τοίνυν
706 949 763 1028 τῆς
781 939 938 1028 ἡμετέρας
952 941 1130 1031 ἡγεμονίας
1145 945 1248 1033 εὑρή-

294 1066 396 1133 σομεν
411 1047 466 1114 καλ
487 1041 566 1123 τοῦς
579 1051 694 1120 οίκους
711 1038 789 1120 τοῦς
805 1045 912 1121 ίδίους
928 1041 1012 1128 πρὸς
1028 1042 1247 1132 εὐδαιμονίαν

292 1153 448 1213 πλεῖστον
461 1140 636 1220 ἐπιδόντας
657 1142 712 1208 καλ
727 1136 786 1219 τάς
801 1139 915 1220 πόλεις
933 1150 1087 1229 μεγίστας
1106 1149 1246 1232 γευομέ-

229 1270 277 1323 104
292 1270 361 1323 νας.
391 1239 433 1311 οῦ
448 1240 513 1328 γάρ
534 1243 752 1327 ἐφθονοῦμευ
773 1253 843 1319 ταῖς
859 1237 1101 1327 αὐξανομένοις
1121 1240 1245 1332 αῦτῦν,

291 1338 370 1410 οῦδὲ
385 1337 528 1427 ταραχάς
549 1341 769 1424 ἐνεποιοῦμευ
790 1343 955 1417 πολιτείας
969 1340 1120 1420 ἐναντίας
1136 1360 1241 1426 παρα-

291 1437 526 1524 καθιστάυτες,
547 1436 595 1504 ἵν’
610 1435 765 1523 ἀλλήλοις
786 1436 848 1523 μὲν
865 1437 1088 1524 στασιάζοιεν,
1111 1436 1195 1526 ἡμᾶς
1211 1438 1244 1508 δ’
1259 1469 1277 1510 ο

291 1531 1245 1626 άμφότεροιῦεραπεῦοιεν,άλλάεήντῦνσυμμάχιινὸμό-

292 1665 389 1707 υοιαν
404 1633 523 1722 κοινήν
538 1632 703 1720 ὠφέλειαν
718 1639 907 1720 νομίζοντες
921 1649 989 1714 τοῖς
1000 1633 1113 1716 αὐτοῖς
1127 1637 1246 1724 νόμοις

291 1735 422 1814 ἁπάσας
439 1733 497 1812 τάς
516 1734 629 1811 πόλεις
650 1735 856 1822 διοικοῦμεν,
878 1752 1090 1820 συμμαχικιις
1110 1731 1184 1804 ἀλλ’
1202 1733 1245 1805 οῦ

289 1839 491 1910 δεσποτικῶς
503 1829 745 1918 βουλευόμενοι
763 1832 838 1916 περὶ
853 1827 981 1918 αῦτῦυ,
996 1831 1086 1900 ὅλων
1100 1835 1163 1920 μὲν
1177 1841 1245 1902 τῶν

289 1930 494 2018 πραγμάτων
509 1931 776 2013 ἐπιστατοῦυτες,
798 1933 866 2019 ίδίγ
881 1927 912 1996 δ’
932 1931 1090 2011 ἑκάστους
1106 1933 1245 2000 ἐλευθέ-

226 2059 272 2110 105
289 2058 370 2119 ρους
391 2032 509 2108 ἐῶντες
531 2027 632 2115 εἶναι,
660 2028 715 2096 καί
732 2034 777 2120 τῷ
798 2031 861 2116 μὲν
881 2030 1004 2115 πλήθει
1024 2037 1244 2118 βοηθοῦντες,

284 2147 357 2211 ταῖς
378 2130 416 2200 δὲ
438 2136 650 2210 δυναστείαις
670 2137 916 2220 πολεμοῦντες,
937 2134 1051 2203 δεινὸν
1069 2134 1253 2223 ἡγούμενα

284 2232 365 2312 τοῦς
374 2229 522 2312 πολλούς
533 2230 601 2300 ῦπδ
614 2247 686 2311 τοῖς
696 2229 824 2318 ὀλίγοις
833 2231 930 2318 εἶναι,
943 2234 1087 2317 καλτοῦς
1098 2252 1173 2318 ταῖς
1186 2234 1252 2307 ού·

291 2339 376 2411 σίαις
391 2331 637 2416 ἐνδεεστέρους,
659 2327 699 2397 τά
716 2327 747 2397 δ’
764 2328 847 2399 ἄλλα
861 2333 966 2418 μηδέν
986 2337 1116 2418 χείρους
1131 2329 1271 2420 ὄντας,δ

291 2430 541 2501 ἀπελαύνεσθαι
557 2437 625 2497 τιῦυ
639 2426 768 2516 άρχῦν,
785 2435 832 2498 ἐτι
845 2432 881 2498 δὲ
892 2436 1005 2517 κοινῆς
1020 2437 1076 2517 τής
1087 2434 1245 2516 πατρίδος

290 2528 394 2618 οῦσης
404 2527 483 2608 τοῦς
492 2532 556 2617 μὲν
566 2543 763 2616 τυραννεῖν,
779 2527 857 2608 τοῦς
868 2532 904 2598 δὲ
915 2544 1095 2618 μετοικεῖν,
1108 2534 1162 2599 καὶ
1175 2531 1243 2616 φῦ-

289 2650 339 2698 σει
356 2636 491 2708 πολίτας
506 2627 605 2706 ὄντας
618 2627 712 2719 νόμω
728 2635 784 2714 τῆς
800 2634 965 2707 πολιτείας
975 2625 1241 2715 ἀποστερεῖσθαι.

222 2751 272 2807 106
288 2726 415 2798 τοιαῦτ’
433 2735 562 2815 ἔχοντες
583 2741 653 2806 ταῖς
668 2724 871 2813 ὀλιγαρχίαις
893 2732 1045 2812 ἐπιτιμᾶν
1066 2729 1122 2796 καλ
1141 2733 1244 2797 πλείω

290 2828 420 2896 τούτων
433 2826 496 2915 τήν
511 2825 617 2915 αῦτήν
634 2832 805 2895 πολιτείαν
819 2823 925 2913 -ήνπερ
940 2823 1020 2911 παρ’
1036 2823 1117 2914 ἡμῖν
1131 2823 1244 2905 αὐτοῖς

292 2930 345 2996 καλ
360 2924 451 3011 παρὰ
466 2940 534 3005 τοῖς
548 2925 661 3004 ἄλλοις
676 2923 939 3010 κατεστήσαμεν,
956 2920 1000 3010 ήν
1015 2921 1078 2992 οῦκ
1093 2921 1158 2993 οἶδ’
1178 2924 1199 2992 ὅ
1213 2950 1243 2992 τι

292 3029 343 3094 δεῖ
357 3023 411 3093 διά
427 3028 644 3112 μακροτέρων
658 3030 823 3107 ἐπαινεῖν,
840 3021 948 3103 άλλως
958 3049 993 3091 τε
1003 3026 1056 3092 καὶ
1069 3023 1244 3111 συντόμως

289 3130 406 3211 ἔχοντα
424 3128 571 3208 δηλῶσαι
582 3127 656 3208 περὶ
667 3121 778 3211 αὐτῆς.
801 3120 883 3210 μετά
896 3120 960 3209 γάρ
971 3123 1093 3210 ταύτης
1107 3128 1272 3192 οἰκοῦν-ε

288 3248 341 3301 τες
355 3217 573 3307 ἑβδομήκοντ’
593 3226 648 3308 ἔτη
660 3225 848 3290 διετέλεσαν
862 3219 992 3308 ἄπειροι
1006 3221 1069 3307 μὲν
1084 3227 1244 3308 τυραννί-

288 3325 375 3406 δων,
391 3317 565 3405 ἐλεύθεροι
577 3323 613 3387 δὲ
624 3316 708 3406 πρὸς
719 3317 799 3398 τοῦς
809 3317 1018 3406 βαρβάρους,
1032 3317 1244 3387 ἀστασίαστοι

289 3418 325 3486 δὲ
340 3415 424 3505 πρὸς
438 3424 526 3503 σφᾶς
541 3414 681 3504 αὐτοῦς,
698 3417 836 3505 εἰρήνην
853 3415 885 3484 δ’
903 3415 1040 3504 ἄγοντες
1056 3414 1139 3503 πρὸς
1156 3417 1244 3486 πάν-

224 3539 270 3596 ιοη
289 3540 346 3593 τας
366 3512 595 3599 άνθράπους.ι
619 3519 711 3602 (λά.)
737 3514 835 3602 ’Τπέρ
857 3507 906 3583 ιδυ
927 3515 1087 3604 προσήκει
1103 3512 1183 3595 τοῦς
1203 3506 1243 3582 εῦ
1257 3525 1297 3582 6³

289 3620 501 3699 φρονοῦντας
516 3613 665 3700 μεγάλην
681 3615 779 3700 χάριν
794 3619 882 3701 ἔχειν
898 3611 986 3683 πολύ
1000 3621 1129 3701 μᾶλλον
1148 3608 1170 3698 ή
1184 3610 1244 3692 τὰς
1352 3659 1353 3664 1
