2859 4334
283 364 343 430 188
548 369 869 428 ιΣοιιΡΑτονΣ
888 372 960 448 (ιε)

280 521 343 613 μίν
361 520 455 592 ἄλλοι
470 520 534 611 τήν
553 523 652 593 πόλιν
669 530 819 613 ἔφυγον,
843 527 971 604 ἐκεῖνος
988 520 1021 593 δ’
1042 527 1076 606 ἐξ
1094 524 1228 613 άπίσης

280 628 338 711 τῆς
347 622 505 706 Ἑλλάδος
521 626 691 707 ἐξέπεσενς
706 626 749 695 ού
757 626 1014 715 Λακεδαιμόνιοι
1022 628 1079 695 καὶ
1088 627 1227 697 Λύσαν-

282 732 361 812 δρος
375 724 499 814 ὁμοίως
514 733 615 812 ἔργον
623 726 814 815 ἐποιήσαντ’
833 727 1260 798 ἐκεῖνονάποιιτεῐναικαλο

281 827 345 914 τὴν
358 825 524 916 ὑμετέραν
533 834 720 897 καταλῦσαι
730 829 889 917 δύναμιν,
902 828 1065 915 οὐδεμίαν
1077 824 1230 918 ἡγούμε-

283 952 336 998 νοι
348 936 461 999 πίστιν
477 932 561 1011 ἕξειν
574 929 665 1014 παρά
679 932 737 1019 τῆς
754 931 893 1015 πόλεως,
912 936 945 998 εί
958 931 1000 998 τά
1017 938 1108 1019 τείχη
1124 958 1231 1000 κατα-

283 1030 431 1116 βάλοιεν,
450 1036 482 1099 εί
492 1029 538 1118 μὴ
552 1032 607 1100 καί
620 1030 680 1100 τόν
696 1029 883 1118 άναστῆσαι
896 1031 1087 1118 δυνάμενον
1101 1032 1229 1125 άπολέ-
1352 1005 1354 1050 ἶ

244 1155 271 1203 λι
286 1151 395 1214 σαιεν;
410 1127 488 1200 ὥστ’
504 1128 546 1201 ού
559 1132 665 1220 μόνον
679 1135 711 1215 ἐξ
728 1122 776 1201 ὧν
790 1131 878 1218 ύμᾶς
892 1123 933 1201 εύ
947 1138 1127 1219 πεποίηκεν
1141 1133 1232 1202 άλλὰ

285 1232 341 1301 καὶ
360 1235 393 1314 ἐξ
412 1225 461 1302 ὧν
478 1230 524 1301 δι’
543 1234 632 1329 ύμᾶς
650 1238 759 1314 κακῶς
782 1235 934 1303 πέπονθε
958 1232 1076 1323 ῥᾴδιον
1100 1242 1233 1321 γνῶναι

284 1333 347 1428 τὴν
360 1333 495 1404 εὔνοιαν
509 1333 570 1421 τὴν
585 1338 725 1404 ἐκείνου.
751 1346 905 1423 φαίνεται
911 1335 976 1421 γὰρ
982 1340 1029 1427 τῷ
1044 1333 1139 1428 δήμῳ
1145 1343 1231 1423 βοη-

284 1440 372 1522 θῶν,
390 1438 447 1522 τῆς
465 1433 570 1522 αὐτῆς
588 1444 755 1515 πολιτείας
768 1435 852 1524 ύμῖν
867 1440 1056 1524 ἐπιθυμῶν,
1072 1436 1142 1505 ύπό
1162 1442 1233 1506 τεόν

285 1534 398 1605 αὐτῶν
411 1543 521 1616 κακῶς
535 1536 685 1625 πάσχων,
698 1535 767 1626 άμα
780 1541 821 1625 τῇ
837 1538 931 1606 πόλει
941 1543 1134 1625 δυστυχῶν,
1148 1538 1234 1619 τούς

285 1634 562 1725 αύτούςὲχθρούς
576 1642 633 1707 καὶ
647 1647 771 1725 φίλους
784 1637 868 1726 ύμῖν
881 1646 1036 1726 νομιξων,
1051 1642 1088 1707 ἐκ
1102 1640 1233 1719 παντός
1245 1647 1264 1703 δ

284 1739 411 1825 τρόπου
428 1739 683 1810 κινδυνεύοντά
691 1740 755 1828 μὲν
762 1738 825 1828 ὑφ’
834 1739 946 1827 ὑμῶν,
959 1741 1000 1808 τά
1014 1740 1052 1809 δὲ
1066 1738 1110 1808 δι’
1126 1740 1233 1828 ύμᾶς,

243 1863 276 1912 42
286 1841 325 1908 τά
344 1839 376 1909 δ’
396 1839 485 1929 ὑπὲρ
500 1842 611 1931 ύμοίν,
628 1843 669 1911 τά
684 1843 722 1911 δὲ
735 1841 814 1932 μεθ’
830 1839 940 1930 ὑμῶν,
958 1838 1114 1928 άνόμοιος
1127 1850 1232 1911 πολί-

286 1968 343 2030 της
353 1943 695 2035 Χαρικλελτῷτούτου
702 1947 845 2034 κηδεστῇ
860 1944 1093 2032 γεγενημένος,
1106 1939 1144 2024 ὃς
1157 1958 1233 2024 τοῖς

287 2043 351 2132 μὲν
368 2050 535 2130 πολεμίοις
552 2046 729 2114 δουλεύειν
748 2046 922 2133 ἐπεθύμει,
939 2050 1010 2114 τόν
1027 2045 1066 2114 δὲ
1083 2050 1234 2113 πολιτῶν

286 2143 399 2233 ἄρχειν
418 2142 524 2231 ἠξίου,
543 2146 599 2214 καὶ
614 2146 752 2233 φεύγων
768 2145 831 2235 μὲν
849 2145 994 2235 ἡσυχίαν
1012 2146 1091 2234 εἶχε,
1109 2156 1233 2216 κατελ·

285 2246 362 2315 δάν
380 2246 418 2315 δὲ
435 2250 545 2328 κακῶς
560 2250 663 2317 ἐποίει
675 2246 738 2334 τὴν
756 2247 863 2317 πόλιν.
896 2255 1003 2316 καίτοι
1020 2256 1091 2329 πῶς
1108 2243 1152 2315 διν
1169 2249 1232 2333 γε’·

286 2344 401 2435 νοιτ’ἢ
415 2355 514 2434 φίλος
524 2346 775 2438 πονηρότεροςῆ
790 2350 912 2437 ἐχθρός
927 2348 1104 2428 ἐλάττονος
1117 2348 1232 2431 άξιος;

243 2448 358 2525 mlta
376 2450 419 2520 σύ
439 2448 600 2539 κηδεστὴς
615 2451 677 2536 μὲν
696 2448 745 2519 όν
768 2454 918 2536 ἐκείνου,
940 2448 1175 2537 βεβουλευκώς
1194 2447 1263 2517 δέ

287 2546 1234 2643 ἐπὶτάντριάιιοντατολμᾷςἑτέροιςμνησικαιιείν,καίούκ

287 2653 439 2741 αἰσχύνει
451 2653 510 2733 τάς
522 2654 697 2741 συνθήκας
709 2660 942 2740 παραβαίνων,
957 2652 997 2720 δι’
1006 2649 1046 2733 ἃς
1059 2651 1161 2732 αύτός
1176 2658 1232 2721 ol-

287 2771 358 2835 κεῑς
366 2754 428 2842 τήν
436 2756 548 2843 πόλιν,
562 2752 639 2824 οὐδ’
649 2758 802 2843 ἐνθυμεῖ,
817 2753 911 2840 διότι,
925 2751 1053 2824 ὁπόταν
1067 2754 1150 2843 δόξῃ
1160 2760 1233 2823 τῶν

288 2857 574 2946 παρεληλυθότων
580 2862 742 2943 τιμωρίαν
751 2864 931 2942 ποιεῖσθαι,
945 2855 999 2925 σοὶ
1012 2856 1232 2948 καίπροτέρφ
1242 2876 1292 2925 366

287 2954 582 3048 καλμᾶλλονῆ’μοὶ
593 2956 974 3044 κινδυνεύεινύπάρχεις
992 2957 1034 3026 ού
1045 2958 1110 3045 γάρ
1119 2956 1231 3045 δήπου

246 3082 279 3132 44
288 3062 362 3145 παρ’
371 3060 521 3149 ἐμούμέν
529 3052 617 3147 ὑπὲρ
626 3050 816 3147 ὦνόπατὴρ
823 3062 1049 3148 ἕπραξεδίιιην
1057 3060 1232 3146 λήψονται,

288 3165 342 3233 σοί
360 3161 399 3245 δὲ
412 3163 467 3230 καί
482 3153 531 3230 τόν
548 3159 651 3242 αύτός
665 3158 855 3249 ἡμάρτηκας
868 3160 1075 3249 συγγνώμην
1088 3164 1231 3243 ἕξουσιν.

287 3264 373 3334 άλλά
390 3262 458 3351 μὴν
477 3257 554 3332 οὐδ’
574 3260 692 3350 ὁμοίας
711 3266 828 3353 ἐκείνῳ
847 3263 988 3350 φανήσει
1011 3262 1069 3342 τάς
1094 3262 1231 3349 προφά-

288 3389 354 3447 σεις
379 3371 479 3452 ἔχων·
510 3362 552 3434 ού
576 3364 643 3451 γάρ
668 3362 821 3433 ἐκπεσόν
839 3366 875 3433 ἐκ
891 3368 950 3449 τῆς
967 3369 1128 3450 πατρίδος
1146 3362 1232 3431 άλλά

291 3465 627 3555 συμπολιτευόμενος,
638 3464 713 3534 οὐδ’
723 3460 1033 3550 άναγιιασθεὶςάλλ’
1044 3465 1143 3551 ἑκών,
1157 3462 1231 3532 οὐδ’

288 3565 498 3657 ἀμυνόμενος
509 3562 584 3635 ἄλλ’
596 3564 894 3655 ύπάρχωνήδίκεις
907 3563 1046 3650 αύτούς,
1062 3564 1141 3634 ὥστ’
1152 3563 1230 3635 οὐδ’

284 3665 473 3755 ’ἀπολογίας
491 3691 542 3737 σοι
560 3669 718 3756 προσήκει
735 3685 850 3755 τυχεῖν
868 3666 948 3752 παρ’
969 3666 1094 3736 αύτοίν.
1246 3672 1264 3723 b
