<?xml version="1.0" encoding="UTF-8"?>
<!DOCTYPE html PUBLIC "-//W3C//DTD XHTML 1.0 Transitional//EN"
    "http://www.w3.org/TR/xhtml1/DTD/xhtml1-transitional.dtd">
<html xmlns="http://www.w3.org/1999/xhtml" xml:lang="en" lang="en">
 <head>
  <title>
</title>
<meta http-equiv="Content-Type" content="text/html;charset=utf-8" />
  <meta name='ocr-system' content='tesseract 3.04.00' />
  <meta name='ocr-capabilities' content='ocr_page ocr_carea ocr_par ocr_line ocrx_word'/>
</head>
<body>
  <div class='ocr_page' id='page_1' title='image "./orationes00isgoog_0505.png"; bbox 0 0 2859 4334; ppageno 0'>
   <div class='ocr_carea' id='block_1_1' title="bbox 285 405 967 491">
    <p class='ocr_par' dir='ltr' id='par_1_1' title="bbox 285 405 967 491">
     <span class='ocr_line' id='line_1_1' title="bbox 285 405 967 491; baseline 0.006 -26"><span class='ocrx_word' id='word_1_1' title='bbox 285 405 354 491; x_wconf 35' lang='lat'><em>,132</em></span> <span class='ocrx_word' id='word_1_2' title='bbox 570 410 967 476; x_wconf 71' lang='grc' dir='ltr'><em>ιεοπνκυονῑιιι)</em></span> 
     </span>
    </p>
   </div>
   <div class='ocr_carea' id='block_1_2' title="bbox 224 561 1292 2739">
    <p class='ocr_par' dir='ltr' id='par_1_2' title="bbox 294 561 1239 655">
     <span class='ocr_line' id='line_1_2' title="bbox 294 561 1239 655; baseline 0.002 -22"><span class='ocrx_word' id='word_1_3' title='bbox 294 588 416 653; x_wconf 85' lang='grc' dir='ltr'><em>φησαν,</em></span> <span class='ocrx_word' id='word_1_4' title='bbox 430 566 513 636; x_wconf 79' lang='grc' dir='ltr'><em>ῶστε</em></span> <span class='ocrx_word' id='word_1_5' title='bbox 524 568 627 652; x_wconf 83' lang='grc' dir='ltr'><em>μόνος</em></span> <span class='ocrx_word' id='word_1_6' title='bbox 641 561 690 636; x_wconf 83' lang='grc' dir='ltr'><em>ῶν</em></span> <span class='ocrx_word' id='word_1_7' title='bbox 705 566 799 655; x_wconf 72' lang='grc' dir='ltr'><em>ἡμεῖς</em></span> <span class='ocrx_word' id='word_1_8' title='bbox 813 569 1068 655; x_wconf 77' lang='grc' dir='ltr'><em>μνημονεύομεν</em></span> <span class='ocrx_word' id='word_1_9' title='bbox 1079 567 1239 653; x_wconf 85' lang='grc' dir='ltr'><em>ἀνέγκλη-</em></span> 
     </span>
    </p>

    <p class='ocr_par' dir='ltr' id='par_1_3' title="bbox 229 665 1242 1353">
     <span class='ocr_line' id='line_1_3' title="bbox 229 665 1240 753; baseline 0.001 -21"><span class='ocrx_word' id='word_1_10' title='bbox 229 678 276 732; x_wconf 71' lang='lat'><em>128</em></span> <span class='ocrx_word' id='word_1_11' title='bbox 293 665 423 753; x_wconf 77' lang='grc' dir='ltr'><em>ταυτην</em></span> <span class='ocrx_word' id='word_1_12' title='bbox 435 666 534 734; x_wconf 91' lang='grc' dir='ltr'><em>πόλιν</em></span> <span class='ocrx_word' id='word_1_13' title='bbox 543 666 747 753; x_wconf 79' lang='grc' dir='ltr'><em>τοίςἝλλησι</em></span> <span class='ocrx_word' id='word_1_14' title='bbox 759 670 930 752; x_wconf 86' lang='grc' dir='ltr'><em>παρέσχεν.</em></span> <span class='ocrx_word' id='word_1_15' title='bbox 948 674 1054 735; x_wconf 91' lang='grc' dir='ltr'><em>καίτοι</em></span> <span class='ocrx_word' id='word_1_16' title='bbox 1067 666 1127 753; x_wconf 75' lang='grc' dir='ltr'><em>χρὴ</em></span> <span class='ocrx_word' id='word_1_17' title='bbox 1140 689 1240 741; x_wconf 87' lang='grc' dir='ltr'><em>στοα-</em></span> 
     </span>
     <span class='ocr_line' id='line_1_4' title="bbox 293 762 1240 854; baseline 0.002 -25"><span class='ocrx_word' id='word_1_18' title='bbox 293 763 396 851; x_wconf 88' lang='grc' dir='ltr'><em>τηγὸυ</em></span> <span class='ocrx_word' id='word_1_19' title='bbox 411 764 548 849; x_wconf 86' lang='grc' dir='ltr'><em>ἀριστον</em></span> <span class='ocrx_word' id='word_1_20' title='bbox 563 771 720 849; x_wconf 78' lang='grc' dir='ltr'><em>νομίζειν,</em></span> <span class='ocrx_word' id='word_1_21' title='bbox 737 762 800 832; x_wconf 90' lang='grc' dir='ltr'><em>ούκ</em></span> <span class='ocrx_word' id='word_1_22' title='bbox 815 776 907 843; x_wconf 79' lang='grc' dir='ltr'><em>εἴτις</em></span> <span class='ocrx_word' id='word_1_23' title='bbox 920 773 980 853; x_wconf 82' lang='grc' dir='ltr'><em>μιᾷ</em></span> <span class='ocrx_word' id='word_1_24' title='bbox 992 768 1240 854; x_wconf 82' lang='grc' dir='ltr'><em>τύχητηλικοῦ-</em></span> 
     </span>
     <span class='ocr_line' id='line_1_5' title="bbox 293 860 1241 949; baseline 0 -22"><span class='ocrx_word' id='word_1_25' title='bbox 293 864 353 929; x_wconf 91' lang='grc' dir='ltr'><em>τόν</em></span> <span class='ocrx_word' id='word_1_26' title='bbox 368 891 398 931; x_wconf 90' lang='grc' dir='ltr'><em>τι</em></span> <span class='ocrx_word' id='word_1_27' title='bbox 415 864 642 947; x_wconf 76' lang='grc' dir='ltr'><em>κατώρθωσεν</em></span> <span class='ocrx_word' id='word_1_28' title='bbox 658 860 769 945; x_wconf 84' lang='grc' dir='ltr'><em>ῶσπερ</em></span> <span class='ocrx_word' id='word_1_29' title='bbox 787 861 1030 949; x_wconf 84' lang='grc' dir='ltr'><em>Λύσανδρος,[δ</em></span> <span class='ocrx_word' id='word_1_30' title='bbox 1042 864 1161 949; x_wconf 78' lang='grc' dir='ltr'><em>μηδενὶ</em></span> <span class='ocrx_word' id='word_1_31' title='bbox 1174 871 1241 930; x_wconf 89' lang='grc' dir='ltr'><em>τῶν</em></span> 
     </span>
     <span class='ocr_line' id='line_1_6' title="bbox 293 958 1241 1052; baseline 0.004 -23"><span class='ocrx_word' id='word_1_32' title='bbox 293 964 403 1032; x_wconf 77' lang='grc' dir='ltr'><em>ἄλλων</em></span> <span class='ocrx_word' id='word_1_33' title='bbox 415 966 661 1051; x_wconf 80' lang='grc' dir='ltr'><em>διαπράξασθαι</em></span> <span class='ocrx_word' id='word_1_34' title='bbox 672 958 904 1052; x_wconf 87' lang='grc' dir='ltr'><em>συμβέβηκευ,]</em></span> <span class='ocrx_word' id='word_1_35' title='bbox 913 959 981 1031; x_wconf 85' lang='grc' dir='ltr'><em>ἀλλ’</em></span> <span class='ocrx_word' id='word_1_36' title='bbox 993 963 1084 1043; x_wconf 84' lang='grc' dir='ltr'><em>ὅστις</em></span> <span class='ocrx_word' id='word_1_37' title='bbox 1094 968 1145 1033; x_wconf 77' lang='grc' dir='ltr'><em>έπλ</em></span> <span class='ocrx_word' id='word_1_38' title='bbox 1159 976 1241 1033; x_wconf 92' lang='grc' dir='ltr'><em>πολ-</em></span> 
     </span>
     <span class='ocr_line' id='line_1_7' title="bbox 292 1063 1242 1150; baseline 0 -19"><span class='ocrx_word' id='word_1_39' title='bbox 292 1070 362 1131; x_wconf 88' lang='grc' dir='ltr'><em>λῶν</em></span> <span class='ocrx_word' id='word_1_40' title='bbox 379 1067 433 1131; x_wconf 80' lang='grc' dir='ltr'><em>καὶ</em></span> <span class='ocrx_word' id='word_1_41' title='bbox 450 1069 674 1132; x_wconf 79' lang='grc' dir='ltr'><em>παντοδαπῶν</em></span> <span class='ocrx_word' id='word_1_42' title='bbox 696 1068 751 1131; x_wconf 83' lang='grc' dir='ltr'><em>καὶ</em></span> <span class='ocrx_word' id='word_1_43' title='bbox 768 1065 944 1131; x_wconf 80' lang='grc' dir='ltr'><em>δυσκόλων</em></span> <span class='ocrx_word' id='word_1_44' title='bbox 961 1066 1168 1150; x_wconf 73' lang='grc' dir='ltr'><em>πραγμάτων</em></span> <span class='ocrx_word' id='word_1_45' title='bbox 1182 1063 1242 1146; x_wconf 89' lang='grc' dir='ltr'><em>όρ-</em></span> 
     </span>
     <span class='ocr_line' id='line_1_8' title="bbox 292 1161 1242 1248; baseline 0 -18"><span class='ocrx_word' id='word_1_46' title='bbox 292 1170 363 1241; x_wconf 91' lang='grc' dir='ltr'><em>θῶς</em></span> <span class='ocrx_word' id='word_1_47' title='bbox 374 1161 425 1231; x_wconf 75' lang='grc' dir='ltr'><em>ἀεὶ</em></span> <span class='ocrx_word' id='word_1_48' title='bbox 436 1165 592 1248; x_wconf 78' lang='grc' dir='ltr'><em>πράττων</em></span> <span class='ocrx_word' id='word_1_49' title='bbox 603 1168 656 1233; x_wconf 81' lang='grc' dir='ltr'><em>καὶ</em></span> <span class='ocrx_word' id='word_1_50' title='bbox 667 1170 754 1232; x_wconf 85' lang='grc' dir='ltr'><em>νοῦν</em></span> <span class='ocrx_word' id='word_1_51' title='bbox 765 1164 905 1248; x_wconf 85' lang='grc' dir='ltr'><em>ἐχόντως</em></span> <span class='ocrx_word' id='word_1_52' title='bbox 913 1165 1146 1247; x_wconf 88' lang='grc' dir='ltr'><em>διατετέλεκεν,</em></span> <span class='ocrx_word' id='word_1_53' title='bbox 1160 1163 1242 1246; x_wconf 84' lang='grc' dir='ltr'><em>ὅπερ</em></span> 
     </span>
     <span class='ocr_line' id='line_1_9' title="bbox 293 1262 685 1353; baseline 0.003 -26"><span class='ocrx_word' id='word_1_54' title='bbox 293 1262 448 1353; x_wconf 76' lang='grc' dir='ltr'><em>Τιμοθέῳ</em></span> <span class='ocrx_word' id='word_1_55' title='bbox 466 1266 685 1350; x_wconf 88' lang='grc' dir='ltr'><em>συμβέβηκεν.</em></span> 
     </span>
    </p>

    <p class='ocr_par' dir='ltr' id='par_1_4' title="bbox 226 1358 1292 2141">
     <span class='ocr_line' id='line_1_10' title="bbox 226 1358 1292 1448; baseline 0 -23"><span class='ocrx_word' id='word_1_56' title='bbox 226 1372 275 1426; x_wconf 71' lang='lat'><em>129</em></span> <span class='ocrx_word' id='word_1_57' title='bbox 374 1362 465 1445; x_wconf 79' lang='grc' dir='ltr'><em>(κς’.*</em></span> <span class='ocrx_word' id='word_1_58' title='bbox 478 1365 528 1445; x_wconf 78' lang='grc' dir='ltr'><strong>ζ’.)</strong></span> <span class='ocrx_word' id='word_1_59' title='bbox 552 1361 651 1448; x_wconf 83' lang='grc' dir='ltr'><em>Οἶμαι</em></span> <span class='ocrx_word' id='word_1_60' title='bbox 669 1360 700 1429; x_wconf 87' lang='grc' dir='ltr'><em>δ’</em></span> <span class='ocrx_word' id='word_1_61' title='bbox 723 1360 819 1448; x_wconf 83' lang='grc' dir='ltr'><em>ὑμῶν</em></span> <span class='ocrx_word' id='word_1_62' title='bbox 837 1358 916 1440; x_wconf 87' lang='grc' dir='ltr'><em>τούς</em></span> <span class='ocrx_word' id='word_1_63' title='bbox 936 1359 1082 1439; x_wconf 87' lang='grc' dir='ltr'><em>πολλούς</em></span> <span class='ocrx_word' id='word_1_64' title='bbox 1103 1363 1244 1447; x_wconf 87' lang='grc' dir='ltr'><em>θαυμά-</em></span> <span class='ocrx_word' id='word_1_65' title='bbox 1258 1373 1292 1427; x_wconf 77' lang='grc'><em>75</em></span> 
     </span>
     <span class='ocr_line' id='line_1_11' title="bbox 292 1459 1243 1549; baseline 0.002 -21"><span class='ocrx_word' id='word_1_66' title='bbox 292 1466 359 1540; x_wconf 79' lang='grc' dir='ltr'><em>ζειν</em></span> <span class='ocrx_word' id='word_1_67' title='bbox 375 1460 415 1529; x_wconf 87' lang='grc' dir='ltr'><em>τά</em></span> <span class='ocrx_word' id='word_1_68' title='bbox 430 1462 593 1549; x_wconf 88' lang='grc' dir='ltr'><em>λεγόμενα</em></span> <span class='ocrx_word' id='word_1_69' title='bbox 613 1466 665 1531; x_wconf 81' lang='grc' dir='ltr'><em>καὶ</em></span> <span class='ocrx_word' id='word_1_70' title='bbox 688 1469 834 1549; x_wconf 67' lang='grc' dir='ltr'><em>νομιζειν</em></span> <span class='ocrx_word' id='word_1_71' title='bbox 851 1459 910 1529; x_wconf 87' lang='grc' dir='ltr'><em>τόν</em></span> <span class='ocrx_word' id='word_1_72' title='bbox 925 1468 1065 1531; x_wconf 73' lang='grc' dir='ltr'><em>ἔπαινον</em></span> <span class='ocrx_word' id='word_1_73' title='bbox 1079 1460 1140 1527; x_wconf 86' lang='grc' dir='ltr'><em>τόν</em></span> <span class='ocrx_word' id='word_1_74' title='bbox 1156 1464 1243 1530; x_wconf 79' lang='grc' dir='ltr'><em>ἑκεί-</em></span> 
     </span>
     <span class='ocr_line' id='line_1_12' title="bbox 293 1560 1244 1647; baseline 0 -21"><span class='ocrx_word' id='word_1_75' title='bbox 293 1584 355 1627; x_wconf 88' lang='grc' dir='ltr'><em>νου</em></span> <span class='ocrx_word' id='word_1_76' title='bbox 375 1568 577 1646; x_wconf 78' lang='grc' dir='ltr'><em>κατηγορίαν</em></span> <span class='ocrx_word' id='word_1_77' title='bbox 602 1560 686 1629; x_wconf 84' lang='grc' dir='ltr'><em>εἶναι</em></span> <span class='ocrx_word' id='word_1_78' title='bbox 701 1570 759 1647; x_wconf 78' lang='grc' dir='ltr'><em>τῆς</em></span> <span class='ocrx_word' id='word_1_79' title='bbox 772 1562 910 1644; x_wconf 91' lang='grc' dir='ltr'><em>πόλεως,</em></span> <span class='ocrx_word' id='word_1_80' title='bbox 940 1568 970 1630; x_wconf 87' lang='grc' dir='ltr'><em>εί</em></span> <span class='ocrx_word' id='word_1_81' title='bbox 988 1562 1152 1639; x_wconf 78' lang='grc' dir='ltr'><em>τοσαύτας</em></span> <span class='ocrx_word' id='word_1_82' title='bbox 1179 1561 1244 1645; x_wconf 79' lang='grc' dir='ltr'><em>μὲν</em></span> 
     </span>
     <span class='ocr_line' id='line_1_13' title="bbox 291 1656 1243 1744; baseline 0.002 -22"><span class='ocrx_word' id='word_1_83' title='bbox 291 1658 405 1735; x_wconf 87' lang='grc' dir='ltr'><em>πόλεις</em></span> <span class='ocrx_word' id='word_1_84' title='bbox 422 1658 548 1742; x_wconf 80' lang='grc' dir='ltr'><em>ἑλόντα,</em></span> <span class='ocrx_word' id='word_1_85' title='bbox 563 1663 729 1744; x_wconf 87' lang='grc' dir='ltr'><em>μηδεμίαν</em></span> <span class='ocrx_word' id='word_1_86' title='bbox 743 1657 775 1725; x_wconf 84' lang='grc' dir='ltr'><em>δ’</em></span> <span class='ocrx_word' id='word_1_87' title='bbox 794 1656 1001 1726; x_wconf 78' lang='grc' dir='ltr'><em>ἀπολέσαντα</em></span> <span class='ocrx_word' id='word_1_88' title='bbox 1017 1664 1091 1742; x_wconf 80' lang='grc' dir='ltr'><em>περὶ</em></span> <span class='ocrx_word' id='word_1_89' title='bbox 1114 1664 1243 1741; x_wconf 88' lang='grc' dir='ltr'><em>προδο-</em></span> 
     </span>
     <span class='ocr_line' id='line_1_14' title="bbox 291 1755 1243 1842; baseline 0.001 -20"><span class='ocrx_word' id='word_1_90' title='bbox 291 1762 363 1833; x_wconf 89' lang='grc' dir='ltr'><em>σίας</em></span> <span class='ocrx_word' id='word_1_91' title='bbox 375 1760 495 1838; x_wconf 81' lang='grc' dir='ltr'><em>ἔκρινε,</em></span> <span class='ocrx_word' id='word_1_92' title='bbox 514 1758 568 1824; x_wconf 82' lang='grc' dir='ltr'><em>καὶ</em></span> <span class='ocrx_word' id='word_1_93' title='bbox 580 1758 681 1824; x_wconf 87' lang='grc' dir='ltr'><em>πάλιν</em></span> <span class='ocrx_word' id='word_1_94' title='bbox 693 1762 724 1825; x_wconf 86' lang='grc' dir='ltr'><em>εί</em></span> <span class='ocrx_word' id='word_1_95' title='bbox 731 1757 881 1837; x_wconf 73' lang='grc' dir='ltr'><em>διδόντος</em></span> <span class='ocrx_word' id='word_1_96' title='bbox 894 1755 1043 1836; x_wconf 79' lang='grc' dir='ltr'><em>εὐθύνας</em></span> <span class='ocrx_word' id='word_1_97' title='bbox 1053 1755 1171 1842; x_wconf 83' lang='grc' dir='ltr'><em>αύτού,</em></span> <span class='ocrx_word' id='word_1_98' title='bbox 1186 1760 1243 1824; x_wconf 82' lang='grc' dir='ltr'><em>καὶ</em></span> 
     </span>
     <span class='ocr_line' id='line_1_15' title="bbox 291 1854 1241 1942; baseline 0.002 -21"><span class='ocrx_word' id='word_1_99' title='bbox 291 1854 348 1932; x_wconf 82' lang='grc' dir='ltr'><em>τάς</em></span> <span class='ocrx_word' id='word_1_100' title='bbox 369 1854 432 1939; x_wconf 75' lang='grc' dir='ltr'><em>μέν</em></span> <span class='ocrx_word' id='word_1_101' title='bbox 452 1854 587 1937; x_wconf 79' lang='grc' dir='ltr'><em>πράξεις</em></span> <span class='ocrx_word' id='word_1_102' title='bbox 605 1854 814 1941; x_wconf 77' lang='grc' dir='ltr'><em>Ἰφικράτους</em></span> <span class='ocrx_word' id='word_1_103' title='bbox 833 1854 1097 1942; x_wconf 87' lang='grc' dir='ltr'><em>ἀναδεχομένου,</em></span> <span class='ocrx_word' id='word_1_104' title='bbox 1124 1855 1184 1923; x_wconf 83' lang='grc' dir='ltr'><em>τόν</em></span> <span class='ocrx_word' id='word_1_105' title='bbox 1206 1855 1241 1923; x_wconf 90' lang='grc' dir='ltr'><em>δ’</em></span> 
     </span>
     <span class='ocr_line' id='line_1_16' title="bbox 292 1952 1244 2041; baseline 0 -20"><span class='ocrx_word' id='word_1_106' title='bbox 292 1952 377 2036; x_wconf 70' lang='grc' dir='ltr'><em>ὑπὲρ</em></span> <span class='ocrx_word' id='word_1_107' title='bbox 393 1960 460 2020; x_wconf 87' lang='grc' dir='ltr'><em>τῶν</em></span> <span class='ocrx_word' id='word_1_108' title='bbox 475 1954 653 2040; x_wconf 85' lang='grc' dir='ltr'><em>χρημάτων</em></span> <span class='ocrx_word' id='word_1_109' title='bbox 668 1955 771 2040; x_wconf 90' lang='grc' dir='ltr'><em>λόγον</em></span> <span class='ocrx_word' id='word_1_110' title='bbox 789 1958 1012 2035; x_wconf 84' lang='grc' dir='ltr'><em>Μενεσθέως,</em></span> <span class='ocrx_word' id='word_1_111' title='bbox 1027 1956 1168 2033; x_wconf 90' lang='grc' dir='ltr'><em>τούτους</em></span> <span class='ocrx_word' id='word_1_112' title='bbox 1178 1956 1244 2041; x_wconf 79' lang='grc' dir='ltr'><em>μὲν</em></span> 
     </span>
     <span class='ocr_line' id='line_1_17' title="bbox 291 2053 1243 2141; baseline 0 -20"><span class='ocrx_word' id='word_1_113' title='bbox 291 2053 446 2137; x_wconf 88' lang='grc' dir='ltr'><em>ἀπέλυσε,</em></span> <span class='ocrx_word' id='word_1_114' title='bbox 466 2053 636 2139; x_wconf 85' lang='grc' dir='ltr'><em>Τιμόθεον</em></span> <span class='ocrx_word' id='word_1_115' title='bbox 652 2055 687 2122; x_wconf 79' lang='grc' dir='ltr'><em>δὲ</em></span> <span class='ocrx_word' id='word_1_116' title='bbox 702 2055 875 2133; x_wconf 86' lang='grc' dir='ltr'><em>τοσούτοις</em></span> <span class='ocrx_word' id='word_1_117' title='bbox 892 2057 1048 2139; x_wconf 81' lang='grc' dir='ltr'><em>ἐζημίωσε</em></span> <span class='ocrx_word' id='word_1_118' title='bbox 1063 2056 1243 2141; x_wconf 82' lang='grc' dir='ltr'><em>χρήμασιν,</em></span> 
     </span>
    </p>

    <p class='ocr_par' dir='ltr' id='par_1_5' title="bbox 224 2150 1243 2739">
     <span class='ocr_line' id='line_1_18' title="bbox 224 2150 1241 2240; baseline -0.002 -18"><span class='ocrx_word' id='word_1_119' title='bbox 224 2171 272 2223; x_wconf 81' lang='lat'><em>130</em></span> <span class='ocrx_word' id='word_1_120' title='bbox 291 2152 382 2232; x_wconf 84' lang='grc' dir='ltr'><em>ὅσοις</em></span> <span class='ocrx_word' id='word_1_121' title='bbox 397 2150 519 2221; x_wconf 85' lang='grc' dir='ltr'><em>οὐδένα</em></span> <span class='ocrx_word' id='word_1_122' title='bbox 540 2152 673 2222; x_wconf 84' lang='grc' dir='ltr'><em>πῶποτε</em></span> <span class='ocrx_word' id='word_1_123' title='bbox 695 2161 763 2220; x_wconf 90' lang='grc' dir='ltr'><em>τῶν</em></span> <span class='ocrx_word' id='word_1_124' title='bbox 783 2158 1091 2239; x_wconf 81' lang='grc' dir='ltr'><em>προγεγενημένων.</em></span> <span class='ocrx_word' id='word_1_125' title='bbox 1119 2160 1182 2240; x_wconf 78' lang='grc' dir='ltr'><em>ἔχει</em></span> <span class='ocrx_word' id='word_1_126' title='bbox 1206 2151 1241 2220; x_wconf 88' lang='grc' dir='ltr'><em>δ’</em></span> 
     </span>
     <span class='ocr_line' id='line_1_19' title="bbox 291 2250 1243 2339; baseline -0.001 -20"><span class='ocrx_word' id='word_1_127' title='bbox 291 2252 413 2332; x_wconf 80' lang='grc' dir='ltr'><em>οὕτως·</em></span> <span class='ocrx_word' id='word_1_128' title='bbox 434 2255 598 2339; x_wconf 89' lang='grc' dir='ltr'><em>βούλομαι</em></span> <span class='ocrx_word' id='word_1_129' title='bbox 614 2252 679 2339; x_wconf 84' lang='grc' dir='ltr'><em>γάρ</em></span> <span class='ocrx_word' id='word_1_130' title='bbox 693 2256 748 2321; x_wconf 71' lang='grc' dir='ltr'><em>καί</em></span> <span class='ocrx_word' id='word_1_131' title='bbox 764 2250 824 2321; x_wconf 83' lang='grc' dir='ltr'><em>τόν</em></span> <span class='ocrx_word' id='word_1_132' title='bbox 834 2250 919 2334; x_wconf 76' lang='grc' dir='ltr'><em>ὑπὲρ</em></span> <span class='ocrx_word' id='word_1_133' title='bbox 930 2260 988 2338; x_wconf 79' lang='grc' dir='ltr'><em>τῆς</em></span> <span class='ocrx_word' id='word_1_134' title='bbox 999 2252 1126 2331; x_wconf 90' lang='grc' dir='ltr'><em>πόλεως</em></span> <span class='ocrx_word' id='word_1_135' title='bbox 1136 2253 1243 2337; x_wconf 89' lang='grc' dir='ltr'><em>λόγον</em></span> 
     </span>
     <span class='ocr_line' id='line_1_20' title="bbox 292 2350 1243 2440; baseline -0.003 -19"><span class='ocrx_word' id='word_1_136' title='bbox 292 2359 404 2421; x_wconf 76' lang='grc' dir='ltr'><em>εἰπεῖν.</em></span> <span class='ocrx_word' id='word_1_137' title='bbox 427 2358 457 2420; x_wconf 90' lang='grc' dir='ltr'><em>εί</em></span> <span class='ocrx_word' id='word_1_138' title='bbox 465 2356 526 2438; x_wconf 81' lang='grc' dir='ltr'><em>μέν</em></span> <span class='ocrx_word' id='word_1_139' title='bbox 542 2350 635 2440; x_wconf 79' lang='grc' dir='ltr'><em>ὑμεῖς</em></span> <span class='ocrx_word' id='word_1_140' title='bbox 649 2350 733 2439; x_wconf 87' lang='grc' dir='ltr'><em>πρός</em></span> <span class='ocrx_word' id='word_1_141' title='bbox 745 2350 874 2419; x_wconf 82' lang='grc' dir='ltr'><em>αὐτότὸ</em></span> <span class='ocrx_word' id='word_1_142' title='bbox 888 2358 1018 2420; x_wconf 90' lang='grc' dir='ltr'><em>δίκαιον</em></span> <span class='ocrx_word' id='word_1_143' title='bbox 1029 2351 1243 2439; x_wconf 88' lang='grc' dir='ltr'><em>ἀποβλέπου-</em></span> 
     </span>
     <span class='ocr_line' id='line_1_21' title="bbox 290 2449 1241 2537; baseline -0.003 -18"><span class='ocrx_word' id='word_1_144' title='bbox 290 2478 342 2530; x_wconf 88' lang='grc' dir='ltr'><em>τες</em></span> <span class='ocrx_word' id='word_1_145' title='bbox 356 2456 523 2532; x_wconf 75' lang='grc' dir='ltr'><em>σκέψεσθε</em></span> <span class='ocrx_word' id='word_1_146' title='bbox 545 2458 619 2537; x_wconf 83' lang='grc' dir='ltr'><em>περὶ</em></span> <span class='ocrx_word' id='word_1_147' title='bbox 635 2454 777 2536; x_wconf 88' lang='grc' dir='ltr'><em>τούτων,</em></span> <span class='ocrx_word' id='word_1_148' title='bbox 796 2450 859 2519; x_wconf 87' lang='grc' dir='ltr'><em>ούκ</em></span> <span class='ocrx_word' id='word_1_149' title='bbox 876 2458 966 2519; x_wconf 84' lang='grc' dir='ltr'><em>ἔστιν</em></span> <span class='ocrx_word' id='word_1_150' title='bbox 982 2450 1072 2530; x_wconf 83' lang='grc' dir='ltr'><em>ὅπως</em></span> <span class='ocrx_word' id='word_1_151' title='bbox 1087 2449 1129 2519; x_wconf 85' lang='grc' dir='ltr'><em>ού</em></span> <span class='ocrx_word' id='word_1_152' title='bbox 1144 2449 1241 2519; x_wconf 80' lang='grc' dir='ltr'><em>δεινοὶ</em></span> 
     </span>
     <span class='ocr_line' id='line_1_22' title="bbox 290 2549 1242 2639; baseline -0.001 -20"><span class='ocrx_word' id='word_1_153' title='bbox 290 2555 344 2621; x_wconf 84' lang='grc' dir='ltr'><em>καὶ</em></span> <span class='ocrx_word' id='word_1_154' title='bbox 365 2556 495 2639; x_wconf 88' lang='grc' dir='ltr'><em>σχέτλια</em></span> <span class='ocrx_word' id='word_1_155' title='bbox 516 2561 619 2621; x_wconf 74' lang='grc' dir='ltr'><em>πᾶσιν</em></span> <span class='ocrx_word' id='word_1_156' title='bbox 640 2551 724 2621; x_wconf 80' lang='grc' dir='ltr'><em>εἶναι</em></span> <span class='ocrx_word' id='word_1_157' title='bbox 749 2551 838 2631; x_wconf 85' lang='grc' dir='ltr'><em>δόξει</em></span> <span class='ocrx_word' id='word_1_158' title='bbox 864 2549 904 2617; x_wconf 84' lang='grc' dir='ltr'><em>τά</em></span> <span class='ocrx_word' id='word_1_159' title='bbox 926 2555 1141 2637; x_wconf 89' lang='grc' dir='ltr'><em>πεπραγμένα</em></span> <span class='ocrx_word' id='word_1_160' title='bbox 1163 2554 1242 2632; x_wconf 83' lang='grc' dir='ltr'><em>περὶ</em></span> 
     </span>
     <span class='ocr_line' id='line_1_23' title="bbox 293 2647 1243 2739; baseline -0.002 -21"><span class='ocrx_word' id='word_1_161' title='bbox 293 2650 478 2737; x_wconf 89' lang='grc' dir='ltr'><em>Τιμόθεον·</em></span> <span class='ocrx_word' id='word_1_162' title='bbox 506 2647 550 2739; x_wconf 81' lang='grc' dir='ltr'><em>ἢν</em></span> <span class='ocrx_word' id='word_1_163' title='bbox 571 2650 602 2719; x_wconf 86' lang='grc' dir='ltr'><em>δ’</em></span> <span class='ocrx_word' id='word_1_164' title='bbox 619 2649 868 2737; x_wconf 90' lang='grc' dir='ltr'><em>ἀναλογίσησθε</em></span> <span class='ocrx_word' id='word_1_165' title='bbox 890 2648 951 2737; x_wconf 78' lang='grc' dir='ltr'><em>τὴν</em></span> <span class='ocrx_word' id='word_1_166' title='bbox 973 2649 1133 2736; x_wconf 85' lang='grc' dir='ltr'><em>ἀγνοιαν,</em></span> <span class='ocrx_word' id='word_1_167' title='bbox 1155 2649 1243 2736; x_wconf 87' lang='grc' dir='ltr'><em>ὅσην</em></span> 
     </span>
    </p>
   </div>
   <div class='ocr_carea' id='block_1_3' title="bbox 290 2746 1348 2844">
    <p class='ocr_par' dir='ltr' id='par_1_6' title="bbox 290 2746 1348 2844">
     <span class='ocr_line' id='line_1_24' title="bbox 290 2746 1348 2844; baseline -0.004 -25"><span class='ocrx_word' id='word_1_168' title='bbox 290 2759 407 2837; x_wconf 83' lang='grc' dir='ltr'><em>ἔχομεν</em></span> <span class='ocrx_word' id='word_1_169' title='bbox 421 2752 565 2827; x_wconf 74' lang='grc' dir='ltr'><em>ἅπαντας</em></span> <span class='ocrx_word' id='word_1_170' title='bbox 579 2749 775 2836; x_wconf 81' lang='grc' dir='ltr'><em>ἅνθρωποι,</em></span> <span class='ocrx_word' id='word_1_171' title='bbox 801 2752 855 2817; x_wconf 80' lang='grc' dir='ltr'><em>καὶ</em></span> <span class='ocrx_word' id='word_1_172' title='bbox 880 2748 960 2827; x_wconf 85' lang='grc' dir='ltr'><em>τούς</em></span> <span class='ocrx_word' id='word_1_173' title='bbox 986 2751 1139 2835; x_wconf 85' lang='grc' dir='ltr'><em>φθόνους</em></span> <span class='ocrx_word' id='word_1_174' title='bbox 1160 2746 1241 2826; x_wconf 86' lang='grc' dir='ltr'><em>τούς</em></span> <span class='ocrx_word' id='word_1_175' title='bbox 1347 2809 1348 2844; x_wconf 63' lang='grc'><em>,</em></span> 
     </span>
    </p>
   </div>
   <div class='ocr_carea' id='block_1_4' title="bbox 225 2845 1240 3334">
    <p class='ocr_par' dir='ltr' id='par_1_7' title="bbox 225 2845 1240 3334">
     <span class='ocr_line' id='line_1_25' title="bbox 290 2845 1240 2936; baseline -0.005 -19"><span class='ocrx_word' id='word_1_176' title='bbox 290 2848 640 2936; x_wconf 78' lang='grc' dir='ltr'><em>έγγιγυομένονςὴμϊν,</em></span> <span class='ocrx_word' id='word_1_177' title='bbox 650 2856 696 2917; x_wconf 91' lang='grc' dir='ltr'><em>έτι</em></span> <span class='ocrx_word' id='word_1_178' title='bbox 708 2846 958 2934; x_wconf 76' lang='grc' dir='ltr'><em>δέτάςταραχάς</em></span> <span class='ocrx_word' id='word_1_179' title='bbox 971 2845 1240 2934; x_wconf 80' lang='grc' dir='ltr'><em>καίτὴυτύρβηυ,</em></span> 
     </span>
     <span class='ocr_line' id='line_1_26' title="bbox 290 2943 1240 3036; baseline -0.003 -21"><span class='ocrx_word' id='word_1_180' title='bbox 290 2952 326 3016; x_wconf 90' lang='grc' dir='ltr'><em>έν</em></span> <span class='ocrx_word' id='word_1_181' title='bbox 341 2944 363 3036; x_wconf 77' lang='grc' dir='ltr'><strong><em>ᾖ</em></strong></span> <span class='ocrx_word' id='word_1_182' title='bbox 378 2956 500 3034; x_wconf 78' lang='grc' dir='ltr'><em>ζῶμεν,</em></span> <span class='ocrx_word' id='word_1_183' title='bbox 527 2949 627 3018; x_wconf 80' lang='grc' dir='ltr'><em>οὐδέν</em></span> <span class='ocrx_word' id='word_1_184' title='bbox 642 2951 772 3016; x_wconf 85' lang='grc' dir='ltr'><em>τούτων</em></span> <span class='ocrx_word' id='word_1_185' title='bbox 787 2945 917 3033; x_wconf 88' lang='grc' dir='ltr'><em>ἀλόγως</em></span> <span class='ocrx_word' id='word_1_186' title='bbox 936 2943 1010 3013; x_wconf 81' lang='grc' dir='ltr'><em>οὐδ’</em></span> <span class='ocrx_word' id='word_1_187' title='bbox 1027 2953 1088 3027; x_wconf 80' lang='grc' dir='ltr'><em>ἔξω</em></span> <span class='ocrx_word' id='word_1_188' title='bbox 1104 2954 1161 3033; x_wconf 80' lang='grc' dir='ltr'><em>της</em></span> <span class='ocrx_word' id='word_1_189' title='bbox 1177 2944 1240 3013; x_wconf 88' lang='grc' dir='ltr'><em>ἀν-</em></span> 
     </span>
     <span class='ocr_line' id='line_1_27' title="bbox 290 3043 1239 3137; baseline -0.002 -20"><span class='ocrx_word' id='word_1_190' title='bbox 290 3057 462 3137; x_wconf 85' lang='grc' dir='ltr'><em>θρωπίνης</em></span> <span class='ocrx_word' id='word_1_191' title='bbox 483 3049 616 3135; x_wconf 85' lang='grc' dir='ltr'><em>φύσεως</em></span> <span class='ocrx_word' id='word_1_192' title='bbox 641 3047 860 3134; x_wconf 78' lang='grc' dir='ltr'><em>εὑρεθήσεται</em></span> <span class='ocrx_word' id='word_1_193' title='bbox 883 3049 1123 3134; x_wconf 89' lang='grc' dir='ltr'><em>γεγενημένον,</em></span> <span class='ocrx_word' id='word_1_194' title='bbox 1150 3043 1239 3115; x_wconf 86' lang='grc' dir='ltr'><em>ἀλλά</em></span> 
     </span>
     <span class='ocr_line' id='line_1_28' title="bbox 289 3142 1238 3234; baseline -0.007 -16"><span class='ocrx_word' id='word_1_195' title='bbox 289 3152 343 3218; x_wconf 83' lang='grc' dir='ltr'><em>καὶ</em></span> <span class='ocrx_word' id='word_1_196' title='bbox 361 3148 526 3234; x_wconf 85' lang='grc' dir='ltr'><em>Τιμόθεος</em></span> <span class='ocrx_word' id='word_1_197' title='bbox 546 3153 644 3234; x_wconf 88' lang='grc' dir='ltr'><em>μέρος</em></span> <span class='ocrx_word' id='word_1_198' title='bbox 665 3175 695 3213; x_wconf 90' lang='grc' dir='ltr'><em>τι</em></span> <span class='ocrx_word' id='word_1_199' title='bbox 718 3151 989 3231; x_wconf 88' lang='grc' dir='ltr'><em>συμβεβλημένας</em></span> <span class='ocrx_word' id='word_1_200' title='bbox 1007 3152 1067 3212; x_wconf 82' lang='grc' dir='ltr'><em>τοῦ</em></span> <span class='ocrx_word' id='word_1_201' title='bbox 1093 3142 1238 3231; x_wconf 77' lang='grc' dir='ltr'><em>μὴκατὰ</em></span> 
     </span>
     <span class='ocr_line' id='line_1_29' title="bbox 225 3242 1238 3334; baseline -0.001 -21"><span class='ocrx_word' id='word_1_202' title='bbox 225 3259 269 3315; x_wconf 83' lang='grc'><em>131</em></span> <span class='ocrx_word' id='word_1_203' title='bbox 290 3249 416 3334; x_wconf 88' lang='grc' dir='ltr'><em>τρόπον</em></span> <span class='ocrx_word' id='word_1_204' title='bbox 431 3255 625 3332; x_wconf 80' lang='grc' dir='ltr'><em>γνωσθῆναι</em></span> <span class='ocrx_word' id='word_1_205' title='bbox 642 3250 716 3328; x_wconf 82' lang='grc' dir='ltr'><em>περὶ</em></span> <span class='ocrx_word' id='word_1_206' title='bbox 732 3243 853 3313; x_wconf 83' lang='grc' dir='ltr'><em>αὐτῶν.</em></span> <span class='ocrx_word' id='word_1_207' title='bbox 877 3249 1003 3323; x_wconf 79' lang='grc' dir='ltr'><em>ἐκεῖνος</em></span> <span class='ocrx_word' id='word_1_208' title='bbox 1016 3243 1081 3332; x_wconf 83' lang='grc' dir='ltr'><em>γάρ</em></span> <span class='ocrx_word' id='word_1_209' title='bbox 1093 3242 1170 3312; x_wconf 85' lang='grc' dir='ltr'><em>οὔτε</em></span> <span class='ocrx_word' id='word_1_210' title='bbox 1182 3271 1238 3330; x_wconf 88' lang='grc' dir='ltr'><em>μι-</em></span> 
     </span>
    </p>
   </div>
   <div class='ocr_carea' id='block_1_5' title="bbox 291 3341 1346 3433">
    <p class='ocr_par' dir='ltr' id='par_1_8' title="bbox 291 3341 1346 3433">
     <span class='ocr_line' id='line_1_30' title="bbox 291 3341 1346 3433; baseline -0.008 -18"><span class='ocrx_word' id='word_1_211' title='bbox 291 3348 436 3433; x_wconf 88' lang='grc' dir='ltr'><em>σόδημος</em></span> <span class='ocrx_word' id='word_1_212' title='bbox 460 3341 509 3413; x_wconf 85' lang='grc' dir='ltr'><em>ῶν</em></span> <span class='ocrx_word' id='word_1_213' title='bbox 535 3344 611 3411; x_wconf 87' lang='grc' dir='ltr'><em>ούτε</em></span> <span class='ocrx_word' id='word_1_214' title='bbox 642 3346 885 3431; x_wconf 86' lang='grc' dir='ltr'><em>μισάνθρωπος</em></span> <span class='ocrx_word' id='word_1_215' title='bbox 912 3342 993 3410; x_wconf 80' lang='grc' dir='ltr'><em>οὔθ’</em></span> <span class='ocrx_word' id='word_1_216' title='bbox 1021 3341 1238 3427; x_wconf 81' lang='grc' dir='ltr'><em>ὑπερήφανος</em></span> <span class='ocrx_word' id='word_1_217' title='bbox 1345 3369 1346 3372; x_wconf 64' lang='grc'>’</span> 
     </span>
    </p>
   </div>
   <div class='ocr_carea' id='block_1_6' title="bbox 291 3438 1239 3530">
    <p class='ocr_par' dir='ltr' id='par_1_9' title="bbox 291 3438 1239 3530">
     <span class='ocr_line' id='line_1_31' title="bbox 291 3438 1239 3530; baseline -0.005 -17"><span class='ocrx_word' id='word_1_218' title='bbox 291 3443 366 3513; x_wconf 80' lang='grc' dir='ltr'><em>οὔτ’</em></span> <span class='ocrx_word' id='word_1_219' title='bbox 384 3443 457 3514; x_wconf 85' lang='grc' dir='ltr'><em>ἀλλ’</em></span> <span class='ocrx_word' id='word_1_220' title='bbox 475 3442 574 3512; x_wconf 76' lang='grc' dir='ltr'><em>οὐδὲν</em></span> <span class='ocrx_word' id='word_1_221' title='bbox 597 3450 680 3530; x_wconf 84' lang='grc' dir='ltr'><em>έχων</em></span> <span class='ocrx_word' id='word_1_222' title='bbox 702 3450 769 3511; x_wconf 92' lang='grc' dir='ltr'><em>τῶν</em></span> <span class='ocrx_word' id='word_1_223' title='bbox 789 3443 953 3510; x_wconf 84' lang='grc' dir='ltr'><em>τοιούτων</em></span> <span class='ocrx_word' id='word_1_224' title='bbox 971 3449 1093 3522; x_wconf 83' lang='grc' dir='ltr'><em>κακῶν,</em></span> <span class='ocrx_word' id='word_1_225' title='bbox 1105 3439 1160 3509; x_wconf 77' lang='grc' dir='ltr'><em>διὰ</em></span> <span class='ocrx_word' id='word_1_226' title='bbox 1175 3438 1239 3528; x_wconf 73' lang='grc' dir='ltr'><em>τὴν</em></span> 
     </span>
    </p>
   </div>
   <div class='ocr_carea' id='block_1_7' title="bbox 291 3542 1345 3631">
    <p class='ocr_par' dir='ltr' id='par_1_10' title="bbox 291 3542 1345 3631">
     <span class='ocr_line' id='line_1_32' title="bbox 291 3542 1345 3631; baseline -0.005 -20"><span class='ocrx_word' id='word_1_227' title='bbox 291 3542 660 3631; x_wconf 78' lang='grc' dir='ltr'><em>μεγαλοφροσύνηντην</em></span> <span class='ocrx_word' id='word_1_228' title='bbox 671 3553 710 3631; x_wconf 75' lang='grc' dir='ltr'><em>τη</em></span> <span class='ocrx_word' id='word_1_229' title='bbox 722 3548 901 3629; x_wconf 80' lang='grc' dir='ltr'><em>στρατηγία</em></span> <span class='ocrx_word' id='word_1_230' title='bbox 911 3542 974 3626; x_wconf 77' lang='grc' dir='ltr'><em>μὲν</em></span> <span class='ocrx_word' id='word_1_231' title='bbox 985 3545 1237 3628; x_wconf 57' lang='grc' dir='ltr'><em>συμφέρουσαν,</em></span> <span class='ocrx_word' id='word_1_232' title='bbox 1344 3607 1345 3618; x_wconf 56' lang='grc'><em>,</em></span> 
     </span>
    </p>
   </div>
   <div class='ocr_carea' id='block_1_8' title="bbox 293 3636 1235 3726">
    <p class='ocr_par' dir='ltr' id='par_1_11' title="bbox 293 3636 1235 3726">
     <span class='ocr_line' id='line_1_33' title="bbox 293 3636 1235 3726; baseline 0 -17"><span class='ocrx_word' id='word_1_233' title='bbox 293 3640 377 3724; x_wconf 83' lang='grc' dir='ltr'><em>πρὸς</em></span> <span class='ocrx_word' id='word_1_234' title='bbox 393 3646 428 3708; x_wconf 81' lang='grc' dir='ltr'><em>δέ</em></span> <span class='ocrx_word' id='word_1_235' title='bbox 444 3640 503 3721; x_wconf 83' lang='grc' dir='ltr'><em>τάς</em></span> <span class='ocrx_word' id='word_1_236' title='bbox 517 3650 625 3726; x_wconf 85' lang='grc' dir='ltr'><em>χρείας</em></span> <span class='ocrx_word' id='word_1_237' title='bbox 648 3650 716 3708; x_wconf 90' lang='grc' dir='ltr'><em>τῶν</em></span> <span class='ocrx_word' id='word_1_238' title='bbox 737 3639 787 3708; x_wconf 78' lang='grc' dir='ltr'><em>ἀεὶ</em></span> <span class='ocrx_word' id='word_1_239' title='bbox 809 3640 1087 3723; x_wconf 83' lang='grc' dir='ltr'><em>προσπιπτόντων</em></span> <span class='ocrx_word' id='word_1_240' title='bbox 1100 3637 1161 3725; x_wconf 81' lang='grc' dir='ltr'><em>ούχ</em></span> <span class='ocrx_word' id='word_1_241' title='bbox 1175 3636 1235 3722; x_wconf 77' lang='grc' dir='ltr'><em>ἆρ-</em></span> 
     </span>
    </p>
   </div>
   <div class='ocr_carea' id='block_1_9' title="bbox 0 0 1434 4334">
    <p class='ocr_par' dir='ltr' id='par_1_12' title="bbox 0 0 1434 4334">
     <span class='ocr_line' id='line_1_34' title="bbox 0 0 1434 4334; baseline 0 2"><span class='ocrx_word' id='word_1_242' title='bbox 0 0 1434 4334; x_wconf 95' lang='lat' dir='ltr'><em> </em></span> 
     </span>
    </p>
   </div>
  </div>
 </body>
</html>
