2859 4334
277 405 320 467 40
554 410 954 483 ιΣοιιΡΑνουΣμε)

276 594 349 652 μεις
362 576 430 636 τῶν
443 579 620 639 πολιτειῶν
634 568 742 647 οὕτως
757 576 900 655 ἔχουσιν,
919 568 1062 657 ἡγοῦμαι
1076 574 1113 639 δὲ
1127 578 1230 639 ταῦτα

278 666 339 752 μὲν
362 671 485 752 ἑτέροις
507 669 594 737 πολι)
616 675 750 746 πλείους
771 669 892 754 λόγους
914 672 1067 752 παρέξειν
1083 679 1150 737 τῶν
1166 677 1232 735 νῦν

278 770 477 852 εἰρημένων,
501 771 571 854 ἐμοὶ
593 766 624 834 δ’
641 766 752 835 οὐκέτι
770 772 844 853 περλ
859 768 999 837 ἁπασῶν
1016 768 1128 841 αὐτῶν
1146 767 1232 836 εἶναι

277 870 466 933 διαλεκτέον
479 866 563 938 ἀλλὰ
579 870 652 951 περὶ
667 867 771 952 μόνης
786 874 842 953 της
856 874 924 935 τῶν
938 868 1132 955 προγόνων·
1149 869 1227 935 ταύ-

277 992 338 1051 την
346 966 409 1049 γὰρ
419 963 611 1054 ὑπεσχόμην
623 970 795 1046 ἐπιδείξειν
807 968 1071 1047 σπουδαιοτέραν
1080 970 1133 1035 καὶ
1144 976 1230 1033 πλει-

277 1064 366 1131 όνων
383 1063 523 1152 ἀγαθῶν
538 1074 646 1135 αίτίαυ
660 1059 768 1132 οὖσαν
783 1074 839 1150 τῆς
854 1070 891 1132 ἐν
906 1066 1046 1153 Σπάρτη
1061 1070 1260 1149 καθεστη-(Ι
1359 1060 1360 1123 ἦ

211 1170 257 1223 135
276 1171 380 1242 κυίας.
403 1165 467 1246 (νδ
470 1164 613 1246 .)”Εσιαι
623 1163 653 1231 δ’
665 1163 684 1230 ὁ
696 1165 794 1249 λόγος
805 1178 872 1241 τοῖς
883 1164 946 1249 μὲν
958 1160 1116 1250 ἡδέωςᾶν
1126 1162 1233 1229 ἀκού-

276 1281 352 1327 σασι
371 1271 539 1330 πολιτείαν
554 1262 700 1349 χρηστὴν
716 1266 798 1348 ἐμοῦ
812 1264 992 1342 διεξιόντος
1006 1261 1077 1331 οὔτ’
1092 1260 1233 1349 ὀχληρός

281 1356 355 1431 οὔτ’
372 1358 507 1446 ἄκαιρος
519 1358 604 1427 ἀλλὰ
619 1359 806 1447 σύμμετρος
819 1362 875 1428 καὶ
890 1360 1070 1446 προσήκων
1083 1374 1154 1440 τοῖς
1168 1369 1228 1446 ἔμ-

281 1470 432 1547 προσθεν
445 1458 670 1549 [είρημένοις],
688 1477 758 1540 τοῖς
771 1460 809 1529 δὲ
823 1462 869 1549 μη
884 1471 1041 1548 χαίρουσι
1058 1477 1131 1541 τοῖς
1143 1462 1226 1549 μετὰ

282 1568 565 1648 πολλῆςσπουδῆς
573 1563 758 1649 εἰρημένοις
767 1557 929 1642 όλλὰτοῖς
937 1567 974 1633 ἐν
982 1578 1055 1642 ταῖς
1069 1564 1225 1652 πανηγό-

281 1658 1228 1752 ρεσιμόλισταμὲνλοιδορουμένοις,ἢνδόπόσχωνταιτῆς

277 1778 395 1851 μανίας
414 1773 551 1850 ταύτης,
577 1769 839 1851 ἐγκωμιάζουσιν
856 1758 874 1850 ἢ
892 1754 932 1828 τότ
953 1759 1144 1845 φαυλότατα
1164 1772 1232 1829 τῶν

276 1858 502 1949 όντωνῆτούς
510 1863 814 1948 παρανομωτότονς
823 1868 891 1928 τῶν
899 1864 1141 1947 γεγενημένων.
1155 1861 1230 1927 τοό-

279 1988 347 2039 τοις
361 1958 393 2027 δ’
406 1957 511 2028 αὐτόν
526 1959 615 2048 οἶμαι
629 1962 741 2041 δόξειν
755 1959 841 2028 πολὺ
856 1960 1063 2045 μακρότερον
1075 1957 1158 2027 εἶναι
1172 1966 1232 2026 τοῦ
1247 1995 1258 2016 ιε

212 2079 260 2134 136
278 2063 419 2138 δέοντος.
450 2064 520 2147 ἐμοὶ
536 2062 571 2128 δὲ
590 2069 657 2128 τῶν
672 2064 734 2147 μὲν
755 2060 918 2126 τοιούτων
940 2056 1113 2142 ἀκροατῶν
1129 2055 1232 2126 οὐδὲν

276 2156 404 2229 πώποτ’
418 2163 584 2246 ἐμέλησεν,
602 2158 680 2228 οὐδὲ
696 2174 764 2237 τοῖς
777 2160 890 2237 ἄλλοις
900 2172 968 2235 τοῖς
980 2151 1017 2224 εὖ
1029 2165 1231 2243 φρονοῦσιν,

273 2264 412 2330 ἐκείνων
420 2259 457 2330 δὲ
465 2258 563 2329 τῶνδ
572 2287 607 2328 τε
624 2274 786 2345 προεῖπον
803 2256 867 2341 πρὸ
886 2256 1032 2335 ἅπαντος
1047 2263 1107 2324 τοῦ
1126 2257 1232 2343 λόγου
1359 2338 1360 2343 ¹

275 2363 594 2449 μνημονευσόντων.
619 2370 664 2450 τῶ
680 2386 714 2427 τε
740 2360 863 2445 πλήθει
881 2366 948 2425 τῶν
964 2360 1154 2444 λεγομένων
1169 2357 1234 2427 οὐκ
1251 2376 1295 2429 2⁶1

277 2459 550 2545 έπιτιμησόντων,
563 2455 637 2525 οὐδ’
653 2455 694 2545 ἢν
704 2464 835 2543 μυρίων
846 2460 936 2523 ἐπῶν
947 2448 968 2545 ᾗ
980 2453 1015 2523 τό
1028 2464 1143 2542 μῆκος,
1155 2454 1232 2524 ἄλλ’

276 2556 330 2644 ἐφ’
343 2557 454 2637 αὑτοῖς
466 2557 495 2627 εἶ
497 2585 550 2625 ναι
562 2558 773 2644 νομιοόντῶν
788 2562 952 2623 τοσοῦτον
965 2552 1159 2641 ἀναγνῶναι
1171 2560 1230 2641 μέ-

276 2683 333 2743 ρος
348 2659 402 2726 καλ
417 2662 575 2741 διελθεῖν,
592 2653 719 2724 ὁπόσον
734 2652 777 2722 δν
793 2652 885 2722 αὐτοὶ
898 2661 1124 2741 βουληθῶσιν,
1142 2655 1231 2721 πόν-

276 2782 343 2822 των
361 2756 396 2823 δὲ
413 2758 553 2842 μα’λιστα
569 2764 636 2823 τῶν
654 2750 795 2833 οὐδενός
814 2748 858 2821 όν
880 2751 977 2838 ἥδιον
995 2750 1191 2819 ἀκουόντων
1208 2748 1230 2838 η’

276 2855 379 2939 λόγου
397 2855 577 2935 διεξιόντος
594 2853 730 2937 ἀνδρῶν
745 2850 865 2937 ἀρετὰς
884 2854 937 2919 καλ
959 2852 1085 2928 πόλεως
1103 2852 1230 2932 τρόπον

144 3011 150 3024 .
211 2967 257 3024 137
278 2962 385 3032 καλῶς
400 2957 615 3040 οἰκουμένης,
632 2953 718 3035 ἅπερ
736 2960 765 3021 εί
778 2952 989 3039 μιμήσασθαί
1003 2977 1090 3029 τινες
1103 2957 1229 3037 βουλη-

276 3063 370 3121 θεῖεν
386 3057 439 3121 καὶ
455 3057 647 3139 δυνηθεῖεν,
668 3048 766 3119 αὐτοί
778 3050 809 3118 τ’
824 3046 868 3117 όίυ
883 3052 918 3117 ἐν
934 3050 1061 3137 μεγάλη
1076 3050 1155 3136 δόξῃ
1170 3046 1230 3115 τόν

277 3158 353 3231 βίον
368 3152 561 3237 διαγόγοιεν
576 3153 630 3220 καί
645 3148 703 3230 τός
713 3151 828 3229 πόλεις
837 3145 895 3227 τὰς
907 3146 1018 3214 αὑτῶν
1031 3144 1230 3232 εὐδαίμονας

277 3254 456 3340 ποιήσαιεν.
493 3254 585 3331 οἴους
610 3252 672 3338 μὲν
698 3243 764 3319 οὖν
790 3246 949 3333 εὐξαίμην
973 3242 1017 3314 όν
1044 3244 1130 3315 εἶναι
1154 3245 1261 3326 τοδςο
1359 3275 1360 3286 ¹

275 3349 525 3435 ἀκουσομένους
540 3358 607 3418 τῶν
623 3354 722 3437 ἐμῶν,
745 3360 876 3434 είρηκοι,
900 3350 1032 3413 δέδοικα
1049 3347 1085 3412 δὲ
1099 3343 1143 3430 μή
1161 3371 1230 3454 μοι·

276 3448 388 3515 οότων
417 3454 609 3535 γενομένων
639 3446 726 3516 πολὺ
758 3450 1014 3528 καταδεέστερον
1049 3454 1130 3511 εῖπῶ
1162 3452 1230 3512 τῶν

276 3547 496 3634 πραγμάτων,
520 3552 595 3632 περὶ
617 3540 665 3615 ῶν
684 3550 793 3632 μέλλω
815 3554 984 3613 ποιεῖσθαι
1002 3542 1080 3621 τούς
1096 3543 1225 3630 λόγους.

276 3642 365 3730 όμως
380 3645 410 3712 δ’
429 3646 550 3731 οὕτως,
567 3644 656 3722 ὅπως
672 3642 716 3711 ῶν
735 3642 803 3724 οἷός
819 3642 848 3711 τ’
868 3635 910 3728 ῶ,
934 3645 1133 3728 πειράσομαι
1154 3646 1221 3709 δια-
