2859 4334
290 355 332 419 28
556 357 809 417 ΙΣΟΚΡΑΤΟ
819 358 882 417 ΤΣ
894 359 961 435 (1²)

295 521 350 585 καλ
360 516 534 599 πρόςτους
544 512 669 596 αὐτοὺς
679 516 874 603 γενομένων
891 521 986 608 έντῷ
999 519 1141 600 παρόντι
1157 520 1244 587 ταῦτ’

293 612 383 700 εἶχον
400 622 514 685 είπελν.

243 729 278 779 62
375 714 443 802 (κδ’
445 724 471 801 .)
493 711 595 800 Οἶμαι
604 715 640 781 δέ
650 711 730 792 τούς
740 711 851 802 ἀηδῶς
861 712 1048 796 ἀκούοντας
1057 724 1125 785 τῶν
1136 716 1249 802 λόγων

291 812 423 879 τούτων
441 827 511 891 τοῖς
532 814 596 899 μέν
616 818 803 899 είρημένοις
823 812 926 881 οὐδὲν
947 812 1100 900 ἀντερεῖν
1122 814 1167 895 ὡς
1180 814 1248 885 οὐκ

292 905 456 996 ἀληθέσιν
471 902 581 998 οὖσιν,
597 908 669 979 οὐδ’
686 904 731 979 αὖ
744 911 879 995 πράξεις
897 914 1010 998 ἑτέρας
1026 916 1112 995 ἕξειν
1128 921 1247 1000 εἰπεῖν,

291 1011 367 1092 περὶ
387 1007 427 1088 ἀς
447 1012 711 1097 Λακεδαιμόνιοι
740 1013 918 1098 γενόμενοι
942 1022 1077 1083 πολλῶν
1103 1014 1248 1101 ἀγαθῶν

291 1116 391 1195 αἰτιοι
401 1121 471 1187 τοῖς
476 1106 612 1195 Ἕλλησι
621 1113 839 1197 κατέστησαν,
852 1127 1052 1199 κατηγορεῖν
1062 1114 1098 1181 δὲ
1110 1121 1168 1198 τῆς
1182 1114 1248 1179 πό-

242 1216 277 1273 ⁶³
293 1216 377 1287 λεως
395 1205 492 1295 ήμῶν
512 1210 752 1297 ἐπιχειρήσειν,
783 1208 867 1296 ὅπερ
889 1208 941 1279 ἀεὶ
961 1226 1068 1280 ποιεῖν
1091 1214 1248 1297 είῶθασι,

290 1309 345 1376 καὶ
365 1310 523 1387 διεξιέναι
542 1307 602 1387 τὰς
624 1310 885 1396 δυσχερέστάτας
905 1317 973 1378 τῶν
998 1311 1153 1394 πράξεων
1174 1320 1275 1378 τῶνδ

291 1407 345 1475 έπλ
359 1414 417 1494 τής
437 1404 540 1494 ἀρχῆς
553 1416 612 1494 τῆς
627 1406 710 1475 κατὰ
727 1410 900 1476 θάλατταν
921 1413 1164 1497 γεγενημένων,
1187 1411 1245 1477 καὶ

290 1505 350 1585 τάς
362 1532 398 1575 τε
420 1510 516 1585 δίκας
527 1508 584 1575 καί
605 1505 664 1585 τάς
678 1514 805 1590 κρίσεις
824 1508 883 1587 τὰς
903 1508 1027 1577 ἐνθάδε
1043 1514 1243 1596 γιγνομένας

290 1617 358 1683 τοῖς
372 1603 557 1691 συμμάχοις
571 1610 625 1673 καλ
640 1603 703 1693 τήν
718 1613 787 1673 τῶν
804 1608 923 1691 φόρων
938 1613 1109 1693 ελσπραξιν
1124 1614 1244 1695 διαβα-

289 1711 372 1790 λείν,
388 1706 444 1772 καλ
463 1705 605 1790 μάλιστα
625 1709 812 1791 διατρίψειν
827 1710 902 1793 περὶ
925 1705 965 1774 τά
986 1715 1131 1795 Μηλίων
1146 1707 1242 1794 πάθη

290 1806 554 1875 καλΣκιωναίων
569 1810 624 1875 καλ
642 1814 856 1892 Τορωναίων,
872 1813 1046 1893 οἰομένους
1056 1823 1127 1887 ταις
1140 1834 1244 1894 κατη-

290 1912 419 1991 γορίαις
438 1908 572 1985 ταύταις
593 1920 863 1992 καταρρυπανεῑν
879 1905 939 1985 τὰς
958 1914 1016 1993 τῆς
1035 1908 1164 1985 πόλεως
1184 1904 1243 1974 εὐ-

242 2017 277 2072 ⁶4
295 2011 445 2091 εργεσίας
458 2004 517 2085 τὰς
533 2004 634 2097 ὀλίγη)
649 2008 815 2091 πρότερον
830 2010 1012 2092 εἰρημένας.
1056 2004 1147 2092 (κγ’.)
1160 2002 1242 2091 ’ίθγῶ
1359 2086 1360 2109 ¹

291 2105 328 2173 δέ
341 2102 426 2188 πρὸς
440 2103 570 2173 ἅπαντα
588 2107 650 2192 μὲν
664 2105 705 2172 τά
717 2109 854 2184 δικαίως
863 2100 908 2173 ἀν
919 2107 1066 2192 ῥηθέντα
1084 2101 1166 2172 κατά
1184 2111 1243 2191 τῆς
1359 2110 1360 2136 ¹

290 2204 420 2282 πόλεως
430 2200 498 2272 οὔτ’
512 2200 557 2272 ἀν
568 2208 735 2290 δυναίμην
747 2202 916 2272 ἀπειπεῖν
932 2202 997 2271 οὔτ’
1017 2198 1061 2270 ἀν
1076 2205 1273 2290 έπιχειρή-ε

291 2323 384 2389 σαιμι
405 2311 504 2373 τοῦτο
525 2319 645 2374 ποιελν·
671 2302 813 2391 καὶγὰρ
837 2299 881 2370 ἀν
902 2309 1137 2389 αἰσχυνοίμην,
1158 2301 1244 2386 ὅπερ

292 2402 388 2470 εἶπον
407 2403 472 2490 ήδη
493 2406 549 2473 καί
574 2406 758 2492 πρότερον,
785 2409 815 2473 εί
833 2411 902 2471 τῶν
920 2402 1033 2472 ἀλλων
1054 2402 1136 2489 μηδὲ
1164 2401 1245 2481 τούς
1357 2456 1358 2532 η

289 2500 394 2581 θεοὺς
406 2502 657 2592 ἀναμαρτήτους
671 2504 756 2573 εἶναι
770 2505 976 2591 νομιζόντων
987 2501 1052 2591 έγῶ
1068 2509 1245 2589 γλιχοίμην

291 2604 346 2669 καλ
361 2603 533 2692 πειρῴμην
545 2611 689 2690 πείθειν,
706 2600 752 2682 ῶς
765 2607 841 2685 περὶ
854 2600 955 2669 οὐδέν
970 2601 1102 2668 πῶποτε
1116 2600 1154 2667 τὸ
1168 2626 1242 2667 κοι-

241 2714 275 2767 65
293 2701 356 2771 νδν
366 2700 461 2790 ήμῶν
476 2708 761 2791 πεπλημμέληκεν·
778 2700 820 2770 οὐ
834 2699 902 2789 μήν
912 2698 981 2769 ἀλλ’
997 2697 1140 2785 έκείνόγ’
1151 2698 1243 2784 οἶμαι
1261 2711 1313 2764 246

289 2803 457 2890 ποιήσειν,
478 2805 539 2890 τήν
560 2830 595 2870 τε
622 2802 722 2871 πόλιν
741 2799 803 2887 τήν
823 2806 1045 2885 Σπαρτιατῶν
1068 2800 1243 2876 ἐπιδείξειν

291 2903 366 2986 περὶ
378 2899 438 2981 τὰς
453 2904 589 2986 πράξεις
602 2900 661 2981 τὰς
677 2903 918 2987 προειρημένας
938 2896 1025 2966 πολὺ
1040 2900 1243 2981 πικροτέραν

290 3004 345 3071 καί
359 3006 590 3088 χαλεπωτέραν
605 3009 663 3088 τῆς
676 2999 838 3087 ἡμετέρας
852 3000 1090 3085 γεγενημένην,
1111 2996 1191 3075 τούς
1205 2992 1241 3063 θ’
1354 3014 1355 3033 ³

290 3098 376 3186 ὑπὲρ
391 3104 531 3170 ἐκείνων
541 3105 825 3188 βλασφημοῦντας
839 3094 914 3165 καθ’
928 3094 1025 3184 ήμῶν
1040 3092 1242 3176 ῶςδυυατδν

289 3198 522 3287 ἀφρονέστατα
550 3202 782 3284 διακειμένους
807 3199 862 3267 καλ
889 3204 951 3264 τοῦ
971 3203 1081 3274 κακῶς
1101 3192 1243 3263 ἀκούειν

239 3305 274 3361 δδ
292 3296 348 3385 ὑφ’
366 3296 464 3386 ήμῶν
477 3295 557 3376 τούς
572 3305 693 3384 φίλους
707 3294 821 3365 αὐτῶν
833 3302 960 3374 αἰτίους
973 3294 1082 3374 ὄντας·
1105 3290 1239 3363 έπειδάν

288 3395 354 3485 γὰρ
369 3395 409 3465 τά
424 3404 562 3465 τοιαῦτα
581 3403 825 3485 κατηγορῶσιν,
842 3390 892 3475 οἷς
906 3402 1014 3483 ένοχοι
1030 3394 1242 3480 Λακεδαιμό-

288 3522 356 3564 νιοι
369 3503 498 3582 μᾶλλον
518 3496 744 3582 τυγχάνουσιν
761 3492 871 3580 ὄντες,
892 3491 956 3563 οὐκ
969 3489 1165 3581 ἀποροῦμεν
1177 3503 1270 3563 τοῦθ

292 3598 366 3679 περὶ
382 3593 477 3682 ἡμῶν
496 3598 659 3683 ῥηθέντος
681 3600 793 3679 μεῖζον
815 3592 992 3680 ἁμάρτημα
1019 3589 1087 3663 κατ’
1105 3597 1246 3666 ἐκείνων
