2859 4334
268 379 331 443 240
454 371 457 376 ’
544 382 869 442 memnon
887 382 961 461 (ιο)

217 568 249 616 62
268 555 569 623 κατακαλέσωνται.
600 550 682 641 μετά
703 553 742 622 δέ
759 560 863 622 ταῦτα
881 554 1050 641 τοσαύτην
1069 555 1240 648 Μενελάῳ

268 654 365 743 χάριν
383 654 556 725 άτιέδωκεν
574 647 663 741 ὑπὲρ
676 656 745 722 τῶν
758 649 874 723 πόνων
891 657 949 724 καί
966 661 1037 723 τῶν
1049 655 1239 744 κινδύνων,
1354 685 1356 746 J

269 752 329 836 οὓς
347 753 393 826 δι’
414 758 545 844 ἐκείνην
563 752 761 844 ὑπέμεινεν,
787 755 872 826 ῶστε
894 758 1099 841 τοῦγένους
1123 756 1238 826 άπαν-
1354 765 1355 784 ³

267 885 324 937 τος
348 863 409 927 τού
430 861 631 928 Πελοπιδῶν
656 860 904 945 διαφθαρέντος
927 858 986 926 καί
1008 874 1127 939 κακοῖς
1151 856 1239 947 άνη-

268 959 397 1038 κέστοις
410 957 648 1047 περιπεσόντος
662 955 703 1026 ού
718 957 825 1046 μόνον
839 957 949 1028 αύτόν
960 963 1031 1027 τῶν
1046 964 1240 1048 συμφορῶν
1355 991 1356 1012 ³

267 1058 399 1128 τούτων
412 1056 605 1147 ἀπήλλαξεν
623 1057 708 1127 άλλά
727 1060 785 1127 καὶ
799 1052 883 1129 θεόν
901 1057 978 1129 άντὶ
990 1064 1123 1149 θνητοῦ
1138 1058 1238 1148 ποιή-

269 1180 356 1230 σασα
380 1159 539 1230 σύνοικον
563 1158 653 1250 αύτῇ
671 1162 730 1229 καὶ
754 1160 926 1249 πάρεδρον
944 1167 992 1240 είς
1017 1160 1152 1230 ἅπαντα
1175 1160 1239 1231 τόν

217 1277 249 1325 οι
268 1266 377 1331 αἰῶνα
394 1260 626 1348 κατεστήσατο.
662 1261 720 1330 καὶ
737 1259 869 1342 τούτοις
890 1268 955 1349 ἔχω
972 1261 1037 1349 τὴν
1054 1260 1155 1331 πόλιν
1171 1263 1236 1351 τὴν
1256 1276 1276 1328 d

269 1366 494 1451 Σπαρτιατῶν
520 1360 583 1448 τὴν
612 1360 755 1451 μάλιστα
784 1363 826 1432 τά
852 1363 977 1432 παλαιά
1007 1363 1239 1446 διασῶζουσαν

268 1469 356 1557 έργφ
370 1465 605 1554 παρασχέσθαι
616 1468 875 1553 μαρτυρούσαν·
896 1471 943 1534 ἔτι
955 1463 1023 1551 γάρ
1036 1465 1093 1533 καὶ
1112 1471 1181 1533 νῶν
1201 1468 1239 1534 έν

269 1564 458 1652 Θεράπναις
475 1570 534 1653 τῆς
552 1568 750 1651 Λακωνικῆς
767 1572 894 1645 θυσίας
917 1564 1037 1644 αὐτοῖς
1061 1565 1162 1652 άγίας
1179 1566 1239 1635 καὶ

268 1674 412 1754 πατρίας
435 1664 659 1735 άποτελοῶσιν
684 1664 749 1753 οὐχ
766 1664 812 1746 ῶς
833 1665 961 1756 ἥρωσιν
979 1663 1057 1734 ἀλλ’
1078 1660 1125 1746 ῶς
1141 1676 1239 1748 θεοῖς

268 1764 471 1855 άμφοτέροις
488 1758 595 1837 οὖσιν.

217 1936 250 1984 u
345 1916 435 2007 (κη’.)
447 1915 701 2001 meatuum
714 1919 772 1986 καὶ
780 1917 1033 2009 Στησιχόρφτῷ
1042 1924 1164 2008 ποιητῇ
1173 1919 1238 2005 τὴν

269 2019 376 2107 αὐτῆς
401 2019 564 2108 δύναμιν·
596 2017 653 2089 ότι
675 2018 740 2107 μέν
762 2015 828 2108 γάρ
852 2015 1038 2106 άρχόμενος
1060 2022 1121 2107 τῆς
1145 2016 1239 2112 ᾠδῆς

270 2120 509 2211 έβλασφήμησέ
521 2148 553 2189 τι
570 2123 648 2208 περὶ
665 2116 790 2207 αὐτῆς,
815 2116 938 2208 άνέστη
955 2126 1026 2190 τῶν
1043 2116 1238 2208 ὀφθαλμῶν
1254 2150 1271 2185 ο

270 2223 499 2311 ἐστερημένος,
512 2222 625 2308 ἐπειδὴ
633 2218 973 2308 δὲμνούςτὴναίτίαν
984 2224 1044 2309 τῆς
1055 2226 1237 2310 συμφορᾶς

269 2322 332 2412 τὴν
354 2323 567 2411 καλουμένην
585 2327 796 2414 παλινῳδίαν
821 2324 976 2410 ἐποίησε,
1001 2323 1103 2391 πάλιν
1127 2321 1239 2392 αύτόν

218 2440 252 2489 σο
270 2432 319 2503 είς
331 2422 394 2511 τὴν
408 2420 517 2511 αὐτὴν
524 2422 633 2512 φύσιν
647 2425 858 2511 κατέστησεν.
878 2424 1016 2508 λέγουσι
1025 2425 1067 2493 δέ
1076 2450 1165 2505 τινες
1178 2427 1238 2495 καί

268 2525 545 2614 τῶνὉμηριδῶν,
559 2522 604 2605 ῶς
618 2526 778 2593 ἐπιστᾶσα
786 2525 845 2609 τῆς
859 2517 1121 2617 νυκτόςὉμηρφ
1127 2548 1238 2614 προσ-

271 2629 364 2709 έταξε
380 2640 491 2696 ποιεῖν
507 2627 585 2714 περὶ
609 2629 677 2694 τῶν
695 2626 999 2714 στρατευσαμένων
1016 2627 1072 2694 ἐπὶ
1095 2635 1237 2715 Τροίαν,

269 2728 459 2818 βουλομένη
481 2727 543 2797 τόν
567 2730 707 2796 ἐκείνων
723 2725 877 2795 θάνατον
892 2726 1120 2815 ζηλωτότερον
1135 2722 1157 2815 ἢ
1174 2726 1238 2797 τόν
1256 2744 1309 2793 κιο

269 2837 347 2918 βίον
359 2827 421 2898 τόν
433 2832 502 2897 τῶν
515 2826 629 2897 ἄλλων
642 2829 858 2914 καταστῆσαι·
874 2828 932 2896 καὶ
945 2828 1047 2917 μέρος
1058 2829 1123 2916 μέν
1135 2855 1167 2896 τι
1178 2830 1238 2897 καὶ

269 2931 324 3001 διά
338 2928 551 3020 τὴνὉμῆρου
563 2930 697 3016 τέχνην,
709 2927 851 3017 μάλιστα
865 2928 903 2997 δέ
917 2927 973 2998 διά
985 2930 1115 3017 ταύτην
1127 2927 1237 3011 οὕτως

269 3031 495 3121 ἐπαφρόδιτον
508 3030 566 3101 καλ
579 3028 670 3119 παρά
688 3032 791 3098 πᾶσιν
805 3024 997 3118 ὀνομαστὴν
1013 3027 1124 3100 αύτού
1138 3031 1232 3118 μενέ-

270 3144 351 3203 σθαι
367 3132 431 3221 τὴν
449 3140 593 3221 ποίησιν.

219 3299 252 3348 66
347 3282 444 3375 (κδ’.)
463 3283 520 3365 Ὡς
538 3275 603 3353 οόν
620 3286 678 3353 καὶ
696 3288 797 3371 δίκην
815 3290 932 3372 λαβείν
954 3282 1013 3351 καὶ
1030 3282 1131 3371 χάριν
1147 3277 1234 3352 άπο-

270 3392 392 3457 δοῦναι
405 3387 612 3474 δυναμένην,
625 3383 706 3465 τούς
719 3384 782 3473 μέν
795 3400 865 3464 τοῖς
877 3384 1022 3474 χρήμασι
1030 3384 1235 3470 προέχοντας

269 3485 673 3576 άναθήμασικαίθυσίαις
687 3486 826 3566 καὶταίς
839 3482 954 3565 ἄλλαις
962 3485 1142 3571 προσόδοις
1157 3484 1234 3554 ίλά-

271 3599 409 3659 σκεσθαι
433 3591 490 3657 καλ
513 3590 614 3676 τιμᾶν
638 3580 748 3676 αύτὴν
765 3585 846 3675 χρὴ,
870 3584 950 3667 τούς
968 3586 1006 3656 δέ
1025 3586 1234 3673 φιλοσόφους
1252 3600 1270 3650 b

270 3693 457 3774 πειρᾶσθαί
469 3716 501 3757 τι
514 3691 624 3776 λέγειν
636 3691 715 3777 περὶ
733 3681 840 3775 αύτῆς
857 3685 952 3770 ἄξιον
968 3692 1038 3756 τῶν
1055 3680 1233 3774 ύπαρχόν-
