2859 4334
421 334 905 418 πενελιννιιοεεωκ
1079 356 1141 420 ιον

187 528 270 596 λεως
287 526 395 597 καλῶς
410 519 650 603 διοικήσουσιν,
669 508 780 602 ὦνπερ
793 522 891 586 ἕνεκα
907 524 961 587 καὶ
977 521 1141 605 πονητέον

187 619 242 684 καὶ
258 620 503 702 φιλοσοφητέον
518 619 572 684 καὶ
588 618 697 684 πάντα
713 622 878 701 πρακτέον
893 622 990 688 ἐστίν.
1019 617 1074 701 ἀφ’
1092 612 1141 687 όν

187 716 281 803 ὑμεῖς
297 715 405 783 πολύν
419 714 482 801 ἤδη
497 712 620 799 χρόνον
634 712 837 785 ἀπελαύνετε
853 716 931 797 τούς
945 726 1137 803 νεωτέρους,

186 815 425 902 ἀποδεχόμενοι
437 812 516 892 τούς
527 815 647 900 λόγους
658 823 726 881 τῶν
738 817 988 904 διαβαλλόντων
998 816 1059 904 τὴν
1070 844 1135 887 τοι·
1160 835 1206 889 1²4

112 935 168 987 286
185 916 292 1000 αύτην
317 919 479 983 παιδείαν.
518 915 573 982 καὶ
593 914 657 998 γάρ
682 940 733 983 τοι
754 918 953 1002 πεποιήκατε
978 915 1057 996 τούς
1077 922 1139 1004 μὲν

185 1012 452 1091 ’ἐπιεικεστάτους
473 1010 585 1080 αὐτόν
607 1016 643 1080 ἐν
660 1014 774 1093 πότοις
794 1019 847 1082 καὶ
870 1024 1064 1095 συνουσίαις
1085 1019 1139 1086 καί

187 1115 368 1200 ῥᾳθυμίαις
382 1116 436 1180 καὶ
453 1116 598 1191 παιδιαῖς
618 1111 679 1197 την
695 1110 829 1199 ἡλικίαν
843 1117 989 1201 διάγειν,
1014 1114 1139 1201 ἀμελή-

187 1233 310 1291 σαντας
317 1218 378 1277 τοῦ
393 1212 609 1295 σπουδάζειν,
625 1208 714 1289 ὅπως
730 1217 861 1279 ἔσονται
877 1221 1043 1300 βελτίους,
1060 1213 1139 1293 τούς

188 1310 224 1375 δὲ
238 1316 335 1393 χείρω
351 1306 412 1393 τὴν
435 1309 540 1393 φύσιν
557 1314 690 1395 ἔχοντας
710 1311 747 1375 ἐν
767 1310 933 1389 τοιαύταις
949 1308 1139 1391 ἀκολασίαις

186 1405 379 1494 ἡμερεύειν,
400 1409 437 1475 ἐν
454 1400 504 1485 αἷς
519 1408 683 1493 πρότερον
699 1404 773 1475 οὐδ’
791 1404 836 1475 ἀν
851 1412 977 1495 οἰκέτης
992 1409 1138 1497 ἐπιεικὴς

108 1520 164 1575 287
186 1503 295 1583 οὐδεὶς
316 1505 509 1592 ἐτόλμησεν
529 1510 563 1573 οί
580 1508 642 1590 μὲν
661 1504 726 1591 γάρ
744 1503 856 1573 αὐτῶν
871 1510 923 1575 ἐπὶ
940 1518 996 1593 της
1008 1507 1135 1577 Ἐννεα-

187 1605 337 1691 κρούνου
362 1604 528 1691 ψύχουσιν
556 1602 665 1688 οἶνον,
695 1611 729 1673 οί
751 1602 784 1672 δ’
801 1610 837 1673 έν
858 1621 934 1686 τοῖς·
950 1615 1139 1695 καπηλείοις

186 1714 358 1789 πίνουσιν,
387 1706 493 1788 ἕτεροι
514 1702 547 1771 δ’
570 1707 606 1772 έν
628 1719 695 1783 τοῖς
716 1713 923 1791 σκιραφείοις
944 1708 1137 1794 κυβεύουσι,

186 1804 303 1871 πολλοὶ
319 1800 352 1869 δ’
369 1804 405 1869 ἐν
421 1802 492 1881 τοῖς
503 1810 570 1870 τῶν
586 1800 794 1889 αὐλητρίδων
810 1808 1050 1883 διδασκαλείοις
1065 1810 1138 1873 δια-

185 1909 368 1989 τρίβουσιν.
397 1905 452 1972 καὶ
467 1900 546 1981 τούς
560 1899 621 1989 μὲν
636 1905 687 1971 ἐπὶ
702 1911 804 1970 ταῦτα
817 1908 1064 1988 προτρέποντος
1077 1902 1138 1971 ού-

186 2006 253 2081 δεῖς
274 2004 407 2071 πώποτε
427 2011 495 2076 των
526 2004 688 2089 κήδεσθαι
710 2004 911 2087 φασκόντων
931 2011 988 2089 τῆς
1010 2002 1139 2089 ἡλικίας

183 2104 306 2189 ταύτης
319 2110 363 2181 είς
375 2102 461 2191 ὑμᾶς
473 2105 648 2190 εἰσήγαγεν
659 2112 667 2141 ·’
687 2102 768 2189 ἡμῖν
779 2105 815 2171 δὲ
827 2102 912 2171 κακά
926 2108 1137 2190 παρέχουσιν,

184 2197 234 2280 οἷς
248 2201 342 2281 ἀξιον
356 2195 418 2290 ἦν,
435 2209 465 2271 εί
477 2204 531 2271 καὶ
552 2200 694 2289 μηδενός
709 2201 830 2288 ἀλλον,
849 2203 972 2269 τούτου
988 2229 1025 2287 γε
1038 2205 1138 2289 χάριν

184 2306 287 2385 ἔχειν,
304 2298 355 2367 ὅτι
369 2299 447 2379 τούς
464 2302 628 2378 συνόντας
652 2308 719 2367 τῶν
739 2302 901 2368 τοιούτων
917 2300 1138 2387 ἐπιτηδευμά-

103 2416 165 2471 288
180 2426 248 2466 των
267 2396 504 2485 ἀποτρίπομεν.
540 2398 629 2467 οὕτω
652 2398 684 2467 δ’
708 2402 775 2469 ἐστὶ
796 2400 956 2486 δυσμενές
980 2400 1082 2469 ἀπασι
1100 2400 1135 2469 τό

183 2510 252 2569 των
267 2510 490 2586 συκοφαντῶν
504 2504 616 2587 γένος,
639 2500 723 2568 άίστε
739 2516 808 2579 τοῖς
823 2502 885 2586 μὲν
900 2504 1074 2587 λυομένοις
1091 2511 1137 2569 εί·

182 2620 258 2667 κοσι
269 2602 324 2667 καὶ
335 2601 512 2682 τριάκοντα
524 2608 619 2686 μυῶν
631 2598 689 2678 τάς
700 2602 885 2686 μελλούσας
896 2601 950 2667 καὶ
962 2598 1022 2667 τόν
1034 2599 1137 2668 ἀλλον

183 2698 278 2767 οἷκον
293 2702 554 2785 συναναιρήσειν
569 2699 630 2785 οὐχ
646 2698 737 2777 ὅπως
750 2696 795 2766 ἀν
811 2699 1034 2785 έπιπλήξειαν,
1052 2692 1137 2793 ἀλλά

183 2802 237 2866 καὶ
249 2805 465 2884 συγχαίρουσι
476 2814 545 2877 ταῖς
559 2798 713 2877 ἀσωτίαις
728 2797 857 2884 αύτιδυ,
872 2797 952 2878 τούς
966 2796 998 2866 δ’
1017 2806 1062 2877 εἰς
1076 2796 1137 2883 την

182 2894 296 2963 αὑτῶν
311 2902 465 2965 παιδείαν
483 2895 599 2965 ὁτιοῦν
619 2895 858 2975 ἀναλίσκοντας
876 2902 1139 2984 διαφθείρεσθαί

180 3016 293 3081 φασιν.
330 2986 488 3073 ύυῖτίνες
514 2992 558 3063 ἀν
581 2996 785 3081 ἀδικώτερον
809 3002 917 3081 ἔχοιεν
941 2995 1004 3085 τὴν
1029 3004 1136 3066 αἰτίαν

99 3115 161 3170 239
181 3095 323 3181 ταύτην;
353 3097 473 3179 οἵτινες
499 3098 535 3162 ἐν
558 3096 693 3172 ταύταις
716 3096 779 3181 μὲν
802 3109 874 3172 ταῖς
896 3090 1028 3181 ’ἀκμαῖς
1043 3093 1137 3174 ὄντες
1157 3113 1204 3166 m

180 3190 359 3278 ὑπερεῖδον
366 3191 425 3271 ’τάς
438 3190 570 3279 ἡδονάς,
587 3196 624 3260 ἐν
634 3191 684 3271 αίς
695 3198 730 3262 οί
737 3202 884 3262 πλεῖστοι
898 3200 968 3262 τόν
979 3195 1135 3281 τηλικού-

179 3318 247 3358 των
262 3290 393 3376 μάλιστ’
412 3290 523 3360 αὐτῶν
538 3295 780 3378 ἐπιθυμοῦσιν,
800 3291 876 3373 ἐξόν
891 3290 923 3360 δ’
939 3292 1052 3375 αὐτοῖς
1072 3297 1133 3383 όφ-

179 3401 304 3475 θυμεῑν
318 3390 422 3477 μηδὲν
438 3394 689 3476 δαπανωμένοις
702 3386 831 3460 εἵλοντο
842 3405 960 3458 πονεῖν
984 3390 1133 3478 χρήματα

179 3492 386 3573 τελέσαντες,
404 3488 478 3575 ἀρτι
490 3488 521 3557 δ’
536 3493 572 3558 ἐκ
582 3494 712 3557 παίδων
723 3491 960 3578 ἐξεληλυθότες
971 3484 1133 3578 ἔγνωσαν,

96 3606 159 3661 υ9ο
179 3586 333 3655 ἀπολλοὶ
353 3595 420 3655 τῶν
441 3591 677 3673 πρεσβυτέρων
696 3587 759 3657 ούκ
780 3599 910 3674 ίσασιν,
936 3585 1055 3661 ότιδελ
1075 3589 1134 3660 τόν
