2859 4334
411 435 535 493 ΠΕΡΙ
562 434 657 493 ΤΟΥ
677 437 908 499 ΖΕΤΓΟῬΣ.
1074 438 1135 503 179

160 608 195 660 5·
263 587 334 679 (γ’.)
352 594 399 660 Οί
410 589 475 679 γὰρ
484 589 521 659 τὸ
536 595 670 679 πρῶτον
679 592 1031 687 ἐπιβυυλεύσαντεςτῷ
1038 594 1133 692 δήμω
1194 605 1198 613 “

187 694 243 760 καὶ
257 692 521 776 καταστήσαντες
534 693 614 774 τούς
627 703 876 781 τετρακοσίους,
896 698 1009 786 ἐπειδὴ
1023 726 1130 786 παρα-

187 793 393 881 καλούμενος
406 790 540 882 ὁπατὴρ
554 791 617 864 ούκ
631 794 732 884 ἤθελε
745 798 905 883 γενέσθαι
920 796 992 886 μετ’
1007 798 1133 888 αὐτῶν,

187 892 1006 986 ὀρῶντεςαύτδνκαίπρόςτάςπράξειςέρρωμένως
1014 906 1133 987 ἔχοντα

187 996 243 1064 καὶ
268 994 353 1083 πρός
377 996 416 1065 τό
443 1002 573 1084 πλῆθος
600 1005 725 1078 πιστῶς
743 1003 974 1088 διακείμενον,
1005 1000 1068 1090 ούχ
1090 1002 1132 1089 ἡ

187 1096 305 1183 γοῦντ’
325 1093 428 1167 ον’δλν
447 1093 559 1168 οἷοίτ’
579 1097 665 1174 εἶναι
685 1116 791 1169 κινεῖν
808 1103 876 1169 τῶν
897 1103 1160 1190 καθεστάτων,ε

159 1199 269 1280 οπρὶν
284 1197 436 1269 ἐκποδών
451 1201 577 1283 ἐκεῖνος
591 1200 710 1282 αὐτοῖς
719 1204 864 1288 γίνοιτο·
888 1203 1013 1285 είδότες
1023 1204 1133 1291 δὲτὴν

181 1298 281 1366 πόλιν
297 1305 366 1365 των
382 1295 443 1381 μὲν
460 1298 535 1379 περὶ
552 1294 631 1374 τούς
644 1294 749 1373 θεούς
762 1294 888 1381 μάλιστ’
904 1293 949 1364 άν
964 1294 1136 1384 ὀργισθεί-

181 1415 261 1476 σαν,
281 1404 313 1461 εί
328 1420 377 1471 τις
394 1398 443 1470 ,είς
463 1389 502 1459 τά
524 1394 689 1477 μυστήρια
712 1392 858 1477 φαίνοιτ’
886 1393 1133 1479 ἐξαμαρτάνων,

180 1503 247 1561 των
263 1490 292 1559 δ’
309 1490 422 1559 ἄλλων
443 1500 476 1559 εί
492 1518 541 1568 τις
557 1488 618 1576 τὴν
636 1494 862 1576 δημοκρατίαν
877 1492 1010 1583 τολμῴη
1033 1518 1132 1559 κατα-

179 1592 291 1675 λύειν,
318 1588 505 1676 ἀμφοτέρας
527 1590 648 1669 ταύτας
666 1594 848 1668 συνθέντες
863 1588 921 1668 τάς
942 1597 1046 1670 αἰτίας
1067 1598 1136 1660 είσ-
1151 1616 1202 1669 ςςς
1324 1608 1351 1625 ²

178 1691 342 1777 η’γγελλον
359 1696 404 1769 είς
419 1689 480 1777 τὴν
497 1688 642 1777 βουλὴν,
665 1694 833 1775 λέγοντες,
853 1688 897 1769 οἱς
912 1688 930 1758 ὁ
948 1687 1055 1777 πατὴρ
1070 1692 1132 1777 μὲν

178 1788 320 1875 συνάγοι
335 1786 397 1875 τὴν
409 1794 573 1874 ἑταιρείαν
587 1790 639 1856 ἐπί
655 1791 829 1874 νεωτέροις
846 1790 1054 1875 πράγμασιν,
1071 1781 1132 1855 ούι

178 1916 229 1957 τοι
252 1887 283 1955 δ’
303 1890 339 1954 ἐν
359 1895 399 1976 τῇ
419 1895 656 1967 Πουλυτίωνος
679 1893 766 1976 οίκίᾳ
788 1891 1068 1966 συνδειπνοῦντες
1092 1886 1131 1955 τά

142 2004 156 2056 7
176 1988 342 2075 μυστήρια
354 1990 539 2076 ποιήσειαν.
556 2028 559 2042 ·
573 1984 679 2073 ὀρθῆς
691 1987 728 2054 δέ
737 1993 795 2072 τῆς
812 1987 940 2065 πόλεως
951 1992 1132 2073 γενομένης
1150 1990 1170 1995 ”

178 2084 234 2153 διά
258 2084 294 2153 τό
321 2090 462 2172 μέγεθος
485 2093 553 2153 τῶν
574 2091 689 2153 αἰτιῶν
712 2088 766 2153 καὶ
788 2082 842 2153 διά
866 2088 992 2170 ταχέων
1013 2094 1132 2153 συλλε-

177 2191 289 2272 γείσης
308 2188 480 2271 ἐκκλησίας
495 2182 584 2251 οὕτω
601 2194 716 2269 σαφῶς
735 2188 901 2265 ἐπέδειξεν
915 2184 1038 2264 αύτούς
1049 2198 1132 2265 ψευ-

178 2289 352 2371 δομενους,
369 2283 452 2353 ὥστε
467 2284 556 2369 παρά
568 2285 630 2370 μὲν
642 2291 709 2351 τῶν
725 2284 920 2370 κατηγόρων
934 2282 1038 2371 ἡδέως
1055 2280 1130 2350 άνὸ

178 2387 280 2469 δῆμος
292 2390 389 2470 δίκην
396 2390 503 2469 ἔλαβε,
516 2380 575 2450 τὸν
587 2380 619 2449 δ’
630 2389 676 2461 είς
683 2391 843 2450 Σικελίαν
849 2380 1036 2468 στρατηγὸν
1048 2384 1131 2467 ἐγει-
1144 2400 1160 2452 b

178 2480 369 2568 ροτόνησεν.
378 2480 460 2568 μετὰ
467 2484 503 2549 δὲ
512 2479 636 2549 ταῦθ’ἶ)
644 2482 706 2569 μὲν
713 2483 908 2561 ἐξέπλευσεν
915 2478 1130 2567 άςάπηλλαγ-

177 2587 276 2667 μένος
284 2580 346 2668 ἤδη
359 2587 416 2667 τῆς
424 2584 589 2668 διαβολῆς,
603 2585 637 2648 οί
653 2580 688 2649 δὲ
699 2578 991 2667 συστησαντεςτὴν
1002 2578 1131 2667 βουλὴν

176 2682 230 2748 καλ
242 2678 320 2759 τούς
330 2681 472 2769 ῥήτορας
482 2676 652 2765 ὑφάὑτοῖς
659 2679 879 2766 ποιησάμενοι
885 2680 987 2746 πάλιν
993 2677 1132 2767 ἤγειρον

144 2790 162 2841 ε
175 2775 213 2846 τὸ
225 2786 360 2865 πρᾶγμα
371 2783 425 2846 καὶ
437 2777 589 2865 μηνυτὰς
594 2782 800 2865 είσίπεμπον.
824 2782 878 2848 καί
892 2788 925 2848 τί
938 2784 991 2847 δεῖ
1001 2806 1129 2865 μακρο-

176 2888 304 2964 λογεῖνς
319 2875 362 2946 ού
377 2876 442 2965 γάρ
457 2880 622 2963 πρότερον
636 2881 842 2963 ἐπαύσαντο,
855 2883 936 2965 πρὶν
946 2879 1006 2947 τόν
1020 2906 1055 2947 τε
1066 2905 1129 2947 πα·

178 2974 239 3060 πέρ’
251 2979 287 3045 ἐκ
299 2986 358 3044 τοῦ
368 2982 593 3060 στρατοπέδου
605 2986 865 3063 μετεπέμψαντο,
877 2980 931 3055 καὶ
943 2986 1011 3045 τῶν
1023 2985 1131 3062 φίλων

174 3074 281 3143 αὐτοῦ
293 3074 656 3163 τούςμένάπέιιτειναν,
669 3076 747 3156 τούς
761 3082 780 3145 δ
787 3074 796 3102 ’
806 3080 842 3145 ἐκ
855 3085 912 3163 τῆς
925 3079 1052 3154 πόλεως
1063 3079 1130 3156 ἐξέ-

173 3184 289 3264 aculon.
316 3175 510 3261 πυθόμενος
526 3176 561 3243 δὲ
573 3177 633 3263 τήν
648 3203 683 3243 τε
696 3184 766 3244 τῶν
777 3180 911 3263 ἐχθρῶν
919 3180 1067 3262 δύναμιν
1076 3179 1158 3244 καία

173 3273 309 3355 τάςτων
318 3278 513 3361 ἐπιτηδείων
524 3274 718 3363 συμφοράς,
734 3280 788 3345 καί
801 3282 943 3362 νομίζων
954 3275 1049 3344 δεινά
1059 3276 1127 3343 πά-

175 3395 278 3459 σχειν,
289 3373 340 3442 ὄτι
352 3373 501 3461 παρόντα
513 3377 573 3462 μὲν
585 3372 690 3443 αὐτὸν
701 3374 765 3443 ούκ
777 3382 923 3460 ἔκρινον,
935 3374 1081 3452 ἀπόντος
1093 3375 1128 3441 δὲ

175 3482 459 3560 κατεγίγνωσκον,
485 3472 559 3541 οὐδ’
577 3471 621 3553 (ὃς
642 3470 803 3545 ἀπελθεῖν
818 3472 958 3560 ἠξίωσεν
980 3480 1026 3551 είς
1050 3471 1129 3551 τοὺς

140 3584 157 3639 9
171 3578 366 3658 πολεμίους·
383 3570 455 3641 ἀλλ’
469 3576 594 3651 ἐκεῖνος
604 3574 668 3658 μὲν
677 3574 845 3659 τοσαύτην
856 3571 1023 3657 πρόνοιαν
1034 3576 1130 3657 ίσχεν

172 3670 260 3753 {mio
274 3678 335 3739 τοῦ
352 3675 433 3758 μηδὲ
452 3676 591 3759 φεύγων
600 3674 705 3759 μηδὲν
721 3677 915 3759 ἐξαμαρτεῖν
926 3671 1049 3799 είςῂτην
1065 3673 1128 3739 πό·

938 3773 971 3823 12
