2859 4334
405 385 536 442 ΠΡΟΣ
551 382 909 475 ΚῚΑΛΛΙΜΛΧΟΝ.
1070 378 1132 441 205

126 560 166 617 w
269 544 362 631 (κη’.)
380 539 461 630 ’Παγαὶ
477 536 541 610 οὖν
559 539 655 627 ὑμῶν
671 544 786 626 δέομαι
806 542 1038 627 μεμνημένους
1052 546 1131 609 τού-

180 671 249 713 των
263 651 561 730 καταψηφίσασθαι
570 641 814 730 Πασίωνος,καὶ
831 640 875 727 μή
893 640 1060 725 τοσαύτην
1069 665 1133 707 πο-

180 751 302 833 νηρίαν
320 748 401 830 ἐμοῦ
416 749 638 829 καταγνῶναι,
654 738 698 818 ὡς
710 746 813 808 οίκων
827 742 865 807 έν
878 747 923 831 τῷ
939 740 1060 831 Πόντφ
1078 741 1132 807 καλ

180 845 348 931 τοσαύτην
374 842 495 911 οὐσίαν
521 844 720 928 κεκτημένος
746 838 828 906 ὥστε
853 840 908 906 καλ
933 841 1065 924 ἑτέρους
1093 831 1132 906 εὖ

180 958 289 1011 ποιεῖν
301 944 481 1023 δύνασθαι,
498 948 654 1009 Πασίων’
674 933 784 1026 ἦλθον
798 939 1066 1025 συκοφαντησων
1076 941 1131 1005 καὶ

181 1046 316 1125 ψευδεῖς
331 1040 420 1131 αύτῷ
435 1040 719 1126 παρακαταθήκας
733 1042 892 1124 ἐγκαλῶν.
1143 1058 1158 1112 b

124 1157 160 1213 57
268 1143 364 1229 (κθ.)
378 1140 491 1223 ’Ἄξιον
507 1145 544 1209 δὲ
559 1143 613 1209 καὶ
625 1138 786 1225 Σατύρου
800 1141 925 1206 καὶτοῦ
942 1135 1065 1222 πατρός
1077 1140 1133 1204 ἐν·

180 1247 393 1327 θυμηθηναι,
412 1247 445 1307 οἳ
459 1239 568 1308 πάντα
584 1237 643 1307 τόν
657 1238 783 1324 χρόνον
798 1239 873 1324 περὶ
894 1244 1050 1305 πλείστου
1064 1245 1132 1305 τῶν

172 1338 343 1424 Ἑλλήνων
355 1336 440 1424 ὑμᾶς
456 1345 642 1423 ποιοῦνται,
660 1339 713 1405 καὶ
726 1336 885 1414 πολλάκις
899 1334 962 1424 ἤδη
979 1336 1033 1404 διὰ
1045 1338 1132 1404 σκά-

179 1466 237 1505 νιν
260 1445 352 1505 σίτου
377 1436 436 1515 τάς
459 1444 527 1504 των
553 1436 664 1505 άλλων
687 1437 843 1523 ἐμπόρων
864 1445 947 1515 ναύς
961 1433 1062 1513 κενάς
1076 1438 1131 1503 έκ-

180 1541 365 1622 πέμποντες
380 1534 460 1622 ὑμῖν
477 1533 648 1621 ἐξαγωγὴν
663 1540 800 1601 ἔδοσαν·
822 1536 877 1602 καί
898 1539 934 1603 έν
954 1549 1022 1614 τοῖς
1036 1541 1132 1613 ἰδίοις

179 1643 412 1723 συμβολαίοις,
429 1627 477 1703 &v
493 1641 613 1703 ἐκεῖνοι
629 1636 736 1718 κριταὶ
753 1640 939 1720 γίγνονται,
963 1633 1005 1701 ού
1024 1634 1132 1720 μόνον

124 1755 162 1808 58
178 1746 255 1805 ίσον
273 1733 356 1804 άλλά
371 1738 425 1802 καὶ
439 1737 541 1803 πλέον
557 1741 685 1820 ἔχοντες
696 1731 891 1819 ἀπέρχεσθε.
916 1732 994 1801 ὥστ’
1008 1733 1070 1803 ούκ
1085 1730 1158 1801 άνο

178 1835 314 1912 είκότως
329 1836 404 1919 περὶ
416 1832 532 1921 ὀλίγον
548 1834 750 1919 ποιήσαισθε
766 1832 823 1911 τάς
848 1837 985 1903 ἐκείνων
1001 1838 1130 1901 ἐπιστο-

179 1936 249 2014 λάς.
278 1939 392 2020 δέομαι
414 1928 477 2001 ούν
499 1934 595 2021 ὑμῶν
618 1939 672 2003 καλ
696 1932 779 2017 ὑπὲρ
805 1938 951 2020 ἐμαυτοῦ
971 1938 1025 2004 καλ
1046 1935 1130 2023 ὑπὲρ

178 2036 318 2102 ἐκείνων
336 2032 375 2101 τά
392 2038 502 2102 δίκαια
519 2042 731 2120 ψηφίσασθαι
760 2036 814 2100 καὶ
835 2032 880 2119 μὴ
903 2031 982 2112 τούς
995 2042 1131 2103 Πασίω-

179 2159 240 2211 νος
273 2133 394 2219 λόγους
424 2138 557 2213 ψευδεῖς
589 2132 687 2211 ὄντας
721 2138 936 2217 πιστοτέρους
974 2132 1130 2221 ἡγεῖσθαι

178 2240 249 2299 τῶν
265 2236 362 2318 ἐμῶν.

627 2578 691 2644 18.

270 2695 559 2763 ΠΑΡΑΓΡΑΦΗ
581 2696 716 2763 ΠΡΟΣ
736 2696 1054 2765 ΚΑΛΛΙΜΑΧΟΝ.

269 2942 339 3028 (α’.)
366 2939 420 3020 Ei
443 2946 504 3031 μὲν
521 2948 573 3014 καὶ
595 2944 690 3013 ἄλλοι
707 2948 794 3024 τινὲς
808 2938 894 3033 ἦσαν
909 2944 1132 3032 ἠγωνισμένοι
1150 2960 1198 3019 311

182 3044 341 3128 τοιαύτην
370 3042 614 3131 παραγραφὴν,
645 3041 704 3110 ἀπ’
731 3043 838 3112 αύτού
859 3052 919 3113 τοῦ
941 3045 1133 3131 πράγματος

184 3140 337 3230 ἠρχόμην
351 3140 395 3211 άν
414 3141 493 3222 τούς
514 3145 635 3229 λόγους
654 3155 840 3212 ποιεῖσθαι·
865 3152 929 3211 νῦν
951 3149 981 3212 δ’
1003 3141 1133 3229 ἀνάγκη

179 3243 331 3328 περὶτοῦ
346 3243 453 3329 νόμον
467 3250 602 3328 πρῶτον
618 3249 734 3328 εἰπεῖν,
757 3241 837 3311 καθ’
855 3240 896 3311 όν
914 3244 1133 3330 εἰσεληλύθα-

179 3368 260 3430 μεν,
281 3340 328 3409 ίν’
345 3343 577 3428 ἐπιστάμενοι,
601 3343 675 3423 περὶ
691 3332 740 3408 ὦν
757 3339 1051 3430 ἀμφισβητοῦμεν,
1072 3338 1134 3427 τὴν

180 3448 296 3527 ψῆφον
311 3441 442 3527 φέρητε,
461 3444 514 3509 καὶ
529 3444 641 3528 μηδεὶς
656 3439 753 3526 ὑμῶν
764 3439 935 3528 θαυμάσῃ,
951 3440 1036 3507 διότι
1049 3440 1134 3523 φεύ-

150 3556 167 3605 κ
182 3568 254 3628 γων
269 3539 331 3628 τὴν
349 3546 446 3627 δίκην
461 3542 622 3629 πρότερος
636 3545 723 3627 λέγω
733 3548 795 3608 τοῦ
807 3537 995 3616 διώκοντος.
1021 3540 1132 3625 ἐπειδὴ

179 3639 244 3726 γάρ
271 3643 306 3706 ἐκ
325 3648 508 3724 Πειραιέως
533 3644 754 3717 κατελθόντες
783 3643 893 3715 ένίους
918 3642 1042 3719 ἑωρᾶτε
1065 3646 1162 3705 τωνλι
