2859 4334
428 377 544 435 ΠΕΡΙ
565 377 907 435 mmmm.
1084 375 1141 439 107

184 537 397 618 δεινότατον,
419 536 501 601 όταν
524 562 573 612 τις
595 532 695 613 αύτδς
717 538 780 620 μὲν
804 537 1017 604 κινδυνεύων
1041 563 1143 622 κατη-

184 644 270 725 γορῇ
291 642 358 703 τῶν
380 635 648 721 διαβαλλόντων,
671 640 770 726 ἑτέρῳ
794 639 830 703 δὲ
854 638 998 717 δικάζων
1021 633 1066 722 μη
1081 634 1144 721 τὴν

183 731 293 819 αύτηυ
307 740 364 821 ἔχη
375 760 515 818 γνιιμην
529 737 602 817 περί
619 731 740 802 αὐτῶν.

271 838 386 899 Καίτοι
409 830 470 918 χρὴ
484 831 563 911 τούς
589 840 673 899 νοῦν
699 840 834 918 ἔχοντας
859 834 1033 911 τοιούτους
1059 831 1144 901 εἶναι

185 928 301 1013 κριτάς
317 944 384 1007 τοίς
400 930 531 1015 ἀλλοις,
546 935 629 999 οἵων
645 958 707 1013 περ
721 928 764 1000 ἀν
776 930 870 1000 αύτολ
880 935 1058 1018 τυγχάνειν
1072 929 1143 1011 ἀξι·

185 1029 324 1112 ω’σειαν,
342 1030 586 1116 λογιζομένους,
602 1028 653 1097 ὅτι
670 1029 724 1098 διά
740 1029 819 1109 τούς
830 1046 1056 1118 συκοφαντεῖν
1066 1040 1143 1099 τολ*
1159 1046 1209 1099 315

183 1138 316 1214 μωντας
330 1126 455 1214 ἀδηλον
472 1127 561 1206 ὅστις
577 1137 622 1208 είς
638 1135 801 1197 κίνδυνον
816 1131 978 1207 καταστὰς
993 1127 1142 1215 ἀναγκα-

184 1228 345 1312 σθήσεται
361 1230 481 1314 λέγειν,
496 1228 580 1309 ἀπερ
593 1226 656 1314 έγύ
672 1239 749 1311 νυν,
768 1227 851 1311 πρὸς
868 1228 946 1308 τούς
961 1232 1142 1317 μέλλοντας

130 1352 167 1405 ¹24
184 1328 261 1409 περὶ
279 1322 384 1392 αύτοῦ
401 1324 463 1412 τὴν
477 1334 594 1413 ψῆφον
608 1332 756 1396 διοίσειν.
786 1329 869 1417 (ια’.)
896 1327 949 1397 Ού
958 1328 1024 1416 γάρ
1039 1327 1079 1415 δὴ
1096 1321 1141 1415 τῷ

185 1451 222 1511 γε
246 1432 389 1509 κοσμίως
413 1432 471 1511 ζῆν
491 1424 586 1505 ἀξιον
607 1428 795 1513 πιστεύειν,
820 1426 864 1507 ὡς
887 1426 992 1507 ἀδεῶς
1016 1430 1138 1509 ἐξέσται

184 1521 247 1609 την
257 1523 357 1590 πόλιν
372 1530 493 1591 οἰκεῖν·
515 1530 550 1592 οί
564 1522 629 1608 γάρ
645 1531 872 1614 προῃρημένοι
887 1536 955 1594 των
970 1527 1031 1613 μέν
1047 1531 1141 1593 ίδίων

184 1620 336 1710 ἀμελεῖν,
352 1636 420 1700 τοῖς
436 1620 468 1689 δ’
486 1622 672 1707 ἀλλοτρίοις
689 1626 932 1712 ἐπιβουλεύειν,
949 1623 989 1693 ον’·
1002 1633 1069 1693 των
1080 1625 1142 1711 μὲν

184 1721 371 1807 σωφρόνως
388 1726 658 1806 πολιτευομένων
680 1720 870 1809 ἀπέχονται,
885 1722 964 1803 τούς
981 1725 1016 1791 δὲ
1034 1722 1141 1791 κακόν

184 1848 215 1888 τι
236 1826 384 1904 δρῶντας
408 1828 453 1898 είς
478 1820 565 1906 ὑμᾶς
580 1823 790 1907 εἰσάγουσιν,
813 1820 887 1891 ἀλλ’
903 1826 939 1891 έν
953 1838 1021 1901 τοῖς
1035 1822 1168 1925 μηδὲηδ

183 1917 361 1988 ἀδικοῦσιν
381 1921 625 2005 ἐπιδειξάμενοι
646 1918 705 1998 τάς
729 1919 842 1989 αὑτων
864 1921 1023 2008 δυνάμεις
1049 1944 1138 2004 παρα

183 2025 251 2085 τῶν
266 2027 421 2102 φανερῶς
435 2020 707 2105 έξημαρτηκότων
719 2023 822 2087 πλέον
835 2019 1066 2105 λαμβάνουσιν
1078 2015 1140 2100 ἀρ-

131 2144 167 2196 25
184 2117 313 2201 γύριον.
347 2117 433 2204 (ιβ’.)
457 2115 558 2201 Ἀπερ
576 2124 763 2203 Λυσίμαχος
786 2119 976 2203 διανοηθείς
996 2123 1041 2195 είς
1061 2141 1136 2182 του·

185 2218 254 2283 τουὶ
264 2213 325 2281 τόν
336 2221 497 2284 κίνδυνόν
509 2244 549 2302 με
561 2221 771 2301 κατέστησεν,
783 2214 969 2302 ἡγούμενος
980 2211 1040 2282 τὸν
1049 2212 1139 2300 ἀγω-

185 2343 226 2382 να
237 2313 298 2383 τδν
309 2314 393 2401 πρὸς
404 2318 459 2403 ἐμὲ
471 2312 551 2397 παρ’
565 2318 685 2398 ἑτέρων
697 2314 787 2405 αὑτῷ
799 2310 1027 2401 χρηματισμόν
1040 2314 1139 2399 ποιή-

183 2436 266 2497 σειν,
279 2417 333 2482 καί
343 2420 551 2498 προσδοκῶν,
563 2410 608 2500 ἦν
619 2418 700 2500 ἐμοῦ
711 2417 922 2499 περιγένηται
936 2429 1003 2492 τοῖς
1016 2415 1139 2499 λόγοις,

183 2512 225 2581 όν
239 2536 321 2599 φησι
337 2514 540 2580 διδάσκαλον
555 2511 639 2579 εἶναι
659 2520 727 2578 των
752 2510 880 2594 ἀλλων,
905 2510 1139 2579 ἀνυπόστατον

134 2634 167 2687 26
185 2610 246 2698 τὴν
266 2610 371 2678 αὑτοῦ
391 2612 537 2696 δύναμιν
559 2609 683 2678 ἅπασιν
706 2610 790 2679 εἶναι
814 2613 931 2691 δόξειν.
969 2614 1087 2693 ἐλπίζει
1102 2611 1138 2677 δὲ

183 2718 304 2802 ῥᾳδίως
323 2719 421 2777 τούτο
442 2709 612 2795 ποιήσειν·
635 2709 699 2800 ὁρᾷ
724 2710 789 2796 γάρ
805 2709 891 2796 ὑμᾶς
912 2713 973 2796 μὲν
989 2719 1064 2779 λίαν
1080 2736 1166 2777 τα-ο

182 2816 262 2898 χέως
277 2809 543 2893 ἀποδεχομένους
556 2806 616 2888 τὰς
627 2816 733 2887 αίτίας
747 2812 801 2876 καί
816 2808 874 2887 τάς
891 2807 1064 2895 διαβολάς,
1081 2808 1137 2896 ἐμὲ

182 2911 215 2979 δ’
229 2911 313 2994 ὑπὲρ
328 2907 441 2975 αὐτῶν
456 2906 498 2975 ού
512 2910 746 2995 δυνησόμενον
761 2906 858 2989 ἀξίως
874 2916 932 2994 της
946 2910 1042 2993 δόξης
1053 2905 1118 2974 ἀπο

182 3011 390 3096 λογησασθαι
416 3009 470 3073 καί
493 3005 548 3074 διά
569 3005 605 3074 τό
627 3014 731 3092 γῆρας
753 3009 806 3073 καί
828 3004 882 3071 διά
903 3004 965 3092 τὴν
981 3003 1137 3089 ἀπειρίαν

134 3130 165 3185 τι
181 3108 420 3176 τῶντοιούτων
430 3105 582 3192 ἀγόνων.
608 3105 696 3173 οὔτω
708 3104 773 3190 γάρ
786 3112 929 3191 βεβίωκα
944 3103 1004 3173 τόν
1018 3113 1136 3187 παρελ·

181 3208 289 3277 δόντα
312 3208 438 3294 χρόνον
454 3206 537 3275 ὥστε
553 3210 680 3294 μηδένα
697 3232 754 3292 μοι
769 3204 903 3273 πύποτε
919 3205 997 3292 μήτ’
1012 3210 1049 3274 ἐν
1066 3203 1137 3274 ὀλι·

182 3314 300 3395 γαρχίᾳ
319 3304 395 3393 μήτ’
416 3310 453 3373 έν
469 3311 672 3394 δημοκρατίᾳ
688 3301 771 3391 μήθ’
792 3302 894 3390 ύβριν
911 3301 986 3390 μη’τ’
1004 3303 1137 3370 ἀδικίαν

180 3410 369 3489 έγκαλέσαι,
388 3404 467 3491 μηδ’
486 3405 570 3474 εἶναι
586 3406 667 3491 μη’τε
685 3401 856 3489 διαιτητὴν
871 3404 951 3488 μητε
966 3400 1136 3488 δικαστὴν,

180 3505 269 3579 δστις
289 3506 364 3587 περὶ
384 3512 453 3570 των
476 3508 548 3590 ἐμοὶ
570 3505 815 3588 πεπραγμένων
835 3502 1019 3587 φανήσεται
1039 3514 1163 3588 γεγε-δ

181 3614 338 3689 νημένος’
360 3601 551 3690 ἠπιστάμην
572 3601 637 3690 γάρ
659 3599 760 3680 αύτός
781 3601 843 3686 μέν
860 3607 905 3679 είς
922 3598 1000 3677 τούς
1015 3600 1136 3681 ἀλλους
