2859 4334
280 370 321 432 ω
566 378 949 456 ηπηωωω
1033 329 1038 345 ’

281 539 388 612 καλῶς
397 529 419 620 ή
428 545 537 616 κακῶς
547 533 585 604 τδ
597 536 735 622 σύμπαν
747 539 834 623 ἓξον,
847 536 935 607 οὕτω
947 539 1149 620 σπουδάζετε
1160 541 1245 624 περὶ

232 642 266 697 49
277 628 400 700 αὐτῶν.
418 634 566 720 κήδεσθε
577 636 683 722 μηδὲν
698 628 801 722 ἧττον
816 643 884 706 τῶν
898 634 1020 725 ἐμῶνῆ
1034 645 1103 708 τῶν
1117 635 1243 725 ύμετέ-
1257 647 1296 702 37

278 753 350 813 ρων
364 727 494 816 αύτῶυ,
511 732 621 820 καὶμὴ
638 739 786 819 νομίζετε
797 733 920 822 μικρὸν
931 735 1065 822 ἀγαθὸν
1081 733 1166 804 εἶναι
1177 732 1243 814 τάς

277 824 384 914 τιμὰς,
395 825 434 908 ἀς
445 835 580 916 ἔχουσιν
591 836 626 900 οί
635 839 745 910 καλῶς
755 839 824 899 τῶν
834 831 1005 920 ἡμετέρων
1016 836 1241 904 ἐπιστατοῦν-

277 953 338 1007 τες.
360 925 526 1014 ἀπέχεσθε
537 938 606 999 τῶν
614 928 819 1018 ἀλλοτρίων,
835 930 882 1000 ἵν’
896 931 1146 1019 ἀσφαλέστερον
1155 929 1240 1010 τούς

278 1035 391 1105 οίκους
405 1024 485 1107 τούς
495 1026 678 1113 ὑμετέρους
688 1029 803 1099 αύτῶν
814 1039 987 1117 κεκτῆσθε.
1000 1032 1175 1110 τοιούτους
1188 1029 1238 1097 εί-

273 1147 330 1189 ναι
346 1120 410 1208 χρή
426 1120 503 1209 περὶ
525 1119 607 1200 τούς
630 1119 772 1206 ἄλλους,
798 1119 873 1188 οίόν
891 1143 954 1207 περ
973 1120 1031 1207 ἐμὲ
1054 1121 1130 1206 περὶ
1148 1119 1241 1210 ύμδις

223 1234 257 1286 5⁰
273 1217 407 1302 ἀξιοῦτε
423 1230 610 1308 γίγνεσθαι.
644 1220 691 1309 μή
715 1219 877 1290 σπεύδετε
893 1229 1053 1292 πλουτεῖν
1070 1227 1203 1309 μᾶλλον
1219 1217 1242 1310 ἢ

273 1323 409 1410 χρηστοὶ
422 1326 536 1391 δοκελυ
553 1320 652 1408 εἶναι,
670 1319 926 1407 γιγνώσκοντες,
945 1317 997 1390 δτι
1012 1322 1069 1392 καὶ
1082 1326 1152 1392 τῶν
1162 1322 1239 1394 Ἑλ-

274 1422 387 1511 λήνων
398 1424 458 1493 καλ
469 1421 727 1511 τῶνβαρβάρων
739 1425 778 1491 οί
786 1430 945 1510 μεγίστας
959 1421 1011 1492 ἐπ’
1026 1421 1126 1513 ἀρετῇ
1135 1423 1237 1506 δόξας
1255 1433 1273 1484 b

274 1530 407 1612 ἔχοντες
415 1530 582 1594 πλείστων
591 1521 734 1610 ἀμαθῶν
742 1521 900 1592 δεσπόται
908 1529 1138 1596 καθίστανται.
1156 1524 1240 1606 τούς

273 1624 523 1714 χρηματισμούς
536 1623 617 1704 τούς
625 1623 717 1713 παρὰ
725 1621 763 1692 τδ
773 1628 904 1694 δίκαιον
910 1623 1237 1713 γιγνομένουςήνεί·

274 1736 337 1796 σθε
355 1725 400 1814 μή
417 1731 567 1795 πλούτου
583 1721 670 1794 ἀλλά
688 1729 855 1794 κίνδυνον
873 1723 1033 1812 ποιήσειν.
1058 1725 1104 1815 μή
1121 1724 1160 1796 τδ
1173 1726 1239 1814 μδν

274 1836 393 1916 λαβεῖν
406 1829 526 1913 κέρδος
540 1824 628 1895 εἶναι
640 1833 800 1915 νομίζετε,
816 1823 854 1895 τδ
868 1824 901 1893 δ’
917 1823 1089 1898 ἀναλῶσαι
1100 1834 1236 1916 ζημίαν·

273 1926 454 2018 ούδίτερον
470 1927 537 2015 χάρ
554 1925 685 1997 τούτων
708 1923 761 1995 ἀεὶ
784 1923 848 2013 τήν
866 1925 974 2014 αύτήν
993 1934 1059 2015 ἔχει
1076 1928 1237 2018 δύναμιν,

274 2026 351 2098 ἀλλ’
368 2027 533 2117 ὁπότερον
545 2025 591 2097 ἀν
606 2031 643 2098 δν
655 2033 762 2119 καιρῷ
776 2028 834 2095 καὶ
846 2025 920 2115 μετ’
936 2025 1056 2117 ἀρετῆς
1068 2037 1237 2118 γίγνηται,

132 2151 136 2157 “
224 2141 256 2192 ⁶1
274 2129 370 2200 τοῦτ’
382 2127 508 2218 ῶφελελ
523 2127 604 2210 τούς
617 2131 808 2208 ποιοῦντας.
834 2128 918 2216 μηδὲ
931 2127 1016 2214 ιιρδς
1031 2133 1068 2198 ἓν
1082 2132 1235 2218 χαλεπῶς
1252 2159 1268 2193 ι

276 2238 365 2319 ἔχετε
386 2234 455 2300 τῶν
476 2227 541 2300 ἀπ’
564 2232 647 2319 ἐμοῦ
671 2231 985 2317 προσταττομένων·
1012 2227 1087 2301 ὅσοι
1108 2233 1173 2319 γὰρ
1193 2228 1238 2301 διν

273 2326 373 2421 ύμῶν
390 2333 467 2422 περί
485 2338 626 2401 πλεῖστα
638 2334 709 2400 τῶν
724 2333 813 2419 ἐμῶν
826 2337 1011 2420 χρησίμους
1029 2331 1154 2412 αύτούς
1169 2357 1235 2402 πα-

274 2435 463 2522 ράσχωσιν,
488 2422 583 2503 οὗτοι
604 2440 745 2502 πλείστα
768 2431 849 2512 τούς
878 2441 995 2512 ολκονς
1018 2434 1099 2514 τοδς
1121 2427 1237 2503 αὑτῶν

276 2531 521 2623 ὠφελήσουσιν.
557 2531 630 2602 ὅτι
653 2528 696 2600 ἀν
719 2531 820 2619 ύμῶν
843 2535 982 2613 ἕκαστος
1013 2530 1117 2616 αύτδς
1140 2533 1235 2627 αύτῷ

274 2636 360 2726 τύχη
373 2633 551 2719 σννειδῶς,
563 2633 713 2721 ἡγείσθω
720 2632 798 2722 μηδ’
812 2633 869 2720 ἐμὲ
878 2635 1005 2722 λήσειν,
1019 2631 1096 2703 ἀλλ’
1108 2635 1169 2705 ἐὰν
1179 2638 1236 2706 καὶ

273 2738 313 2807 τὸ
327 2743 423 2825 σῶμα
436 2736 482 2824 μή
494 2738 600 2824 παρῇ,
614 2733 677 2821 τήν
685 2733 838 2803 διάνοιαυ
851 2734 914 2821 τήν
929 2735 1011 2822 ἐμήν
1024 2738 1152 2805 οἰέσθω
1166 2749 1236 2818 τοίς

276 2847 489 2926 γιγνομένοις
514 2841 737 2924 παρεστάναι·
771 2840 897 2924 ταύτην
921 2833 986 2924 γὰρ
1009 2833 1072 2924 τήν
1093 2833 1259 2922 γυῶμηνδ

278 2943 408 3024 ἔχοντες
422 2942 699 3025 σωφρονέστερον
718 2937 950 3027 βουλεύσεσθε
966 2937 1044 3020 περὶ
1063 2931 1230 3002 ἁπάντων.

229 3052 263 3106 52
276 3037 382 3125 μηδὲν
393 3033 653 3119 ἀποκρύπτεσθε
665 3035 751 3125 μήθ’
766 3029 815 3104 ῶν
824 3039 988 3121 κέκτησθε
999 3030 1085 3122 μήθ’
1099 3023 1148 3100 ῶν
1158 3055 1233 3098 ποι-

279 3150 343 3204 εῖτε
364 3133 448 3222 μήθ’
466 3125 515 3203 ῶν
528 3137 662 3221 μέλλετε
674 3133 852 3223 πράττειν,
876 3133 1015 3219 εἰδότες,
1038 3129 1090 3200 δτι
1105 3132 1180 3217 περὶ
1194 3124 1233 3196 τά

234 3260 249 3274 “
279 3238 492 3321 κεκρυμμένα
506 3242 574 3302 τῶν
588 3235 795 3322 πραγμύτων
809 3232 996 3318 ἀναγκαῖόν
1007 3233 1075 3299 ἐστι
1089 3224 1234 3306 πολλούς

279 3333 409 3421 φόβους
422 3339 608 3420 γίγνεσθαι.
632 3330 677 3419 μὴ
688 3339 848 3418 τεχνικῶς
862 3337 983 3416 ζητεῖτε
998 3326 1234 3395 πολιτεύεσθαι

279 3430 357 3520 μηδ’
374 3430 514 3516 ἀφανῶς
528 3429 603 3499 ἀλλ’
623 3429 732 3510 οὕτως
752 3429 866 3508 ἁπλῶς
885 3431 940 3497 καὶ
955 3432 1127 3513 φανερῶς,
1152 3421 1235 3492 ῶστε

279 3528 359 3619 μηδ’
380 3529 424 3597 ἀν
443 3557 492 3610 τις
512 3529 675 3617 βούληται
695 3531 816 3618 ῥᾴδιον
840 3526 928 3614 ὑμᾶς
950 3524 1035 3594 εἶναι
1052 3529 1230 3612 διαβαλεῖν.

281 3629 471 3715 δοκιμάζετε
491 3628 550 3707 τὰς
570 3629 721 3715 πράξεις,
749 3631 804 3697 καὶ
825 3633 971 3715 νομίζετε
993 3621 1143 3712 πονηράς
1163 3622 1259 3708 μὲν,ε
