2859 4334
434 305 912 413 ΠΕΡΙΔΝΤΙΔΟΣΕΩΣ.
1092 351 1148 416 151

112 530 177 585 νοτ
199 505 246 577 άν
260 516 305 591 είς
318 507 380 596 τήν
397 507 575 596 ὁμοιότητα
592 510 719 596 ταύτην
736 516 948 597 κατέστησαν.
972 518 1019 579 ἔτι
1034 518 1151 579 τοίνυν

200 606 297 695 ὑμῶν
318 605 432 678 αὐτόν
454 606 564 687 obesis
584 614 691 695 ἔστιν,
714 607 806 689 ὅστις
827 607 889 678 οὐκ
903 605 949 677 άν
963 616 1068 679 εἰπεῖν
1085 617 1151 697 ἔχοι

200 705 347 787 πολλοὺς
366 715 434 776 τῶν
453 710 794 794 συμπαιδευθέντων,
809 715 843 777 οἳ
855 712 970 788 καλόες
981 709 1043 795 μὲν
1057 708 1151 788 ὄντες

199 805 496 892 άμαθέστατοιτῶν
502 804 690 894 ἡλικιωτῶν
697 812 815 888 ἔδοξαν
822 806 918 893 εἶναι,
930 810 1151 897 πρεσβύτεροι

200 907 238 973 δὲ
258 906 434 993 γενόμενοι
454 910 557 976 πλέον
579 905 760 993 διήνεγκαν
783 905 867 992 πρὸς
882 902 919 975 τὸ
941 922 1082 994 φρονεῖν
1096 910 1151 977 καλ

198 1006 311 1090 λέγειν
324 1011 392 1071 τῶν
412 1002 526 1073 αὐτῶν
539 1006 686 1089 τούτων,
709 998 759 1072 ιόν
776 1010 891 1086 παῖδες
905 1005 998 1088 ὄντες
1016 1005 1147 1076 άπελείν

200 1116 349 1190 φθησαν.
372 1104 457 1173 ὅθεν
470 1102 602 1189 μάλιστ’
626 1103 670 1171 άν
687 1131 736 1183 τις
758 1113 856 1192 γνοίη
870 1103 932 1192 τήν
949 1109 1149 1194 ἐπιμέλειαν,

199 1201 285 1289 ὅσην
300 1209 365 1288 ἔχει
380 1203 541 1289 όάναμιν·
565 1206 667 1289 δῆλον
683 1200 759 1289 γάρ,
775 1200 826 1270 ὅτι
842 1202 917 1271 τότε
931 1205 994 1291 μὲν
1005 1204 1149 1283 ἅπαντες

198 1303 366 1381 τοιαύταις
381 1307 523 1388 ἐχρῶντο
540 1316 610 1380 ταῖς
627 1307 806 1386 διανοίαις,
826 1305 899 1381 οἵας
922 1328 984 1388 περ
1001 1306 1034 1384 ἐξ
1047 1301 1149 1389 ἀρχῆς

199 1408 332 1489 ἔφυσαν
349 1408 488 1487 ἔχοντες,
503 1400 624 1483 ἄνδρες
639 1403 675 1469 όὲ
685 1402 863 1495 γενόμενοι
877 1402 1006 1470 τούτων
1015 1404 1139 1489 διήνεγ-

200 1527 265 1567 καν
280 1503 333 1567 καὶ
349 1498 555 1585 μετήλλαξαν
568 1496 631 1585 τήν
646 1498 814 1585 φρόνησιν
825 1506 871 1588 τῷ
885 1497 964 1578 τούς
978 1501 1040 1585 μὲν
1055 1503 1148 1567 ἐκκε-

198 1603 349 1686 χυμένως
364 1598 491 1685 ζῆνκαὶ
506 1600 685 1687 ῥᾳθύμως,
700 1596 780 1678 τούς
797 1599 833 1667 δὲ
847 1614 916 1678 τοῖς
929 1627 964 1669 τε
979 1600 1148 1687 πράγμασι

122 1724 181 1776 208
199 1703 253 1767 καὶ
269 1705 385 1785 σφίσιν
405 1695 517 1776 αὐτοῖς
533 1703 707 1783 προσέχειν
727 1695 787 1765 τόν
808 1706 901 1768 νοῦν.
925 1698 1013 1768 ὅπου
1034 1701 1070 1767 δὲ
1094 1703 1148 1769 καλ

199 1795 256 1866 διά
272 1792 330 1875 τάς
347 1792 459 1864 αὑτῶν
482 1800 666 1880 ἐπιμελείας
684 1802 859 1884 γίγνονταί
877 1824 965 1876 τινες
986 1804 1147 1884 βελτίους,

197 1904 269 1973 πῶς
283 1892 345 1963 οὐκ
359 1890 404 1963 άν
419 1887 511 1964 οὗτοι
527 1897 686 1983 λαβόντες
701 1897 881 1983 ἐπιστάτην
896 1899 950 1966 καὶ
963 1897 1148 1986 πρεσβύτε-

198 2020 262 2074 ρον
282 1994 336 2061 καλ
356 2000 491 2061 πολλῶν
512 1995 716 2080 πραγμάτων
738 2000 917 2081 ἔμπειρον,
941 2000 996 2065 καὶ
1020 1994 1060 2063 τά
1087 1997 1149 2081 μὲν

199 2092 445 2178 παρειληφότα,
471 2089 510 2158 τά
533 2089 564 2158 δ’
590 2089 695 2159 αὐτόν
718 2089 900 2178 εὑρηκότα,
925 2093 1012 2162 πολὺ
1033 2089 1078 2161 άν
1101 2099 1149 2161 ἔτι

198 2195 302 2261 πλέον
317 2193 371 2259 καὶ
387 2198 485 2277 σφῶν
500 2189 613 2260 αὐτῶν
624 2191 762 2259 καὶτῶν
777 2190 890 2259 ἄλλων
906 2193 1105 2279 όιήνεγκανς

125 2313 183 2368 209
285 2286 336 2358 Οὐ
358 2289 465 2376 μόνον
487 2287 519 2357 ‹5’
542 2292 578 2356 έκ
594 2290 724 2358 τούτων
745 2286 829 2358 άλλά
855 2293 1000 2359 καὶτῶν
1022 2297 1149 2358 λοιπῶν

200 2389 335 2467 εἰκότως
355 2383 398 2456 ἂν
423 2387 568 2466 ἅπαντες
591 2386 652 2474 τήν
678 2386 820 2473 άγνοιαν
839 2388 1053 2475 θαυμάσειαν
1081 2398 1148 2457 τῶν

199 2488 399 2574 τολμώντων
416 2486 523 2565 οὕτως
539 2492 609 2573 εἰκῇ
624 2500 850 2571 καταφρονεῖν
863 2493 921 2572 τῆς
936 2494 1147 2576 φιλοσοφίας,

199 2586 410 2670 πρῶτονμὲν
430 2590 461 2652 εἰ
477 2586 584 2662 πάσας
607 2580 665 2661 τάς
679 2584 815 2667 πράξεις
836 2587 891 2652 καὶ
903 2583 962 2664 τάς
971 2588 1086 2671 τέχνας
1101 2592 1147 2654 εί-

201 2684 295 2763 όότες
310 2698 380 2762 ταῖς
396 2685 545 2770 μελέταις
556 2684 610 2750 καὶ
621 2698 691 2761 ταῖς
703 2691 915 2768 φιλοπονίαις
929 2681 1148 2771 ἁλισκομένας

200 2783 284 2868 πρὸς
304 2782 367 2870 τήν
386 2792 443 2869 τῆς
465 2784 661 2869 φρονήσεως
688 2781 830 2869 άσκησιν
855 2789 958 2851 ταῦτα
985 2787 1149 2870 μηδεμίαν
1165 2789 1215 2859 ἰογ

126 2905 183 2959 210
200 2882 362 2973 ἡγοῦνται
379 2884 525 2968 δύναμιν
542 2889 647 2968 ἔχειν,
669 2879 770 2951 ἔπειτ’
788 2888 819 2950 εί
831 2890 900 2950 τῶν
912 2885 974 2967 μὲν
985 2884 1149 2967 σωμάτων

200 2982 306 3070 μηδὲν
320 2981 427 3060 οὕτως
442 2978 486 3049 άν
501 2980 646 3068 φήσειαν
667 2980 752 3049 εἶναι
767 2989 919 3068 φαῦλον,
936 2979 957 3049 ὅ
970 3008 1001 3049 τι
1018 3007 1148 3067 γυμνα-

200 3082 285 3150 σθὲν
300 3083 354 3147 καλ
372 3086 524 3165 πονῆσαν
549 3078 612 3148 οὐκ
633 3075 678 3147 άν
694 3090 745 3166 είη
759 3083 902 3167 βέλτιον,
917 3076 976 3158 τάς
990 3084 1027 3147 δὲ
1043 3076 1149 3165 ψυχάς

199 3177 258 3257 τὰς
271 3178 411 3264 ἄμεινον
426 3185 615 3264 πεφυκυίας
628 3186 696 3246 τῶν
706 3179 870 3263 σωμάτων
883 3180 988 3264 μηδὲν
997 3173 1042 3245 άν
1053 3184 1138 3261 νομί·

199 3287 293 3361 ζουσι
307 3282 465 3366 γενέσθαι
481 3281 742 3362 σπουδαιοτέρας
756 3281 994 3355 παιόευθείσας
1015 3280 1068 3342 καὶ
1088 3301 1148 3342 τυ-

125 3406 175 3461 211
197 3376 322 3465 χοάσας
344 3384 401 3463 τῆς
422 3376 656 3463 προσηκούσης
680 3379 880 3461 ἐπιμελείαις·
910 3380 957 3443 έτι
979 3374 1011 3442 δ’
1031 3380 1062 3441 εί
1074 3375 1148 3456 περὶ

197 3472 278 3553 τούς
291 3478 416 3553 ἵππους
428 3476 483 3544 καὶ
498 3475 576 3554 τούς
591 3475 696 3554 κύνας
710 3476 765 3542 καὶ
779 3470 819 3542 τά
831 3482 967 3543 πλείστα
978 3481 1045 3541 τῶν
1055 3473 1149 3554 ζάων

198 3572 344 3657 ὁρῶντες
355 3575 471 3658 τέχνας
483 3575 617 3660 ἔχοντάς
624 3601 728 3661 τινας,
740 3569 792 3655 αἷς
802 3570 841 3641 τά
849 3575 910 3660 μὲν
923 3570 1149 3659 άνόρειότερα,
