2859 4334
425 378 548 435 ΠΕΡΙ·
572 380 601 434 Λ
609 377 640 434 Ν
650 377 695 435 TI
705 376 909 435 ΔΟΣΕΩΣ.
1070 369 1138 436 ’173

193 532 434 619 διαφέροντας,
459 534 496 601 ἐν
520 526 572 613 οἷς
594 531 616 620 ἠ
639 532 735 611 πόλις
760 526 950 619 εόδοκιμεῖ,
972 536 1137 619 τιμῶντας

193 642 389 719 φαίνεσθαι,
402 633 458 701 καλ
470 632 700 722 μηφδονερῶς
714 639 810 719 ἔχειν,
823 631 902 721 μηδ’
917 636 1054 703 ἐναντία
1067 646 1138 711 τοῖς

123 750 182 801 303
193 731 306 814 ἄλλοις
313 733 447 823 Ἕλλησι
460 736 656 821 γιγνώσκειν
670 735 745 821 περί
761 733 885 803 αὐτῶν.
917 723 966 802 ὧν
979 731 1061 820 ὑμῖν
1075 732 1137 802 οό·

194 836 256 904 δέν
274 834 405 905 πώποτ’
427 837 597 923 ἐμέλησεν,
614 834 699 905 ἄλλό
718 838 881 904 τοσοῦτον
899 833 1139 923 διημαρτήκατε

192 942 258 1005 τοῦ
272 939 518 1025 συμφέροντος,
534 934 621 1007 ὥσθ’
636 933 732 1023 ἥδιον
745 943 846 1024 έχετε,
865 932 908 1004 δι’
925 931 987 1016 οὒς
1000 934 1139 1005 όκοόετε

193 1034 334 1126 κακώςῆ
344 1036 387 1109 δι’
396 1034 458 1119 οίίς
472 1042 677 1125 ἐπαινεῖσδε,
691 1039 746 1106 καὶ
762 1039 1046 1126 δημοτικωτέρους
1052 1036 1139 1107 εἶναι

192 1147 341 1225 νομίζετε
359 1138 439 1219 τους
457 1146 519 1208 τοῦ
536 1150 708 1227 μισεῖσθαι
725 1138 788 1225 τήν
806 1138 904 1208 πόλιν
921 1132 989 1207 όπό
1003 1144 1139 1208 πολλῶν

193 1247 325 1321 αἰτίους
338 1238 439 1320 ὄντας
451 1233 563 1328 ήτοός
572 1237 736 1325 ἅπαντας,
750 1234 801 1320 οἷς
811 1239 1085 1328 πεπλησιοίκασιν,
1099 1231 1140 1309 εό

127 1351 183 1400 304
194 1346 384 1411 διακεῖσθαι
397 1340 482 1429 πρός
493 1337 600 1429 αότήν
614 1340 845 1427 πεποιηκότας.
870 1336 913 1427 ἢν
926 1332 989 1410 οὖν
1002 1363 1135 1428 σωφρο-

197 1446 289 1529 νητε,
307 1447 365 1531 τῆς
382 1443 445 1529 μὲν
462 1446 606 1531 ταραχῆς
625 1442 796 1511 παύσεσθε
814 1440 955 1529 ταύτης,
972 1440 1037 1530 οὐχ
1050 1441 1140 1511 οὕτω

196 1542 229 1611 δ’
251 1541 364 1632 ὥσπερ
381 1550 448 1612 νῦν
465 1550 503 1613 οί
517 1545 579 1633 μὲν
597 1545 811 1633 τραχέως,οί
825 1542 858 1613 δ’
878 1541 1047 1631 ὀλιγώρως
1065 1546 1138 1611 δια-

194 1652 349 1715 κείσεσθε
372 1647 455 1734 πρὸς
479 1646 540 1734 τήν
563 1651 782 1732 φιλοσοφίαν,
811 1642 886 1713 ἀλλ’
910 1639 1140 1732 ὑπολαβόντες

194 1746 372 1815 κάλλιστον
397 1745 482 1816 εἶναι
505 1749 562 1816 καὶ
584 1745 855 1815 ’σπουδαιότατον
877 1750 946 1814 τῶν
964 1748 1137 1831 ἐπιτηδευ-

195 1847 313 1934 μοίτυν
337 1847 398 1935 τήν
422 1852 479 1935 της
504 1850 612 1935 ψυχης
633 1850 833 1934 ἐπιμέλειαν,
851 1848 1054 1935 προτρέψετε
1070 1850 1140 1915 τῶν
1219 1847 1240 1861 ’”

195 1949 371 2036 νεωτέρων
388 1950 468 2028 τοός
485 1956 563 2036 βίον
578 1948 696 2019 ἱκανόν
709 1952 931 2036 κεκτημένους
944 1949 1001 2017 καί
1016 1946 1139 2036 σχολὴν

196 2047 290 2134 ἄγειν
308 2050 521 2137 δυναμένους
540 2052 595 2119 ἐπὶ
612 2049 675 2137 τήν
688 2054 845 2118 παιδείαν
858 2048 988 2136 καλιήν
1001 2048 1140 2139 ἄσκησιν

130 2151 258 2237 305τήυ
282 2150 459 2239 τοιαότηυ,
484 2151 540 2220 καλ
562 2150 642 2231 τοός
664 2152 729 2239 μέν
752 2165 870 2219 πονεῖν
888 2152 1066 2230 ἐθέλοντας
1084 2151 1140 2219 καλ

194 2252 457 2338 παρασκευάζειν
472 2255 559 2339 σφᾶς
572 2251 698 2333 αότοός
712 2260 896 2339 χρησίμους
909 2258 950 2340 τῇ
962 2253 1054 2321 πόλει
1064 2252 1139 2338 περὶ

195 2358 323 2421 πολλοῦ
342 2353 533 2440 ποιήσεσθε,
550 2352 631 2433 τούς
644 2354 682 2423 δὲ
703 2355 999 2440 καταβεβλημένας
1016 2356 1139 2437 ζῶντας

196 2455 254 2523 καὶ
262 2454 407 2541 μηδενός
415 2452 521 2524 ἄλλου
528 2461 777 2543 φροντίζοντας,
791 2452 879 2540 πλήν
888 2452 980 2534 ὅπως
989 2452 1138 2539 ἀσελγῶς
1150 2480 1198 2529 1³0

197 2552 1136 2644 ἀπολαύσονταιτῶνκαταλειφθέντωνποότουςδδμισή-

197 2678 271 2725 σετε
289 2657 346 2723 καί
364 2657 531 2744 προδότας
549 2672 691 2744 νομιεῖτε
708 2658 766 2725 καὶ
783 2659 842 2743 τής
860 2656 988 2736 πόλεως
1006 2656 1139 2744 καὶτῆς

195 2760 264 2825 τῶν
278 2758 457 2853 προγόνου
470 2758 585 2845 δόξης·
603 2757 698 2845 μόλις
711 2756 790 2844 γὰρ,
802 2753 846 2846 ήν
859 2753 967 2837 οὕτως
980 2751 1070 2846 όμᾶς
1083 2766 1138 2827 αλ*

196 2860 437 2943 σθανταιπρός
452 2862 628 2946 ἑκατέρους
637 2856 754 2926 αὐτῶν
760 2860 1002 2947 διακειμένους,
1017 2857 1134 2945 ἐθελή-

196 2980 313 3028 σουσιν
331 2965 369 3029 οί
382 2957 538 3045 νειότεροι
554 2959 868 3047 καταφρονήσαντες
891 2963 951 3045 τής
968 2962 1140 3048 ῥᾳθυμίας

196 3061 371 3149 προσέχειν
385 3069 503 3148 σφίσιν
517 3058 634 3140 αὐτοῖς
647 3061 703 3128 καὶ
715 3064 758 3149 τή
773 3067 956 3150 φιλοσοφίᾳ
970 3061 1030 3129 τόν
1042 3064 1138 3129 νοῦν.

135 3168 186 3217 306
197 3160 435 3251 ἀναμνήσθητε
446 3162 484 3232 δὲ
497 3162 534 3232 τὸ
550 3161 672 3242 κόλλος
681 3160 781 3230 καλτό
794 3163 940 3249 μέγεθος
950 3166 1018 3229 τῶν
1032 3168 1140 3250 ἔργον

196 3266 265 3331 τῶν
282 3268 325 3351 τῇ
344 3265 438 3331 πόλει
456 3264 513 3331 καλ
530 3277 602 3342 τοῖς
616 3262 794 3349 προγόνοις
808 3263 1066 3351 πεπραγμένων,
1082 3264 1140 3332 καί

195 3365 346 3433 διέλθετε
352 3362 437 3452 πρός
446 3364 536 3451 ὑμᾶς
543 3359 735 3444 αότοόςκαὶ
743 3365 926 3449 σκέψασθε,
940 3363 1037 3443 ποῖός
1044 3356 1140 3451 τιςῆν

195 3467 253 3533 καλ
272 3468 343 3544 πῶς
360 3465 509 3550 γεγονός
527 3468 583 3534 καί
599 3473 676 3534 τίνα
693 3464 821 3553 τρόπον
838 3466 1103 3553 πεπαιδευμένος
1121 3464 1139 3534 ό

194 3567 275 3646 τούς
293 3567 482 3650 τυράννους
502 3565 659 3653 ἐκβαλών
676 3568 733 3634 καὶ
747 3567 806 3634 τόν
820 3571 927 3654 δήμον
941 3565 1140 3653 καταγαγιόν

195 3669 251 3737 καί
267 3668 327 3754 τήν
341 3673 568 3755 δημοκρατίαν
583 3668 804 3754 καταστήσας,
818 3683 914 3748 ποῖος
928 3670 969 3736 δέ
974 3666 1140 3748 τιςότοδς
