2859 4334
479 372 748 433 ΦΙΛΙΠΠΟΣ.
1029 367 1088 432 103

146 561 190 620 τα,
207 534 334 616 καὶτὰς
348 533 412 623 μὲν
427 530 722 619 ἄτιμαθήσεσθαι,
745 529 805 610 τοὶς
819 529 850 600 δ’
873 531 1090 602 έκιπολύσειν

146 640 200 700 τῶν
209 629 412 722 Ἐλληνίδων
428 631 580 712 πόλεωνς

215 733 303 821 (κς-ἲ)
325 731 511 811 Διονύσιος
530 736 666 816 τοίνυν,
686 727 852 818 βούλομαι
872 726 938 816 γὰρ
954 731 990 798 έκ
1006 735 1091 797 πολ-

145 839 200 898 λῶν
213 852 250 900 σε
259 838 446 917 πεισθῆναι
457 833 579 920 ήμδίαν
594 825 679 896 εἶναι
693 824 756 914 τήν
769 832 909 914 πρᾶξιν,
924 824 980 914 ἐφ’
994 824 1039 914 ήν
1050 837 1115 896 σεο

145 931 283 1018 τυγχάνω
297 936 521 1017 παρακαλῶν,
537 924 720 1006 πολλοστὸς
736 921 786 996 &v
796 933 1022 1013 Συρακοσίων
1035 927 1090 996 καὶ

145 1037 178 1120 τῷ
190 1035 280 1117 γένει
292 1030 350 1100 καί
363 1056 403 1118 τη
390 1029 501 1118 δόξῃ
517 1029 573 1097 καὶ
586 1041 655 1106 τοίς
670 1024 823 1106 ἄλλοις”
800 1047 943 1114 απασιν,
967 1029 1090 1096 ἐπιθο-

145 1128 234 1215 μήσας
254 1133 440 1215 μοναρχίας
457 1122 587 1211 ἀλόγως
607 1126 663 1193 καί
684 1131 834 1212 μανικῶς
853 1129 908 1194 καὶ
925 1124 1091 1213 τολμήσας

145 1227 260 1296 ἅπαντα
274 1227 436 1312 πράττειν
451 1252 492 1293 τα
481 1223 654 1311 φέροντα
668 1221 753 1310 πρὸς
767 1220 829 1309 τήν
845 1223 992 1344 δύναμιν
1007 1222 1089 1291 ταύ-

145 1355 205 1415 την,
218 1329 357 1414 κατέσχε
372 1325 435 1448 μέν
448 1323 690 1412 Συρακούσας,
705 1321 836 1402 ἁπάσας
853 1319 940 1391 δέ
903 1350 963 1402 τας
976 1325 1013 1391 ἐν
1027 1329 1090 1390 Σο·

145 1433 220 1515 κολίᾳ
231 1423 391 1512 πολεις,”
371 1446 448 1494 οσαι
456 1450 521 1511 περ
533 1417 621 1511 ήσαν
628 1421 824 1510 Ἑλληνίδες,
835 1423 1088 1510 κατεστρέψατο,

145 1524 332 1612 τηλικαύτην
341 1523 378 1592 δὲ
385 1522 532 1611 δύναμιν
540 1523 756 1611 περιεβάλετο
766 1524 821 1590 καὶ
830 1517 932 1608 πεζήν
941 1523 995 1590 καὶ
1004 1547 1090 1588 ναυ-

145 1624 241 1714 τικήν,
257 1621 344 1712 ὅσην
359 1622 469 1703 οὐδεὶς
479 1621 565 1710 ἀνὴρ
576 1629 645 1691 τῶν
658 1619 723 1709 πρὸ
741 1624 871 1690 ἐκείνου
882 1624 1084 1708 γενομέναν.
1100 1652 1117 1692 ο

145 1725 213 1811 (κζ’.)
225 1723 298 1794 Ἔτι
308 1730 427 1793 τοίνυν
438 1729 568 1810 Κύρος,
583 1724 641 1790 ἵνα
652 1729 859 1810 μνησθῶμεν
870 1723 1010 1805 καὶπερὶ
1021 1727 1089 1789 τῶν

145 1825 329 1912 βαρβάρων,
345 1825 491 1902 ἐκτεθείς
501 1825 564 1910 μὲν
575 1819 641 1890 ὑπὸ
656 1829 714 1910 τῆς
728 1819 852 1910 μητρὸς
867 1827 913 1902 είς
923 1818 985 1910 τήν
996 1817 1089 1906 δδδν,

145 1919 323 2009 ἀναιρεθείς
339 1918 371 1989 δ’
389 1918 456 1990 ύπό
471 1925 636 2009 Περσίδος
659 1917 836 2009 γυναικὸς,
861 1927 907 2002 είς
923 1919 1089 2010 τοσαύτην

145 2014 213 2107 ήλθε
223 2017 416 2108 μεταβολήν
427 2015 515 2088 ὥσθ’
528 2016 660 2107 ἁπάσης
670 2027 728 2108 της
740 2017 849 2100 Ἀσίας
859 2024 1018 2109 γενέσθαι
1033 2025 1090 2090 δε-

145 2141 261 2207 σποτης.

209 2217 305 2307 (κη’.)
318 2215 425 2285 Ὅπου
441 2213 473 2284 δ’
489 2213 698 2305 Ἀλκιβιάδης
718 2221 781 2305 μὲν
802 2219 913 2308 φυγὰς
928 2217 993 2309 ὧν,
1019 2221 1089 2290 Κό·

145 2344 199 2384 νων
215 2319 253 2386 δὲ
268 2313 538 2403 δεδυστυχηκύς,
553 2318 738 2396 Διονύσιος
754 2315 786 2385 δ’
803 2316 865 2388 ούκ
882 2324 1016 2401 ἔνδοξος
1028 2315 1089 2406 ιδν,

145 2425 241 2505 Κῦρος
256 2413 288 2484 δ’
308 2412 417 2496 οὕτως
431 2421 565 2503 οἰκτρᾶς
582 2413 673 2506 αύτῷ
690 2425 748 2504 τῆς
763 2422 796 2500 ἐξ
811 2417 912 2507 ἀρχῆς
929 2423 1089 2507 γενέσεως

145 2514 332 2604 ὑπαρξάσης,
344 2523 391 2597 είς
398 2524 561 2586 τοσοῦτον
571 2523 748 2604 προῆλθον
759 2523 814 2587 καί
824 2527 1005 2605 τηλικαῦτα
1017 2523 1116 2587 διε-δ

145 2619 316 2702 πράξαντο,
330 2623 402 2696 πῶς
413 2613 456 2684 ού
466 2619 554 2702 σέγε
564 2613 626 2704 χρή
640 2621 845 2701 προσδοκᾶν,
856 2614 917 2685 τὸν
928 2619 965 2685 ἐκ
975 2617 1090 2685 τοιού-

145 2743 197 2782 των
210 2716 274 2803 μὲν
291 2715 472 2802 γεγονότα,
490 2720 707 2795 Μακεδονίας
722 2718 758 2784 δὲ
772 2716 1010 2804 βασιλεύοντα,
1032 2742 1090 2785 το·

145 2817 263 2884 τούτων
277 2815 315 2884 δέ
332 2815 453 2902 κύρτον
469 2813 568 2901 ὄντα,
588 2818 712 2905 ῥᾳδίας
726 2811 766 2884 τύ
787 2820 1012 2903 προειρημένα
1027 2836 1090 2884 συ·

145 2916 282 3003 στήσεινς

215 3017 312 3102 (κδ’.)
335 3018 465 3098 Σκέήαι
477 3014 509 3084 δ’
528 3013 572 3094 ὡς
583 3013 678 3096 ἄξιόν
691 3018 760 3083 ἐστι
770 3029 839 3095 τοῖς
847 3014 1011 3094 τοιούτοις
1021 3024 1089 3083 τῶν

145 3120 239 3201 ἔργον
251 3112 385 3203 μάλιστ’
399 3116 586 3200 ἐπιχειρεῖν,
598 3118 637 3183 έν
648 3109 697 3193 οἷς
708 3113 927 3201 κατορθώσας
937 3117 999 3201 μέν
1010 3117 1089 3182 ἐνα-

145 3223 250 3283 ιιλλον
269 3212 333 3300 τήν
351 3221 479 3282 σαυτοῦ
496 3214 598 3296 δόξαν
616 3215 832 3302 καταστήσεις
852 3229 921 3295 τοῖς
937 3212 1090 3299 πρωτεύ-

145 3332 224 3399 σασι,
245 3311 439 3399 διαμαρτών
460 3314 497 3382 δέ
510 3321 568 3400 τῆς
585 3317 786 3398 προσδοκίας
801 3309 876 3381 ἀλλ’
892 3305 957 3382 ούν
978 3303 1087 3399 τήνγ’

145 3409 271 3478 εὔνοιαν
280 3409 395 3498 κτήσει
405 3409 468 3500 τήν
479 3410 570 3497 παρὰ
580 3419 649 3481 τῶν
658 3410 840 3498 Ἑλλήνων,
853 3407 897 3499 ἢν
907 3408 995 3479 πολύ
1007 3409 1116 3479 κάλ-ε

145 3513 204 3578 λιόν
216 3514 285 3580 ἐστι
296 3520 412 3599 λαβεῖν
422 3507 444 3600 ή
454 3510 581 3591 πολλὰς
592 3512 705 3591 πόλεις
715 3516 784 3579 τύν
792 3509 995 3597 Ἑλληνίδων
1005 3506 1089 3578 κατὰ

145 3613 251 3694 ιρύτος
262 3614 369 3681 ἑλεῖν·
390 3608 431 3680 τὰ
446 3614 510 3699 μὲν
522 3610 588 3700 γὰρ
599 3619 737 3681 τοιαῦτα
750 3617 819 3680 τῶν
833 3617 942 3697 ἔργον
954 3609 1089 3694 φθόνον
