2859 4334
280 396 341 463 152
565 399 750 461 ῙΣΟΚΡΑ
759 400 888 461 Tm
904 402 951 478 (⁷)

279 574 348 641 ταῖς
357 560 476 647 μάχαις
488 557 628 647 ἡγεμόσι
638 558 804 645 χρεόμενοι
815 567 1025 646 κατορθῶσι,
1039 563 1172 640 τούτοις
1182 563 1242 629 καλ

279 664 439 747 περὶτῶν
456 659 648 746 μελλόντων
669 658 842 726 κινδύνων
858 659 1130 746 συμβουλεύσων
1150 668 1241 745 μᾶλ-

245 762 250 768 ’
279 767 341 830 λον
355 754 377 846 ἢ
393 773 460 838 τοῖς
473 756 587 837 ἄλλοις
600 764 792 828 πεύθεσθαι.

739 1218 778 1286 ⁷.

560 1336 959 1407 ΑΡΕΟΠΑΓΙΤΙΚΟΣ.

668 1478 843 1489 ——a-u.

361 1554 432 1635 (α’.)
457 1548 628 1634 Πολλούς
653 1552 750 1641 ὑμῶν
770 1552 861 1640 οἶμαι
887 1555 1092 1643 θαυμάζειν,
1116 1555 1239 1644 ἥντινά
1260 1573 1317 1628 140

279 1677 359 1721 ποτε
373 1650 513 1738 γνώμην
524 1659 608 1739 ἔχων
619 1655 694 1739 περὶ
709 1659 873 1739 σωτηρίας
881 1649 944 1741 τὴν
958 1652 1130 1740 πρόσοδον
1143 1658 1237 1723 ἐποι-

279 1750 430 1839 ησάμην,
456 1748 568 1837 ύσπερ
590 1756 649 1838 τῆς
667 1749 797 1831 πόλεως
816 1753 854 1820 ἐν
874 1752 1048 1832 κινδύνοις
1067 1750 1188 1840 ούσης,
1214 1748 1237 1840 ἢ

275 1852 452 1935 σφαλερῶς
465 1847 556 1939 αύτῆ
567 1854 637 1920 τῶν
652 1852 860 1941 πραγμάτων
872 1855 1143 1947 καθεστηκότων,
1157 1854 1237 1929 ἄλλ’

274 1976 317 2018 ον
306 1949 464 2031 ’πλείους
472 1950 685 2079 μέντριήρεις
698 1981 719 2041 η
703 1944 905 2038 ”διακοσίας
914 1960 1127 2047 κεκτημένης,
1140 1960 1237 2050 εἰρή-

281 2073 348 2134 νην
364 2049 400 2117 δὲ
414 2050 519 2119 καὶ
482 2079 523 2119 τα
538 2053 663 2140 περὶ
627 2082 689 2143 την
702 2058 818 2143 χώραν
828 2056 992 2148 άμυύσης,
1010 2063 1065 2131 καὶ
1075 2090 1144 2132 των
1154 2072 1239 2133 κατα

253 2147 487 2219 αθάλατταν’
468 2153 649 2269 αρχούσης,
672 2161 719 2224 ἔτι
734 2159 770 2225 δὲ
789 2160 983 2246 συμμάχους
1003 2162 1143 2251 ἐχούσης
1155 2174 1240 2235 πολ·
1250 2181 1270 2235 b

281 2243 363 2325 λούς
376 2247 439 2333 μὲν
452 2248 532 2329 τούς
543 2254 680 2339 ετοίμως
692 2252 790 2372 ημῖν,
804 2255 848 2343 ἥν
858 2284 890 2325 τι
901 2260 976 2348 δέη,
991 2264 1239 2351 βοηθήσοντας,

281 2341 369 2411 πολύ
383 2348 419 2414 δὲ
431 2356 566 2427 πλείους
579 2350 660 2431 τούς
669 2350 728 2431 τάς
739 2355 913 2436 συντάξεις
927 2356 1171 2440 ὑποτελοῦντας
1182 2366 1240 2431 καὶ

280 2437 316 2510 τό
333 2448 623 2534 προσταττόμενον
639 2460 836 2532 ποιοῦντας·
860 2446 909 2523 όν
919 2453 1140 2583 ὑπαρχόντων
1150 2458 1240 2547 ἡμᾶς

279 2542 377 2628 μὲν”
355 2570 399 2612 αν
409 2571 456 2625 τις
472 2546 612 2633 φήσειεν
623 2549 710 2630 εἰκὸς
724 2551 809 2621 εἶναι
822 2553 1003 2641 θαρρεῖν
981 2584 1026 2637 ως
1040 2560 1156 2645 πόρρω
1166 2586 1238 2629 των

279 2644 484 2711 κινδύνων”
465 2673 580 2733 ουτας,
595 2648 707 2728 τοϊςδ’
725 2654 858 2738 ἐχθροῖς
866 2669 935 2734 τοῖς
946 2653 1118 2745 ημετέροις
1127 2680 1237 2742 προσ-

278 2767 372 2828 ηκειν
387 2746 533 2813 δεδιέναι
553 2749 607 2816 καὶ
623 2752 851 2835 βουλεύεσθαι
872 2755 1001 2839 περὶ
961 2783 1019 2841 της
1039 2755 1152 2826 αυτῶν
1165 2779 1235 2827 σω-

277 2848 401 2924 τηρίας.

251 2952 268 3004 σ
362 2939 414 3026 (β’.
418 2950 431 3023 )
445 2939 610 3029 ’Τμελςὲ
569 2971 593 3031 μ
611 2973 632 3013 ν
654 2940 720 3015 οὖν
734 2946 835 3017 οἶδ’
813 2976 865 3018 οτι
885 2951 993 3020 τούτω
1006 2955 1172 3041 χρεόμενοι
1187 2982 1236 3049 τω

276 3043 423 3127 λογισμῷ
440 3041 547 3108 καὶ
508 3070 565 3162 της
577 3046 656 3132 ἐμῆς
666 3048 839 3132 προσόδου
848 3066 1088 3138 καταφρονεῖτε
1101 3057 1157 3124 καὶ
1168 3063 1233 3123 πᾶ·
1246 3088 1263 3126 τ

275 3154 339 3202 σαν
356 3137 547 3217 ἐλπίζετε
511 3167 574 3227 την
587 3140 727 3213 Ἑλλάδα
739 3147 845 3235 ταύτῃ
858 3175 898 3237 τη
883 3152 1054 3237 δυνάμει
1068 3154 1234 3242 κατασχή-

275 3253 363 3302 σειν·
379 3235 444 3321 ἐμω
456 3237 492 3305 δὲ
504 3237 549 3307 δι’
563 3239 648 3310 αύτό
660 3251 764 3313 ταῦτα
775 3249 929 3367 τυγχάνω
940 3251 1067 3330 δεδιύς.
1086 3249 1206 3337 ὁρω
1166 3280 1232 3341 γαρ

274 3340 342 3400 τῶν
363 3334 496 3403 πόλεων
516 3364 574 3417 τας
596 3336 714 3425 ἄριστα
735 3346 894 3429 πράττειν
915 3351 1070 3435 οἰομένας
1090 3351 1231 3420 κάκιστα

272 3436 520 3516 βουλευομένας
538 3436 645 3505 καὶ
610 3466 668 3518 τας
690 3442 834 3527 μάλιστα
850 3445 1048 3532 θαρρούσας
1072 3454 1119 3528 εἰς
1137 3459 1232 3518 πλει-

245 3541 371 3607 λστους
378 3532 560 3612 κινδννονς
567 3543 823 3627 καθισταμενας
832 3553 941 3613 αἴτιον
949 3547 986 3615 δὲ
992 3572 1123 3615 τουτων
1129 3556 1230 3638 ἐστιν,

271 3621 401 3693 ὅτιτῶν
411 3627 553 3710 άμαθιθν
565 3635 699 3703 καὶτῶν
710 3648 825 3707 κακῶν
837 3639 993 3712 ούδεν’
950 3642 1031 3713 αντό
1046 3643 1129 3713 καθ’
1142 3643 1226 3715 αύτο
1214 3645 1257 3713 δ
