2859 4334
425 361 544 419 ΠΕΡΙ
573 363 668 420 ΊὈΊΙ
687 362 924 421 ΖΕΤΓΟΤΣ.
1093 360 1153 423 183

200 520 314 585 νονται
329 520 467 606 τοιαύτη
482 526 649 609 παρρησίᾳ
662 520 828 605 χρῶμενοι
843 522 920 604 περὶ
933 547 994 589 του
980 529 1154 589 τεθνεῶ-

146 632 182 682 23
201 645 270 699 τος,
286 616 329 705 ήν
344 614 512 687 ἔδεισαν
491 646 535 686 αν
549 619 754 705 ποιήσασθαι
796 621 874 708 περὶ
903 624 1043 707 ζῶντος,
1083 617 1152 690 ἀλλ’

184 724 246 797 είς
269 726 432 787 τοσοῦτον
457 716 572 795 ἀνοίας
598 718 821 804 ἐληλύθασιν,
850 718 928 786 ὥστ’
952 730 1079 789 οῖονται
1098 723 1153 788 καὶ

198 814 278 898 παρ’
294 815 375 901 ύμῖν
393 818 447 884 καλ
463 816 553 900 παρὰ
569 831 637 895 τοῖς
651 816 763 895 άλλοις
780 813 1067 903 εὐδοκιμήσειν,
1046 846 1090 905 ην
1106 814 1181 896 ῶςλι

197 913 422 993 ανδύνωνται
451 925 587 985 πλεῖστα
616 920 692 1001 περὶ
721 915 827 985 αὐτοῦ
854 917 1151 1005 βλασφημήσωσιν,

198 1016 309 1099 ῶσπερ
326 1014 368 1084 ού
382 1017 510 1095 πάντας
527 1016 671 1101 εἰδότας,
695 1014 747 1086 ὅτι
764 1019 819 1084 καὶ
840 1031 909 1093 τοῖς
929 1016 1153 1103 φαυλοτάτοις

195 1125 264 1184 τῶν
288 1113 484 1200 άνθρῶπων
505 1121 631 1197 ἔξεστιν
652 1115 694 1184 ού
714 1117 823 1202 μόνον
839 1120 914 1200 περλ
934 1126 1003 1185 τῶν
1018 1116 1152 1198 ἀνδρῶν

195 1222 264 1283 τῶν
289 1213 435 1297 άρίστων
461 1214 545 1285 ἀλλά
568 1219 621 1284 καὶ
643 1220 806 1301 περὶτῶν
821 1223 916 1284 θεῶν
936 1213 1152 1303 ύβριστικοός

145 1324 182 1376 2⁴
197 1313 319 1400 λόγους
330 1319 443 1383 εἰπεῖν.
457 1312 631 1400 (θ’.)Ἰσως
641 1314 703 1399 μὲν
715 1306 935 1401 ούνάνόητόν
946 1312 1153 1383 ίστινᾶπάν-

195 1439 265 1481 των
280 1421 348 1480 τῶν
363 1416 546 1500 εἰρημένων
571 1409 777 1499 φροντίζειν·
808 1412 898 1500 ὅμως
918 1411 949 1482 δ’
967 1412 1027 1500 οὐχ
1042 1409 1150 1501 ἥκιστ’

195 1515 352 1598 ἐπιθυμῶ
378 1516 454 1594 περὶ
475 1520 543 1580 τῶν
565 1511 836 1598 ἐπιτηδευμάτων
856 1519 926 1581 τῶν
945 1520 1006 1580 τοῦ
1027 1510 1152 1596 πατρός

197 1617 345 1680 διελθεῖν
355 1609 440 1695 πρὸς
454 1609 558 1697 ὑμᾶς,
574 1608 696 1697 μικρόν
715 1609 897 1698 προλαβῶν
911 1613 966 1680 καὶ
982 1618 1051 1679 τῶν
1064 1636 1178 1694 προ-ρ

196 1709 309 1797 γόνων
321 1712 545 1796 ἐπιμνησθείς,
561 1708 608 1778 ἵν’
626 1708 800 1797 ἐπίστησθ’
814 1709 866 1778 ότι
877 1711 1061 1795 πόρρωθεν
1072 1707 1151 1795 ἡμῖν

198 1807 339 1895 ὑπάρχει
353 1813 490 1895 με’γιστα
505 1812 559 1877 καὶ
574 1810 735 1877 κάλλιστα
750 1818 819 1877 τῶν
832 1818 987 1879 πολιτῶν.

146 1926 181 1977 ῖό
280 1909 344 1995 (ι’.)
360 1907 398 1977 ‘O
410 1906 475 1995 γάρ
490 1906 596 1995 πατήρ
608 1906 692 1991 πρὸς
705 1908 768 1993 μὲν
778 1905 915 1991 ἀνδρῶν
926 1902 970 1995 ήν
982 1905 1150 1991 Εύπατρι-

197 2014 283 2092 δῶν,
300 2000 349 2075 ῶν
365 2005 428 2095 τήν
447 2005 620 2094 εύγένειαν
634 2010 666 2087 ἐξ
688 2005 791 2095 αὐτῆς
807 2016 865 2096 τῆς
885 2012 1074 2093 ἐπωνυμίας
1088 2006 1151 2097 ρά-

196 2113 271 2175 διον
291 2115 435 2194 γνῶναι,
461 2104 545 2191 πρός
566 2116 741 2193 γυναικῶν
766 2106 798 2181 δ’
818 2108 1088 2196 Ἀλκμεωνιδῶν,
1119 2113 1155 2175 οἳ

196 2209 334 2293 τοῦμὲν
351 2206 499 2274 πλούτου
520 2209 675 2293 με’γιστον
694 2222 858 2293 μνημεῖον
877 2213 1070 2280 κατέλιπον,
1095 2210 1152 2273 ἵπ-

196 2332 271 2375 πων
282 2303 346 2391 γάρ
358 2304 462 2391 ζεύγει
472 2313 602 2387 πρῶτος
617 2300 785 2392 Ἀλκμέων
802 2312 870 2373 τῶν
881 2303 1152 2391 πολιτῶνΌλνμ-

197 2412 312 2474 πίασιν
328 2406 474 2490 ἐνίκησε,
495 2403 557 2493 τήν
572 2403 602 2473 δ’
621 2403 775 2489 εὔνοιαν,
796 2405 840 2491 ἣν
854 2404 942 2491 εἶχον
957 2412 1002 2484 είς
1016 2404 1053 2474 τό
1068 2413 1154 2490 πλή-

196 2514 276 2585 θος,
292 2504 410 2582 ἐντοῖς
425 2519 637 2589 τυραννικοῖς
651 2506 878 2584 ἐπεδείξαντο·
901 2518 1073 2590 συγγενεῖς
1087 2500 1152 2589 γάρ
1164 2520 1181 2575 d

196 2600 291 2679 ὄντες
311 2604 553 2684 Πεισιστράτου
568 2607 622 2672 καλ
637 2604 718 2686 πρὶν
733 2608 778 2680 είς
791 2599 853 2688 τήν
867 2600 974 2688 άρχήν
991 2607 1153 2687 καταστῆ-

197 2730 253 2770 ναι
268 2700 400 2787 μάλιστ’
417 2700 508 2795 αύτῷ
522 2705 687 2791 χρῶμενοι
702 2710 772 2771 τῶν
792 2710 954 2788 πολιτῶν,
975 2699 1038 2771 ούκ
1053 2699 1153 2788 ήξίω-

196 2822 261 2868 σαν
276 2815 449 2887 μετασχεῖν
469 2811 526 2890 τής
543 2806 674 2871 ἐκείνου
691 2806 908 2886 τυραννίδος,
930 2798 1004 2870 ἄλλ’
1024 2804 1152 2869 εἵλοντο

197 2914 321 2987 φυγεῖν
347 2907 475 2985 μᾶλλον
498 2897 520 2988 ή
545 2900 623 2981 τούς
648 2908 785 2979 πολίτας
811 2905 895 2968 ίδεῖν
920 2899 1151 2976 δουλεύοντας.

148 3013 182 3067 26
195 2999 440 3083 τετταράκοντα
458 2998 491 3068 δ’
509 3006 564 3087 ἔτη
584 3008 641 3088 τής
654 3000 799 3079 στάσεως
810 3003 992 3086 γενομένης
1007 2995 1072 3065 ὑπό
1092 2998 1154 3083 μὲν

196 3105 266 3166 τῶν
281 3099 460 3182 τυράννων
474 3100 623 3190 τοσούτῳ
638 3107 766 3186 μᾶλλον
780 3097 849 3165 τῶν
863 3095 975 3166 ἄλλων
989 3097 1180 3184 ἐμισήθη-ρ

198 3218 282 3275 σαν,
302 3196 387 3267 ῶσθ’
404 3196 505 3267 ὁπότε
519 3196 682 3267 τάκείνων
697 3198 903 3285 κρατήσειεν,
919 3194 961 3263 ού
976 3196 1083 3283 μόνον
1096 3193 1155 3273 τὰς

199 3302 306 3376 οίκίας
329 3296 441 3365 αὐτῶν
467 3302 694 3366 κατέσκαπτον
729 3294 813 3365 άλλά
837 3298 892 3365 καλ
919 3293 999 3375 τούς
1024 3296 1154 3380 τάφους

199 3395 411 3480 άνῶρνττον,
442 3395 508 3466 ύπό
531 3401 566 3465 δὲ
585 3406 653 3465 τῶν
668 3398 903 3483 σνμφυγάδων
918 3394 1007 3464 οὕτω
1027 3391 1152 3480 σφόδρ’

199 3498 458 3586 ἐπιστεύθησαν,
473 3500 557 3570 ὥσθ’
571 3500 702 3570 ἅπαντα
711 3508 833 3569 τοῦτον
844 3499 905 3567 τόν
915 3499 1039 3587 χρόνον
1049 3495 1154 3585 ἡγού-

198 3624 295 3681 μενοι
310 3607 371 3665 τοῦ
382 3600 491 3688 δήμου
506 3605 701 3671 διετέλεσαν.
737 3596 848 3669 καλτό
869 3607 1061 3667 τελευταῖον
1081 3594 1151 3664 Ἀλ-
