2859 4334
287 373 329 436 οι
575 373 964 453 mmmm)
1331 145 1346 408 ἐ

287 538 444 623 νημέυων
459 539 528 603 ἐδει
541 537 604 620 μέν
614 536 782 620 μηδέποτέ
790 552 844 602 σοι
855 532 938 620 μηδὲ
949 530 1033 620 πρὸς
1044 542 1125 620 μίαν
1135 531 1252 602 αὐτῶν

183 712 186 720 ,
286 635 447 724 γενέσθαι
465 632 644 719 διαφοράν.
674 630 759 701 άλλά
776 630 842 720 γάρ
858 632 1003 713 ἅπαντας
1018 640 1120 703 πλείω
1137 633 1253 720 πεφύ-
1346 663 1347 700 ι

162 792 164 797 .
287 760 394 822 καμευ
407 731 648 819 ἐξαμαρτάνειν
661 725 684 819 ή
697 739 903 814 κατορθοῦν.
927 731 1011 800 ῶστε
1027 730 1068 800 τά
1084 735 1147 819 μέν
1163 731 1254 820 πρά-

286 858 386 919 τερου
405 834 612 920 γεγενημένα
629 828 726 900 κοινά
743 840 857 900 θεῖναι
874 831 1006 901 δίκαιόν
1023 833 1125 917 ἐστιν,
1148 836 1195 910 είς
1212 833 1285 900 δὲι

286 931 347 1003 τδν
364 935 538 1003 ἐπίλοιπον
556 932 682 1020 χρόνον
702 933 910 1019 φυλακτέον,
933 930 1024 1011 ὅπως
1041 935 1145 1020 μηδὲν
1161 954 1253 1020 συμ-
1347 957 1348 990 1

286 1030 427 1119 βήσεταί
438 1052 492 1100 σοι
505 1039 672 1118 τοιοῦτον,
688 1034 745 1100 καὶ
755 1032 927 1115 σκεπτέον,
941 1035 975 1098 τί
983 1024 1027 1097 άν
1038 1028 1172 1117 άγαθδν
1184 1026 1251 1097 αὐ-

285 1127 345 1208 τάς
367 1129 592 1217 ἐργασάμενος
616 1136 757 1217 φανείης
777 1127 852 1210 ἄξια
873 1130 928 1196 καὶ
950 1135 1078 1196 σαυτοῦ
1102 1129 1157 1197 καὶ
1179 1133 1251 1196 τῶν
1348 1158 1349 1220 γ

238 1243 273 1299 λδ
287 1229 430 1307 ἐκείναις
453 1231 699 1316 πεπραγμένων
719 1225 919 1314 πεποιηκῶς.
948 1231 1032 1313 ἐχεις
1053 1227 1090 1294 δὲ
1110 1225 1249 1312 καιρόν·
1348 1225 1349 1262 ί

288 1322 493 1394 ἀποδιδόντα
510 1327 575 1415 γάρ
593 1347 631 1395 σε
647 1326 748 1414 χάριν
765 1317 814 1395 ῶν
832 1323 989 1411 ῶφειλες,
1014 1322 1249 1411 ὑπολήψονται

288 1421 344 1492 διά
359 1421 396 1492 τό
417 1432 550 1513 πλῆθος
563 1432 624 1494 τοῦ
643 1427 771 1512 χρόνου
791 1431 852 1494 τοῦ
873 1420 996 1511 μεταξύ
1018 1423 1250 1509 προϋπάρχειν
1349 1490 1350 1498 ,

287 1530 356 1593 τῶν
377 1522 589 1611 εὐεργεσιῶν.
619 1522 726 1593 καλὸν
742 1522 773 1593 δ’
790 1525 858 1594 ἐστὶ
875 1527 988 1592 δοκεῖν
1002 1524 1065 1610 μὲν
1080 1520 1139 1601 τὰς
1153 1529 1250 1609 μεγί-

287 1643 366 1703 στας
384 1629 454 1691 τῶν
467 1622 601 1692 πόλεων
615 1617 655 1692 εὐ
669 1638 796 1711 ποιεῖν,
818 1625 923 1710 μηδὲν
939 1619 971 1690 δ’
986 1615 1088 1710 ήττον
1102 1619 1206 1691 αὐτὸν
1223 1617 1279 1708 ήδ

235 1731 272 1790 87
283 1719 408 1800 ’κείνας
419 1717 571 1807 ὐφελελν.
594 1724 694 1809 χωρὶς
706 1724 742 1790 δὲ
753 1723 884 1791 τούτων
896 1728 925 1791 εί
935 1722 1020 1808 πρός
1029 1748 1123 1800 τινας
1135 1719 1250 1788 αὐτῶν

286 1819 385 1908 άηδές
404 1826 439 1889 τί
456 1840 510 1889 σοι
530 1826 760 1909 συμβέβηκεν,
786 1824 918 1888 ἅπαντα
939 1828 1043 1889 ταῦτα
1059 1820 1248 1899 διαλύσεις·

286 1925 323 1988 αί
337 1917 403 2005 γάρ
418 1921 455 1988 ἐν
469 1933 538 2000 τοῖς
552 1927 699 2006 παροῦσι
713 1933 844 2007 καιροῖς
857 1917 1044 2007 εὐεργεσίαι
1060 1919 1173 2006 λήθην
1190 1921 1250 2006 ἐμ-

285 2025 422 2086 ποιοῦσι
442 2026 512 2086 τῶν
528 2019 694 2107 πρότερον
701 2017 808 2109 [ὑμῖν]
814 2023 860 2099 είς
875 2015 1040 2106 ἀλλήλους
1053 2028 1248 2106 πεπλημμε-

285 2118 450 2202 λημένων.
472 2113 556 2185 άλλά
570 2115 638 2202 μήν
652 2116 790 2188 κάκεσνο
805 2114 968 2204 φανερὸν,
984 2114 1036 2187 ὅτι
1050 2119 1174 2197 πάντες
1185 2115 1248 2184 άν-

282 2219 417 2299 θρωποι
438 2208 570 2280 τούτων
586 2217 748 2299 πλείστην
763 2218 887 2302 μνείαν
906 2216 1058 2300 έχουσιν,
1083 2203 1132 2281 ῶν
1149 2208 1194 2280 άν
1211 2211 1251 2282 ἐν

234 2325 267 2376 ⁸8
282 2324 358 2391 ταῖς
372 2326 566 2401 συμφοραῖς
583 2303 624 2382 εὐ
637 2312 804 2382 πάθωσιν.
830 2309 913 2404 ὁρᾷς
930 2311 964 2383 δ’
979 2311 1026 2395 ῶς
1042 2311 1251 2383 τεταλαιπῶ·

285 2439 404 2502 ρηνται
420 2411 475 2482 διά
492 2414 552 2482 τὸν
569 2412 719 2501 πόλεμον
735 2413 793 2484 καὶ
812 2410 858 2494 ῶς
875 2422 1118 2504 παραπλησίως
1135 2420 1251 2503 έχουσι
1268 2447 1287 2486 ε

290 2524 360 2591 τοῖς
373 2515 441 2602 ίδίμ
455 2516 663 2599 μαχομένοις.
686 2513 819 2602 καὶγὰρ
831 2518 980 2595 ἐκείνους
992 2516 1175 2604 αὐξομένης
1188 2515 1252 2601 μέν

290 2615 349 2697 τῆς
362 2605 463 2697 ὀργῆς
477 2608 588 2691 οὐδεὶς
604 2606 648 2680 άν
665 2612 893 2693 διαλλάξειεν·
916 2611 999 2700 ἐπήν
1014 2615 1051 2682 δὲ
1064 2620 1175 2691 κακῶς
1189 2609 1252 2682 άλ-

289 2709 415 2796 λήλους
430 2711 608 2796 διαθῶσιν,
633 2707 774 2790 οὐδενὸς
791 2710 989 2790 διαλύοντος
1004 2708 1100 2780 αὐτοὶ
1120 2714 1252 2798 διέστη-

291 2828 364 2877 σαν.
387 2805 470 2892 ὐπερ
485 2805 576 2894 οἶμαι
592 2812 648 2878 καλ
663 2811 787 2890 ταύτας
800 2811 965 2898 ποιήσειν,
982 2803 1026 2896 ἢν
1042 2808 1088 2897 μή
1105 2807 1149 2878 σύ
1164 2811 1253 2895 πρό·
1266 2833 1305 2888 90

291 2931 391 2990 τερον
406 2904 519 2974 αὐτῶν
533 2911 747 2999 ἐπιμεληθῇς.

240 3014 276 3070 89
375 3005 462 3090 (ιδ.)
487 3003 568 3091 Τάχ’
586 3000 652 3076 οὐν
668 3006 713 3076 άν
733 3035 783 3089 τις
804 3011 960 3094 ἐνστῆναι
975 3021 1045 3089 τοις
1065 3015 1253 3096 εἰρημένοις

291 3105 483 3189 τολμήσειε,
500 3106 626 3191 λέγων,
645 3104 690 3185 ῶς
703 3109 859 3194 ἐπιχειρῶ
873 3125 910 3174 σε
924 3114 1058 3176 πείθειν
1071 3104 1253 3187 άδυυάτοις

290 3207 503 3274 ἐπιτίθεσθαι
528 3203 738 3292 πράγμασιν·
760 3206 839 3276 οὐτε
859 3203 924 3295 γάρ
943 3204 1112 3294 Ἀργείους
1132 3212 1254 3293 φίλους

291 3301 334 3372 ἄν
356 3328 436 3371 ποτε
457 3305 618 3388 γενέσθαι
638 3310 918 3393 Λακεδαιμονίοις
942 3305 1020 3374 οὐτε
1040 3309 1253 3392 Λακεδαιμο-

291 3407 386 3480 νίους
403 3406 563 3487 Θηβαίοις
580 3398 661 3471 οὐθ’
681 3402 766 3482 ὅλως
787 3401 866 3482 τούς
885 3407 1100 3490 εἰθισμένους
1119 3401 1252 3472 ἅπαντα

290 3525 352 3568 τον
362 3498 486 3583 χρόνον
496 3506 709 3570 πλεονεκτεῖν
722 3497 875 3569 οὐδέποτ’
888 3494 934 3570 άν
944 3506 1156 3588 ίσομοιρῆσαι
1166 3498 1253 3585 πρὸς

242 3612 277 3666 4⁰
291 3594 466 3685 ἀλλήλους.
490 3599 570 3680 (ιε’.)
587 3597 670 3688 'Essa
685 3599 718 3669 δ’
731 3598 787 3668 ὅτε
801 3598 899 3687 μὲνὴ
915 3599 1012 3681 πόλις
1024 3597 1121 3687 ήμῶν
1134 3602 1173 3670 ἐν
1182 3614 1253 3682 τοῖς
