2859 4334
295 440 355 503 102
573 442 889 503 ΙΣΟΚΡΑΤΟΥΣ
906 446 969 512 (18)

292 600 386 691 ῥύμη
401 603 536 681 καὶτοῖς
548 602 662 679 ἄλλαις
677 598 848 684 εὐπορίαις
856 605 1105 683 καταδεέστεροι
1118 607 1239 686 τυγχά-

225 722 276 775 ²54
292 726 394 787 νομευ
411 699 521 780 ὄντες·
545 703 767 788 ἐγγενομένου
780 696 811 766 δ’
828 698 908 787 ἡμῖν
918 708 980 769 τοῦ
990 708 1124 771 πείθειν
1139 698 1242 785 άλλη-

293 807 374 878 λους
389 801 444 867 καὶ
460 806 587 886 δηλοῦν
598 798 684 885 πρὸς
694 797 781 888 ἡμᾶς
795 797 930 882 αύτούς,
944 802 1020 883 περὶ
1035 792 1085 868 όν
1099 796 1144 867 ἂν
1157 807 1243 885 βου-

292 905 462 986 ληθῶμεν,
478 895 520 966 ού
535 898 643 985 μόνον
657 905 720 966 τοῦ
733 903 911 985 θηριωδῶς
928 905 986 986 ζῆν
1003 896 1251 986 άπηλλάγημεες

292 995 376 1068 άλλά
396 1001 451 1067 καὶ
472 997 697 1077 συνελθόντες
718 1000 831 1077 πόλεις
852 998 1018 1087 βκίσαμευ
1040 1006 1095 1069 καὶ
1116 1000 1244 1087 νόμους

293 1101 440 1185 ἐθέμεθα
456 1101 511 1165 καῖ
524 1101 639 1185 τέχνας
653 1096 814 1182 εὕρομεν,
836 1101 890 1166 καὶ
913 1098 1032 1184 σχεδόν
1054 1097 1188 1167 ἅπαντα
1201 1096 1243 1166 τά

293 1194 339 1265 δι’
355 1195 452 1284 ἡμῶν
464 1199 720 1285 μεμηχανημένα
737 1198 837 1282 λόγος
849 1195 930 1284 ἡμῖν
942 1200 1032 1265 ἐστὶν
1045 1194 1244 1283 όσυγιιατα·

225 1314 275 1368 255
293 1296 468 1374 σκευάσας,
490 1288 589 1374 ούτος
604 1295 669 1382 γάρ
685 1299 760 1381 περὶ
775 1304 842 1364 τῶν
859 1301 997 1365 δικαίων
1011 1300 1149 1364 καὶτῶν
1166 1294 1243 1363 άδί-
1260 1311 1304 1362 ιιι

294 1421 364 1463 κων
379 1398 433 1463 καὶ
453 1401 521 1462 τῶν
538 1401 650 1461 καλῶν
669 1398 723 1463 καὶ
743 1403 812 1463 τῶν
825 1402 970 1481 αἰσχρῶν
985 1396 1242 1479 ἐνομοθέτησεν,

294 1486 343 1563 όν
359 1492 404 1581 μὴ
423 1498 671 1581 διαταχθέυτων
685 1493 748 1562 οὐκ
768 1491 813 1562 όν
826 1490 894 1563 οἶοί
904 1492 936 1563 τ’
950 1488 1036 1581 ἦμεν
1050 1502 1154 1563 οίκεῑν
1167 1492 1241 1581 μετ’,

293 1591 456 1678 άλλήλων.
490 1593 598 1684 τούτῳ
625 1596 679 1661 καῖ
703 1590 783 1672 τούς
808 1593 931 1673 κακούς
955 1598 1165 1682 έξελέγχομεν
1187 1598 1241 1662 καὶ

293 1690 372 1772 τούς
386 1690 538 1779 ἀγαθούς
549 1695 804 1779 ἐγκωμιάζομεν.
825 1692 880 1761 διά
892 1694 1015 1762 τούτου
1025 1695 1106 1773 τούς
1114 1691 1146 1762 τ’
1159 1692 1243 1761 ἀνο-

292 1793 394 1880 ήτους
413 1792 617 1877 παιδεύομεν
639 1794 692 1859 καὶ
707 1790 786 1870 τούς
800 1799 987 1878 φρονίμους
1002 1795 1241 1881 δοκιμάζομεν·

292 1890 330 1959 τό
347 1889 411 1977 γάρ
435 1895 545 1976 λέγειν
561 1888 605 1969 όις
626 1895 679 1959 δεῖ
697 1899 758 1959 τοῦ
780 1907 922 1976 φρονεῖν
943 1886 981 1959 εὖ
1002 1896 1160 1980 μέγιστον
1179 1915 1237 1979 ση

293 2005 389 2079 μεῖον
403 1990 610 2077 ποιούμεθα,
634 1995 689 2059 καὶ
703 1990 804 2076 λόγος
817 1989 947 2079 άληθὴς
962 1997 1017 2060 καὶ
1032 1994 1174 2080 νόμιμος
1187 1995 1244 2061 καὶ

225 2104 277 2159 256
295 2094 421 2167 δίκαιος
436 2095 542 2176 ψυχης
556 2088 685 2177 ἀγαθῆς
697 2093 752 2159 καὶ
766 2097 882 2178 πιστῆς
892 2092 1032 2160 εῖδωλόν
1046 2095 1146 2160 ἐστιν.
1159 2089 1241 2177 μετά

293 2188 417 2255 τούτου
435 2191 490 2256 καὶ
514 2191 589 2271 περὶ
611 2197 679 2257 των
692 2186 994 2275 ἀμφισβητησίμων
1008 2186 1242 2275 άγωνιζόμεθα

294 2291 348 2357 καὶ
368 2291 444 2373 περὶ
464 2296 531 2357 τῶν
554 2288 794 2376 ἀγνοουμένων
816 2290 1052 2374 σκοπούμεθα·
1086 2303 1157 2366 ταῖς
1176 2286 1241 2373 γάρ

293 2396 458 2475 πίστεσιν,
486 2383 537 2467 αἷς
561 2386 640 2467 τούς
665 2387 788 2466 ἄλλους
809 2391 961 2473 λέγοντες
976 2395 1156 2473 πείθομεν,
1171 2401 1242 2464 ταῖς

293 2485 407 2565 αὐταῖς
426 2488 560 2567 ταύταις
578 2487 820 2575 βουλευόμενοι
837 2486 1012 2572 χράμεθα,
1036 2488 1090 2554 καί
1106 2489 1242 2572 βητορι·

293 2583 375 2665 κους
389 2592 451 2671 μὲν
467 2595 636 2673 καλοῦμεν
657 2585 736 2665 τούς
755 2590 792 2655 ἐν
808 2594 852 2672 τῷ
866 2586 990 2673 πλήθει
1009 2588 1119 2671 λέγειν
1134 2590 1241 2659 δυνά·
1347 2605 1348 2608 ’

293 2689 427 2773 μένους,
454 2681 639 2772 εύβούλονς
665 2688 701 2754 δέ
722 2694 915 2772 νομίζομεν,
940 2689 1063 2763 οἵτινες
1082 2681 1126 2753 άν
1146 2682 1244 2752 αὐτοὶ

294 2783 379 2868 πρὸς
389 2783 514 2863 αύτούς
531 2784 649 2870 ἄριστοι
663 2790 738 2869 περὶ
752 2792 820 2853 τῶν
835 2783 1041 2871 πραγμάτων
1055 2789 1243 2869 διαλεχθῶ·

226 2898 273 2953 257
292 2905 357 2951 σιν.
381 2889 412 2950 εί
425 2886 460 2951 δέ
476 2888 528 2952 δεῖ
540 2886 731 2970 συλλήβδην
755 2887 830 2967 περὶ
851 2890 909 2969 τῆς
932 2884 1106 2968 δυνάμεως
1118 2879 1246 2967 ταύτης

294 2987 408 3067 εἰπεῖν,
424 2980 525 3051 οὐδέν
540 2991 608 3052 τῶν
619 2990 790 3069 φρονίμως
801 2986 1038 3067 πραττομένων
1053 2979 1246 3067 εὑρήσομεν

293 3077 422 3166 άλόγως
437 3079 740 3167 γιγνόμενον,άλλά
758 3083 812 3150 καὶ
829 3088 897 3149 τῶν
909 3088 1017 3165 έργων
1027 3084 1157 3150 καὶτῶν
1170 3085 1247 3147 δια·

294 3177 472 3263 νοημάτων
483 3177 643 3248 ἁπάντων
652 3178 802 3267 ἡγεμόνα
813 3180 916 3264 λόγον
934 3177 1026 3258 ὄντα,
1038 3181 1091 3247 καῖ
1101 3179 1246 3263 μάλιστα
1344 3233 1345 3264 ,

295 3280 486 3361 χρωμένους
501 3276 591 3368 αύτῷ
602 3275 680 3355 τούς
691 3287 846 3345 πλεῖστον
860 3284 947 3345 νοῦν
958 3283 1100 3363 ἔχοντας.
1124 3268 1173 3343 όν
1183 3275 1247 3343 ού-

297 3377 355 3441 δὲν
369 3377 573 3463 ἐνθυμηθεὶς
588 3386 776 3463 Λυσίμαχος
792 3392 990 3463 κατηγορεῖν
1003 3377 1161 3460 ἐτόλμησε
1176 3382 1247 3442 τῶν

296 3477 557 3561 ἐπιθυμούντων
577 3477 734 3545 τοιούτου
758 3478 967 3562 πράγματος,
988 3474 1192 3541 ότοσούτων
1206 3472 1246 3541 τό

295 3580 425 3658 πλῆθος
444 3578 497 3643 καῖ
519 3575 724 3662 τηλικούτων
751 3574 787 3642 τό
811 3581 954 3660 μέγεθος
974 3572 1115 3660 άγαθών
1135 3574 1247 3641 αίτιόν

297 3674 394 3739 ἐστιν.
