2859 4334
273 432 313 488 Vl
673 432 878 488 PRAEFATIO

274 593 304 647 in
322 593 475 664 exemplari
494 610 544 649 suo
563 593 695 648 editionis
713 592 834 648 Aldinae
855 590 977 663 margini
1000 591 1136 647 adnotata
1153 593 1190 661 (v.
1209 591 1288 646 Bait.

273 664 375 734 Paneg.
395 663 482 736 praef.
501 684 528 735 p.
548 662 601 718 XII
619 667 704 735 sqq.):
722 664 866 746 pertinent
879 666 974 718 autem
986 664 1040 718 hae
1052 663 1192 719 lectiones
1204 679 1289 734 prae·

275 735 371 790 sertim
389 735 425 790 ad
442 735 645 806 Panegyricum
661 735 825 805 Phihppum
848 734 1057 804 orationemque
1076 751 1139 788 earn
1157 750 1232 803 quae
1251 735 1289 788 ad

273 806 420 862 Nicoclem
437 805 605 860 inscribitur.
634 805 761 874 Denique
770 804 987 860 Laurentianum
1001 807 1027 861 Θ
1039 804 1070 859 in
1081 803 1289 875 Areopagitico

275 876 394 932 eontulit
413 875 547 943 Oobeius,
570 893 639 946 quas
661 877 798 931 lectiones
817 875 849 931 G.
868 876 901 930 A.
919 874 1053 946 Hirschig
1069 874 1101 929 in
1117 875 1290 930 Annotatio-

274 947 358 1002 nibus
378 946 482 1002 culicis
503 951 540 1018 (p.
560 955 593 1002 41
614 950 686 1018 sqq.)
703 947 734 1001 in
751 947 844 1002 lucem
861 946 989 1018 protulit.

346 1017 421 1082 Quae
440 1035 503 1072 cum
525 1017 567 1072 iia
590 1018 659 1084 sint,
685 1019 804 1088 apparet
828 1035 894 1072 sane
916 1017 1007 1071 mulia
1030 1016 1123 1072 adhuc
1145 1033 1182 1072 ex
1202 1016 1289 1072 libris

273 1104 358 1143 mauu
377 1088 501 1159 scriptis,
526 1089 655 1144 Urbinati
673 1088 793 1143 maxime
812 1089 843 1142 el
859 1087 1057 1154 Ambrosiam,
1081 1088 1116 1141 ad
1135 1088 1289 1143 emendan-

275 1160 341 1214 dum
358 1160 509 1214 Isocratem
528 1159 647 1230 proferri
663 1176 761 1230 posse,
779 1160 863 1227 alque
878 1158 1021 1228 equidem,
1040 1158 1066 1212 si
1078 1157 1150 1212 mihi
1162 1158 1289 1214 facultas

275 1229 334 1285 eius
351 1229 394 1285 rei
411 1229 523 1298 fuisset,
542 1229 663 1285 libenter
681 1228 799 1285 etmihi
816 1229 873 1300 ipsi
891 1231 922 1283 ei
938 1229 1002 1283 aliis
1016 1229 1168 1299 ampliores
1187 1230 1288 1300 copias

275 1317 485 1372 comparassem.
528 1300 584 1355 Sed
606 1319 691 1370 quum
718 1300 841 1355 rationes
872 1299 1059 1370 bibliopolae,
1090 1300 1289 1355 honestissimi

274 1371 341 1440 viri,
360 1389 417 1426 nou
433 1373 597 1442 palerenbur
613 1373 686 1426 hanc
700 1371 853 1426 editionem
865 1387 969 1425 novam
984 1370 1090 1424 diutius
1108 1369 1226 1438 differri,
1246 1372 1288 1426 eis

275 1459 346 1512 quae
363 1444 476 1513 praesto
495 1444 576 1497 erant
593 1461 658 1498 usus
677 1461 752 1508 sum,
770 1458 885 1512 sperans
904 1440 950 1496 vel
968 1441 1010 1496 sic
1027 1440 1137 1510 aliquid
1153 1442 1192 1495 ad
1209 1443 1289 1497 hunc

275 1513 440 1584 scripborem
454 1513 627 1568 emendatius
642 1511 829 1568 exhibendum
841 1512 941 1583 profici
954 1529 1046 1582 posse.
1079 1511 1193 1566 Etenim
1210 1513 1289 1568 inter

274 1601 370 1639 omues
389 1583 532 1652 convenii,
555 1584 747 1650 Beuselerum,
771 1583 898 1652 quamvis
916 1583 990 1637 inber
1007 1600 1112 1653 paucos
1130 1584 1289 1639 Isocratem

273 1654 387 1726 penitus
406 1654 550 1725 cognitum
567 1655 685 1711 habereb
702 1655 733 1710 ei
748 1654 890 1725 permulta
907 1653 1014 1724 primus
1032 1656 1108 1709 recte
1125 1655 1288 1726 perspexis-

275 1728 330 1794 set,
348 1728 444 1780 tamen
461 1743 518 1780 non
536 1743 646 1797 semper
664 1724 822 1795 elegantiae
845 1724 989 1794 scriptoris
1013 1724 1083 1779 satis
1101 1725 1287 1793 consuluisse,

273 1814 363 1866 neque
383 1796 451 1850 salis
471 1795 614 1851 codicibus
626 1796 675 1864 ¹vel
692 1796 775 1850 bonis
792 1795 839 1850 vel
851 1795 934 1849 malis
949 1794 1073 1849 diffisum
1091 1813 1159 1850 esse.
1193 1796 1287 1852 Nemo

273 1866 402 1937 negabit,
419 1865 563 1921 Urbinatis
582 1865 663 1922 unius
688 1883 743 1937 ope
761 1867 844 1937 plura
862 1866 964 1920 ruenda
986 1866 1098 1920 sublata
1119 1883 1181 1922 esse
1201 1885 1288 1936 quam

273 1955 326 2009 per
343 1955 438 1993 omnes
457 1938 631 1992 coniectores
648 1954 781 2006 umquam
802 1935 863 1992 fleri
880 1937 1033 2008 poiuisseb3
1052 1937 1103 1992 sed
1118 1954 1155 1992 ne
1173 1937 1207 1992 id
1225 1940 1288 2008 qui·

275 2011 339 2064 dem
356 2007 454 2078 negari
471 2010 579 2078 potest,
603 2010 632 2064 ei
649 2008 724 2062 hunc
743 2007 868 2062 codicem
886 2009 917 2062 eb
933 2007 1161 2075 Ambrosianum,
1180 2009 1230 2078 qui
1250 2011 1287 2064 ab

274 2080 334 2134 eius
352 2079 478 2134 bonitale
501 2079 622 2135 nonita
643 2079 763 2133 mulium
785 2078 885 2144 dulci,
908 2094 965 2132 non
987 2078 1151 2148 vulgaribus
1172 2081 1288 2134 tantum

274 2149 352 2204 viliis
376 2150 426 2204 sed
448 2149 546 2204 multis
569 2150 654 2204 eliam
677 2149 852 2220 gravioribus
874 2149 994 2204 inferlm
1018 2165 1086 2204 esse.
1125 2149 1206 2214 Quod
1229 2169 1286 2220 quo

273 2221 443 2275 luculentius
465 2222 614 2291 appareat,
644 2221 781 2289 quaedam
808 2219 941 2274 vitiorum
964 2237 1069 2289 genera
1090 2221 1228 2292 exemplis
1252 2240 1288 2277 ex

273 2292 318 2346 his
336 2293 434 2346 decem
452 2289 624 2346 orationibus
642 2291 743 2362 petitis
761 2291 916 2345 illustrabo.
948 2291 1071 2346 Peccant
1089 2292 1190 2362 optimi
1209 2293 1286 2348 codi-

275 2380 320 2418 ces
338 2362 385 2417 vel
402 2363 522 2416 maxime
541 2379 588 2430 eo,
607 2362 682 2431 quod
701 2362 782 2417 oculo
801 2360 909 2416 librarii
932 2362 970 2415 ad
991 2362 1120 2433 proxima
1136 2363 1285 2419 aberrante

273 2434 320 2489 vel
337 2433 411 2488 male
430 2433 538 2487 addunt
556 2433 694 2502 quaedam
715 2432 763 2487 vel
786 2433 823 2486 ad
845 2432 964 2486 aliorum
987 2432 1204 2488 similitudinem
1225 2452 1287 2490 cor-

273 2505 413 2574 rumpunt.
446 2503 582 2574 Exempla
599 2504 670 2558 haec
687 2504 778 2558 sunto.
798 2502 843 2557 Or.
857 2503 879 2570 I,
900 2510 933 2558 13
952 2500 1050 2573 νόμοις
1069 2501 1214 2586 ἐμμένειν]
1236 2501 1286 2577 ὅρ-

273 2573 473 2646 κοιςέμμένειν
482 2579 528 2629 ΓΖ
536 2569 754 2645 propberb'oaoro
762 2571 1286 2648 §opicasquodpraecedrc-rsnm

556 2647 733 2771 usu
744 2641 1186 2778 {carl-ruaudu-
1199 2648 1285 2774 1¹12,ss

275 2785 370 2854 ἐθίζει
383 2789 394 2859 ]
406 2737 558 2843 ‘deducere’
586 2735 636 2841 ΓῌΕ
649 2735 771 2857 {impiis
793 2734 1004 2842 orsisiirsi-
1023 2793 1058 2842 58
1069 2735 1282 2877 quagesimae]

274 2856 455 2913 δικαιότατον
472 2861 520 2912 ΓΕ
533 2859 650 2928 propter
664 2860 779 2912 δίκαιοι.
787 2889 821 2898 -
835 2857 883 2923 IV,
898 2861 931 2911 81
943 2853 1077 2930 Ἑλλάδα]
1092 2862 1188 2913 αοτῶν
1200 2857 1284 2916 πόλιν

275 2933 325 2984 ΓΕ
342 2931 460 2999 propter
477 2925 527 2991 τὰς
545 2925 640 2983 αὐτῶν
654 2924 758 2992 πόλεις.
774 2961 807 2969 -
822 2935 874 2984 103
887 2924 1051 3000 ἡγεμονίας]
1066 2925 1252 3000 εὐδαιμονίας
1262 2936 1288 2986 Γ

273 3003 390 3071 propter
402 2995 594 3068 εὐδαιμονίαν.
608 3001 766 3054 -167τῶν
780 2999 946 3071 συμφορῶν]
959 3000 1016 3053 τῶν
1023 3001 1076 3054 νῦν
1090 3003 1245 3071 συμφορῶν
1261 3007 1288 3057 Γ

273 3071 390 3140 propter
412 3071 462 3138 τῆς
484 3070 536 3123 νῦν
559 3065 676 3156 ηλικίας.
700 3101 735 3110 —-
763 3070 802 3137 V,
822 3076 855 3125 12
882 3066 929 3125 ἐπὶ
951 3066 1053 3142 γήρως]
1078 3067 1109 3126 ἐν
1133 3073 1285 3142 δοσχερεία

276 3147 303 3196 Γ
317 3162 351 3212 ηρ
371 3144 395 3195 Ε
413 3141 531 3210 propior
548 3161 599 3203 τας
617 3143 789 3212 δυσχερείας.
808 3172 843 3181 -
861 3147 897 3195 34
918 3141 968 3210 τῆς
990 3138 1110 3214 ὕβρεως]
1133 3144 1184 3212 τῆς
1207 3129 1285 3214 μεγί-

274 3231 339 3282 στης
356 3206 465 3281 ὕβρεως
485 3214 535 3264 ΓΕ
557 3213 673 3281 propiet
694 3209 761 3274 τοὺς
785 3213 933 3282 μεγίστους
949 3209 1109 3274 κινδύνους.
1128 3245 1163 3254 -
1181 3221 1218 3270 49
1237 3211 1285 3271 οὗ·

274 3283 345 3339 δένοι
364 3281 396 3338 δὲ
416 3277 531 3353 χρόνον]
551 3277 688 3352 οὐδεμίαν
708 3278 736 3337 δ’
756 3279 865 3353 ἡμέραν
886 3285 936 3336 ΓΕ
958 3284 1075 3353 propter
1096 3284 1146 3353 τῆς
1168 3279 1284 3354 ἡμέρας.

274 3387 308 3395 -
332 3361 366 3409 61
391 3349 573 3424 τηλικούτων]
599 3350 770 3422 τηλικούτων
795 3354 891 3408 κακῶν
918 3355 969 3407 ΓΕ
993 3355 1110 3423 propier
1133 3352 1285 3424 παρόντων

273 3426 378 3480 κακῶν.
399 3455 432 3464 -
452 3430 485 3478 62
510 3425 607 3478 οἴκαδε
632 3422 696 3495 μὲν]
722 3419 839 3492 ὕστερον
863 3428 926 3494 prP
944 3425 1062 3494 propter
1086 3423 1178 3480 ἔτεσιν
1203 3421 1285 3483 ὕστε-

274 3516 332 3562 ρον.
352 3527 386 3537 -
407 3502 440 3550 72
459 3489 569 3564 ἀπέχρη
593 3489 620 3548 δ’
648 3490 684 3548 ἄν
705 3496 765 3566 μοι]
786 3494 813 3550 οἲ.
834 3490 862 3548 δ’
889 3489 927 3550 ἂν
950 3491 1006 3564 ἤδη
1032 3514 1080 3566 μοι
1100 3499 1151 3550 ΓΕ
1166 3499 1286 3568 propter

273 3563 308 3622 δν
322 3562 378 3637 ἤδη
394 3585 449 3637 μοι.
461 3596 494 3605 -
506 3572 556 3619 101
572 3563 752 3637 συναγαγὼν]
763 3562 1107 3636 ονμκαραοκενασάμενος
1126 3570 1153 3621 Γ
1166 3569 1286 3639 propter

273 3637 471 3708 ταρασκευῆςλ
494 3667 528 3676 -
554 3642 603 3690 115
628 3637 787 3708 καλλίστην]
810 3639 959 3704 καλλίστην
981 3632 1070 3703 δόξαν
1095 3639 1144 3692 ΓΕ
1166 3640 1286 3709 propfer

274 3705 366 3778 δόξης.
387 3739 421 3748 -
442 3713 492 3760 122
512 3704 753 3777 ξενιτευομένοος]
773 3706 1009 3776 πολιτευομένους
1028 3711 1079 3762 ΓΕ
1096 3711 1215 3779 propter
1231 3708 1285 3764 τιό-

274 3784 338 3841 λεις.
359 3810 393 3820 -
414 3784 464 3831 123
484 3777 600 3846 μᾶλλον]
621 3773 709 3846 μόνον
731 3781 781 3831 ΓΕ
798 3779 914 3847 propter
937 3773 1025 3847 μόνον
1045 3774 1229 3851 ἐπιχειρήσῃς.
1248 3813 1285 3821 -
