2859 4334
497 374 792 435 ΕΠΙΣΤΟΛΑΙ.
1055 373 1116 436 271

161 541 334 621 τυχόντων
354 537 682 623 στρατηγουμένους,
704 535 780 602 οὐδὶ
795 543 925 622 μείζους
942 541 995 604 καὶ
1009 543 1083 623 κρεί
1098 577 1116 590 -

160 661 242 713 τους
256 634 428 715 συντάξεις
439 636 672 718 στρατοπέδων
688 639 888 725 γιγνομένας
903 639 938 705 ἐκ
954 645 1021 704 τόν
1032 646 1117 705 πλα-

160 730 357 822 νωμένωνῆ
366 741 436 802 των
446 736 732 822 πολιτευομένων·
755 741 789 803 οἳ
805 742 863 822 τῆς
874 735 942 830 μέν
958 739 1117 824 βασιλέως

159 835 272 921 χώρας
288 832 411 921 μικρόν
428 837 527 921 μέρος
546 842 776 921 λυμαίνονται,
798 832 856 914 τάς
873 837 909 904 δὲ
926 833 1040 914 πόλεις
1060 834 1118 914 τὰς

154 932 367 1020 Ἑλληνίδας,
391 939 437 1013 είς
452 929 496 1020 ἣν
517 929 561 1001 άυ
583 937 796 1019 εἰσέλθωσιν,
819 931 1026 1014 ἀναστάτους
1041 960 1117 1002 ποι-

160 1041 256 1117 οῦσι,
280 1029 358 1111 τούς
370 1034 432 1118 μὲν
442 1030 705 1117 ἀποκτείνοντες,
718 1031 797 1113 πυός
809 1034 845 1102 δὲ
857 1033 1117 1121 φυγαδεόοντες,

112 1151 143 1200 10
158 1137 230 1199 τῶν
252 1131 288 1196 δὲ
310 1128 369 1208 τάς
386 1127 501 1208 οόσίας
523 1132 775 1216 διαρπάζοντες,
802 1136 848 1199 έτι
870 1131 906 1200 δέ
921 1135 1039 1210 παῖδας
1063 1132 1117 1198 καὶ

157 1244 324 1317 γυναῖκας
338 1226 537 1317 ὑβρίζοντες,
553 1231 606 1297 καὶ
620 1227 749 1316 τάςμὲν
761 1226 1025 1317 εὐπρεπεστάτας
1035 1257 1114 1297 κατ-

163 1330 398 1416 αισχύνοντες,
427 1336 495 1396 των
522 1327 554 1396 δ’
579 1330 691 1398 άλλων
720 1328 840 1414 άπερὶ
871 1343 939 1408 τοῖς
967 1329 1117 1416 σάμασιν

159 1435 274 1516 ἔχουσι
295 1449 536 1517 περισπιιντες,
565 1425 652 1496 ὅσθ’
671 1424 710 1506 άς
731 1428 897 1514 πρότερον
919 1426 998 1497 οὐδὲ
1018 1454 1116 1496 κεκο·

160 1530 331 1614 σμημένας
347 1520 391 1614 ἦν
405 1533 492 1596 ίδεῑν
505 1543 575 1606 τοῖς
589 1526 790 1611 άλλοτρίοις,
814 1527 935 1608 ταύτας
952 1527 1017 1596 ὑπὸ
1033 1536 1115 1595 πολ-

160 1637 232 1697 λιν
246 1624 392 1713 ὁρᾶσθαι
413 1625 561 1714 γυμνάς,
588 1629 679 1706 ένίας
692 1624 725 1694 δ’
742 1624 854 1696 αὐτῶν
875 1630 912 1695 έν
926 1628 1041 1714 ῥάκεσι
1057 1652 1117 1694 πε-

161 1728 426 1811 ριφθειρομένας
441 1723 486 1793 δι’
505 1730 638 1794 ἔνδειαν
652 1734 721 1792 των
731 1723 932 1811 ἀναγκαίων.

105 1855 135 1904 11
246 1826 316 1912 (ε’.)
338 1822 437 1910 ’Υπὲρ
464 1819 512 1893 ὦν
537 1822 647 1893 πολὺν
671 1823 735 1912 ἤδη
761 1824 885 1911 χρόνον
909 1828 1117 1912 γιγνομένων

160 1924 240 2009 οὔτε
267 1926 363 2004 πόλις
389 1923 528 2013 οὐδεμία
553 1934 621 1992 τῶν
646 1925 848 2008 προεστάναι
872 1933 940 1991 των
949 1922 1118 2010 Ἑλλήνων

160 2021 331 2103 άξιουσων
345 2023 588 2110 ἠγανάκτησεν,
604 2020 676 2091 οὔτ’
695 2021 781 2109 ἀνὴρ
793 2031 861 2090 των
875 2023 1119 2109 πρωτευόντων

161 2119 274 2200 οὐδεὶς
287 2125 415 2210 βαρέως
429 2121 567 2209 ἤνεγκε,
583 2119 704 2208 πληνὸ
721 2120 779 2200 σός
790 2121 912 2207 πατήρ·
929 2122 1032 2207 μόνος
1053 2120 1118 2210 γάρ

157 2220 353 2308 Ἀγησίλαος
380 2214 428 2290 όν
457 2220 551 2310 ἡμεῖς
577 2231 674 2309 ἴσμεν
698 2225 875 2308 ἐπιθυμῶν
901 2221 1030 2291 άπαυτα
1058 2221 1118 2290 τόν

159 2323 288 2407 χρόνον
313 2325 475 2390 διετέλεσε
506 2318 585 2401 τοός
611 2323 673 2410 μὲν
692 2319 854 2408 Ἕλληνας
882 2326 1118 2409 ἐλευθερῶσαι,

159 2420 246 2503 πρός
261 2422 298 2488 δέ
311 2418 392 2499 τοδς
403 2423 596 2509 βαρβάρους
613 2424 761 2507 πόλεμον
775 2424 966 2509 ἐξενεγκεῖν.
996 2421 1038 2491 οὐ
1049 2421 1117 2509 μὴν

112 2541 143 2591 12
160 2519 247 2588 άλλά
270 2518 423 2598 κάκεῐυος
448 2519 523 2600 ἑνός
543 2523 737 2607 πράγματος
761 2522 950 2608 διήμαρτεν.
995 2523 1050 2589 καὶ
1074 2519 1118 2607 μὴ

101 2683 108 2690 .
162 2619 361 2707 θαυμάσῃς,
389 2626 418 2688 εί
447 2618 532 2706 πρός
558 2624 594 2689 σέ
623 2621 859 2708 διαλεγόμενος
883 2621 1120 2708 μνησθησομαι

161 2726 231 2785 τῶν
247 2715 317 2785 οόκ.
328 2715 442 2803 ὀρθῶς
455 2716 517 2786 ὑπ’
536 2717 642 2786 αὐτοῦ
655 2725 897 2806 γνωσθέντων·
923 2725 1075 2805 είθισμαί
1085 2745 1119 2785 τε

160 2817 228 2905 γάρ
246 2817 327 2904 μετά
349 2827 535 2905 παρρησίας
554 2817 606 2887 άελ
628 2831 797 2888 ποιεῖσθαι
812 2818 891 2896 τοὺς
906 2820 1042 2904 λόγους,
1066 2820 1121 2886 καί

161 2923 321 3005 δεξαίμην
341 2915 385 2986 άν
406 2924 541 2999 δικαίως
558 2923 750 3007 ἐπιτιμήσας
764 2918 971 3005 ἀπεχθέσθαι
993 2926 1120 3003 μᾶλλον

112 3035 142 3085 13
164 3015 288 3106 ἣπαρά
309 3016 347 3085 τό
371 3027 543 3105 προσῆκον
563 3022 738 3098 ἐπαινέσας
758 3026 967 3106 χαρίσασθαι.
1004 3015 1041 3085 τό
1058 3017 1120 3103 μὲν

159 3110 227 3184 οὖν
248 3116 330 3204 έμόυ
349 3118 457 3198 οὕτως
479 3126 556 3207 ἕχον
579 3122 681 3205 ἐστὶν,
700 3121 827 3196 ἐκεῖνος
841 3115 871 3186 δ’
889 3121 926 3187 ἐν
938 3117 1120 3194 άπασιτοίς

159 3218 275 3296 ἄλλοις
298 3216 480 3305 διενεγκοδν
504 3221 559 3289 καί
582 3219 764 3306 γενόμενος
787 3219 1040 3303 ἐγκρατέστατος
1065 3217 1119 3284 καὶ

159 3317 371 3411 δικαιότατος
387 3321 442 3387 καὶ
467 3319 721 3395 πολιτικώτατος
747 3313 858 3392 διττάς
882 3321 977 3400 ἔσχεν
998 3318 1118 3384 ἐπιθυ-

159 3424 255 3502 μίας,
281 3421 379 3502 χωρὶς
397 3419 458 3503 μὲν
476 3421 635 3503 ἑκατέραν
649 3414 756 3503 καλὴν
771 3415 856 3482 εἶναι
874 3421 1057 3496 δοκοῦσαν,
1078 3411 1120 3479 οὐ

159 3517 415 3600 συμφωνούσας
430 3514 462 3583 δ’
481 3515 640 3603 ἀλλήλαις
655 3512 730 3582 οὐδ’
748 3513 816 3600 ἅμα
839 3514 1043 3598 πράττεσθαι
1061 3517 1118 3580 δν·

161 3622 323 3702 υαμένας·
343 3614 507 3703 ἠβούλετο
528 3615 592 3702 γάρ
607 3625 739 3703 βασιλεῖ
752 3641 787 3682 τε
805 3621 963 3699 πολεμεῖν
978 3615 1032 3680 καί
1052 3623 1118 3679 των
