2859 4334
309 385 373 448 ειν
589 389 967 466 [mmmmm

311 565 364 630 ἐπὶ
378 561 520 647 τούτοις,
534 559 608 632 ἀλλ’
626 561 676 649 ἐφ’
692 564 814 648 ἑτέροις
828 572 967 653 μᾶλλον,
982 563 1006 634 ύί
1021 566 1101 646 τούς
1115 566 1260 644 πολλούς

312 665 527 747 διαλέληθεν,
559 659 638 730 ούτε
661 668 728 730 νῦν
753 669 837 749 έχων
862 666 988 752 ταύτην
1014 665 1078 753 τὴν
1104 668 1260 735 διάνοιαν

284 760 650 847 εέπραγματευσύμην,
673 758 748 829 ἀλλ’
772 759 859 848 ὑμᾶς
878 763 941 850 μὲν
961 761 1052 849 ὁρῶν
1077 769 1115 833 ἐν
1128 774 1261 843 πολλοῖς
1345 807 1350 870 χ

311 861 367 926 καί
380 859 538 946 μεγάλοις
556 861 750 946 πράγμασιν
765 859 880 948 ὄντας,
912 860 1013 942 αύτός
1033 862 1067 930 θ’
1082 862 1261 949 ἀποφηνα-

311 968 393 1026 σθαι
407 961 623 1047 βουλόμενος,
638 957 682 1045 ἢν
697 963 759 1044 ἐχω
769 961 909 1046 γνώμην
920 964 995 1046 περὶ
1006 958 1129 1028 αύτων.
1160 960 1262 1048 ἡγού-

311 1085 370 1143 μαι
385 1059 422 1126 δὲ
439 1060 687 1146 συμβουλεύειν
700 1059 764 1144 μὲν
779 1057 890 1146 ἀκμὴν
904 1065 1002 1146 ἐχειν,
1019 1066 1056 1127 αι’
1068 1059 1134 1146 γὰρ
1150 1065 1262 1146 ἐμπει-

310 1163 379 1240 ρίαι
393 1158 591 1224 παιδεύουσι
602 1154 680 1236 τούς
691 1157 906 1242 τηλικούτους
920 1161 974 1226 καί
985 1167 1120 1225 ποιοῦσι
1136 1165 1286 1244 μᾶλλουο

312 1261 379 1321 τοῖν
396 1253 508 1324 ἄλλων
523 1254 692 1324 δύνασθαι
716 1264 872 1343 καθορᾶν
892 1255 929 1323 τό
945 1261 1133 1345 βέλτιστον,
1161 1264 1263 1325 εἰπεῖν

312 1355 349 1422 θέ
363 1357 439 1438 περὶ
461 1362 530 1421 τῶν
553 1359 789 1441 προτεθέντων
810 1359 1004 1443 ἐπιχαρίτως
1024 1361 1078 1424 καὶ
1093 1363 1263 1442 μουσικῶς

313 1459 367 1522 καὶ
400 1458 695 1540 διαπεπονημένας
725 1454 836 1523 ούκέτι
861 1463 918 1542 τῆς
949 1454 1110 1543 ἡμετέρας
1135 1453 1263 1540 ἡλικίας

314 1557 412 1638 ἐστίν,
429 1551 502 1623 ἀλλ’
525 1553 687 1646 ἀγαπῴην
702 1551 762 1636 ἄν,
791 1562 821 1623 εί
839 1553 882 1642 μὴ
899 1555 1113 1623 παντάπασιν
1127 1556 1262 1622 ἐκλελυ-

313 1657 421 1740 μένως
436 1659 648 1741 διαλεχθείην
660 1659 736 1740 περὶ
750 1653 870 1723 αὐτῶν.

286 1758 301 1811 7
393 1754 465 1839 (γ’.)
483 1752 542 1839 Μὴ
558 1756 745 1840 θαυμάζετε
761 1753 791 1821 θ’
809 1755 852 1821 ἄν
867 1782 897 1823 τι
910 1762 1080 1841 φαίνωμαι
1096 1757 1206 1840 λέγων
1218 1746 1263 1820 ὧν

314 1853 480 1937 πρότερον
493 1851 673 1939 ἀκηκόατε·
697 1861 742 1944 τῷ
752 1855 815 1940 μὲν
825 1852 890 1941 γὰρ
906 1865 985 1930 ίσοις
1000 1852 1094 1921 ύκων
1108 1849 1154 1920 ἄν
1169 1854 1265 1920 ἐντύ-

312 1979 421 2040 χοιμι,
445 1950 482 2019 τό
498 1955 534 2021 δὲ
551 1956 606 2021 καὶ
622 1950 803 2036 προειδώς,
831 1959 860 2021 εἰ
879 1955 1009 2037 πρέπον
1025 1958 1072 2030 είς
1085 1950 1148 2019 τόν
1163 1952 1266 2038 λόγον

314 2062 376 2138 είη,
391 2053 628 2140 προσλάβοιμι·
644 2055 698 2120 καί
710 2050 775 2138 γὰρ
785 2048 829 2119 ύν
838 2051 960 2130 ἄτοπος
972 2061 1054 2139 είην,
1072 2058 1102 2119 εί
1112 2050 1196 2130 τούς
1207 2051 1289 2120 ἄλο

314 2161 393 2230 λους
407 2149 498 2238 ὁρῶν
523 2167 592 2232 τοῖς
613 2156 702 2239 ἐμοῖς
725 2154 917 2239 χρωμένους
936 2150 1036 2230 αύτύς
1058 2152 1164 2237 μόνος
1187 2149 1266 2220 ύπε·

311 2260 430 2339 χοίμην
451 2261 520 2320 τῶν
542 2249 603 2320 ὑπ’
629 2255 711 2339 ἐμοῦ
737 2252 904 2337 πρότερον
923 2252 1117 2335 εἰρημένων.
1142 2252 1268 2318 τούτου

314 2350 345 2418 δ’
363 2355 462 2420 ἕνεκα
476 2360 579 2419 ταῦτα
594 2366 772 2437 προεῖπον,
788 2349 839 2418 ότι
854 2348 891 2418 τό
908 2357 1042 2433 πρῶτον
1062 2352 1268 2436 ἐπιφερόμε-

286 2463 377 2518 8νον
391 2454 429 2518 ἓν
445 2457 512 2520 τῶν
523 2455 784 2539 τεθρυλημένον
796 2453 893 2517 ἐστίν.
917 2459 1064 2534 είθισμαι
1076 2447 1143 2534 γὰρ
1159 2453 1269 2534 λέγειν
1347 2433 1348 2499 ό

313 2549 397 2635 πρὸς
412 2549 490 2630 τούς
503 2553 579 2638 περὶ
593 2549 655 2638 την
670 2557 876 2638 φιλοσοφίαν
885 2547 947 2636 την
961 2547 1123 2635 ἡμετέραν
1140 2553 1267 2633 θιατρί·

313 2656 446 2737 βοντας,
462 2647 513 2716 ὅτι
527 2657 627 2718 τούτο
641 2657 777 2736 πρῶτον
791 2654 843 2716 δεῖ
852 2652 1053 2733 σκέψασθαι,
1069 2658 1102 2715 τί
1115 2655 1161 2737 τῷ
1177 2647 1268 2735 λόγφ

314 2753 451 2828 καὶτοῖς
467 2759 529 2817 τού
553 2751 656 2837 λόγου
677 2754 791 2837 μέρεσι
813 2752 1034 2830 ὃιυπρακτέον
1051 2748 1157 2812 ἐστίν·
1178 2748 1268 2812 έπει-
1345 2815 1346 2849 ἦ

314 2847 378 2918 ἐὰν
393 2853 430 2917 δὲ
441 2848 543 2917 τοῦθ’
557 2848 709 2937 εὕρωμεν
721 2852 776 2918 καὶ
785 2847 1096 2934 θιακριβωσύμεθα,
1111 2849 1292 2932 ζητητέονό

315 2947 402 3016 εἶναι’
415 2973 500 3035 φημι
516 2947 573 3027 τὰς
589 2950 688 3035 ἰθέας,
707 2947 746 3016 δι’
761 2942 810 3016 ὦν
820 2946 908 3015 ταῦτ’
921 2945 1201 3032 ἐξεργασθησεται
1216 2947 1268 3012 καὶ
1344 3003 1345 3023 ,

315 3048 452 3136 λη’φεται
473 3050 581 3132 τέλος,
606 3046 690 3133 ὅπερ
710 3047 916 3134 ὑπεθέμεθα.
948 3050 1002 3115 καὶ
1027 3053 1130 3113 ταῦτα
1151 3046 1269 3131 φράζω

314 3156 377 3237 μὲν
387 3153 439 3218 ἐπὶ
450 3156 517 3216 τῶν
529 3147 650 3235 λόγων,
678 3156 747 3219 έστι
761 3149 799 3218 δὲ
813 3151 912 3218 τούτο
925 3147 1155 3237 στοιχείονκαὶ
1184 3143 1268 3213 κατὰ
1343 3153 1344 3197 λ

314 3255 382 3316 τῶν
397 3246 508 3317 ἄλλων
519 3245 680 3314 ἁπάντων
691 3252 746 3314 καὶ
757 3248 840 3315 κατὰ
852 3254 919 3314 τῶν
930 3249 1099 3330 ὑμετέρων
1110 3245 1268 3332 πραγμύ-

288 3364 393 3418 9των.
414 3347 515 3416 οὐδὲν
529 3348 594 3435 γὰρ
605 3343 679 3416 οἷόν
692 3345 722 3413 τ’
737 3349 803 3415 ἐστὶ
814 3352 1004 3432 πραχθῆναι
1020 3351 1105 3412 νούν
1115 3345 1268 3430 ἐχόντως,

316 3445 359 3514 ύν
373 3445 419 3533 μη
430 3455 529 3515 τοῦτο
541 3456 674 3531 πρῶτον
683 3446 766 3535 μετὰ
782 3455 905 3532 πολλῆς
916 3453 1076 3531 προνοίας
1088 3452 1271 3532 λογίσησθε

316 3550 370 3614 καί
395 3547 645 3632 βουλεύσησθε,
674 3555 745 3626 πῶς
770 3545 831 3633 χρὴ
858 3544 919 3612 τόν
943 3549 1116 3613 ἐπίλοιπον
1140 3545 1291 3630 χρόυονε
1340 3593 1341 3608 ,

316 3644 412 3724 ὑμῶν
429 3643 541 3711 αὐτῶν
556 3653 739 3730 προστῆναι
755 3649 809 3714 καί
824 3653 897 3714 τίνα
909 3650 984 3726 βίον
997 3649 1198 3720 προελέσθαι
1216 3645 1269 3709 καὶ
