2859 4334
284 405 325 470 72
569 415 653 473 [ΣΟ
663 415 753 473 KPA
762 416 890 476 ΤΟΤΣ
905 415 952 488 (λ)

281 566 529 656 τοδςἝλληνας
539 568 621 639 καθ’
637 572 781 657 ἑκάστην
797 571 859 659 τὴν
873 572 1001 660 ἡμέραν
1015 584 1241 665 στρατευομέ-

282 694 380 751 νους,
395 667 480 753 πρὸς
494 671 532 737 δέ
544 667 624 748 τούς
634 671 829 758 βαρβάρους
839 679 885 751 είς
895 673 1026 743 ἅπαντα
1041 675 1101 746 τόν
1110 680 1239 765 χρόνον

282 773 473 851 συμμαχίαν
490 770 744 853 πεποιημένους.

216 877 265 932 m
365 866 454 949 (λς’.)
470 870 534 934 Καὶ
544 870 658 952 μηδεὶς
668 865 823 957 ὑπολάβη
832 895 872 954 με
885 871 1056 950 δυσκόλως
1068 879 1171 960 ἐχειν,
1184 877 1237 944 ὅτι

281 966 485 1052 τραχύτερον
509 964 640 1034 τούτων
661 966 852 1052 ἐμνήσθην,
878 967 1066 1056 προειπῶν,
1094 970 1137 1052 ῶς
1159 979 1237 1060 περὶ

282 1070 470 1150 διαλλαγῶν
485 1065 666 1151 ποιήσομαι
682 1064 762 1144 τούς
776 1066 914 1152 λόγους·
940 1065 982 1134 ού
995 1068 1061 1155 γάρ
1076 1075 1132 1138 ἵνα
1150 1071 1237 1158 πρός
1348 1113 1349 1116 ¹

280 1160 360 1243 τούς
378 1161 501 1240 άλλους
518 1164 667 1251 διαβάλω
684 1161 747 1249 την
765 1164 866 1233 πόλιν
881 1163 943 1252 τὴν
957 1173 1235 1256 Λακεδαιμονίων
1349 1231 1350 1236 ,

280 1261 388 1341 οὕτως
404 1271 519 1347 εἴρηκα
535 1265 609 1347 περὶ
630 1259 759 1348 αύτῶν,
784 1259 858 1331 ἀλλ’
875 1261 922 1329 ἶν’
945 1262 1069 1346 αύτούς
1086 1271 1237 1349 ἐκείνους
1350 1330 1351 1354 ,

280 1361 415 1446 παύσω,
431 1356 512 1428 καθ’
526 1358 608 1428 ὅσον
619 1356 637 1428 ὁ
648 1361 748 1444 λόγος
759 1362 916 1446 δύναται,
930 1363 1090 1452 τοιαύτην
1101 1373 1238 1452 ἔχοντας

214 1471 262 1526 130
277 1457 338 1545 τὴν
349 1461 496 1546 γνῶμην.
512 1466 579 1527 ἐστι
591 1457 622 1526 δ’
632 1457 693 1545 οὐχ
705 1455 780 1528 οἷόν
789 1457 820 1527 τ’
833 1459 1034 1546 ἀποτρέπειν
1045 1471 1113 1531 τῶν
1124 1462 1233 1550 ἆμαρ·
1246 1482 1267 1537 d
1351 1463 1352 1490 ³

280 1559 449 1643 πημάτων,
474 1555 549 1625 οὐδ’
571 1561 694 1642 ἑτέρων
713 1559 868 1643 πράξεων
889 1567 1023 1628 πείθειν
1044 1565 1234 1649 ἐπιθυμεῖν,
1352 1599 1353 1608 ¹

278 1653 321 1742 ἢν
331 1657 377 1744 μή
387 1683 437 1734 τις
448 1659 645 1743 ἐρρωμένως
656 1657 830 1744 ἐπιτιμήσῃ
841 1672 909 1736 τοῖς
922 1666 1105 1741 παροῦσιν·
1121 1663 1183 1750 χρὴ
1197 1666 1234 1732 δέ

275 1777 475 1848 κατηγορεῖν
489 1762 552 1848 μὲν
568 1762 726 1848 ἡγεῖσθαι
737 1768 823 1844 τούς
842 1769 897 1831 ἐπί
911 1771 1021 1857 βλάβη
1039 1772 1240 1855 λοιδορούν-

274 1890 345 1949 τας,
358 1874 536 1932 νουθετεῖν
548 1861 587 1931 δὲ
598 1866 678 1942 τούς
692 1861 746 1932 ἐπ’
759 1862 904 1954 ῶφελείηι
917 1873 1055 1934 τοιαῦτα
1068 1871 1239 1953 λέγοντας.

277 1967 337 2037 τόν
357 1966 421 2054 γάρ
439 1964 543 2034 αύτόν
564 1967 668 2051 λόγον
684 1960 746 2051 ούχ
762 1963 883 2050 ὁμοίως
900 1964 1154 2050 ὑπολαμβάνειν
1171 1969 1233 2045 δεῖ,

213 2087 254 2141 131
275 2066 321 2156 μὴ
333 2064 414 2152 μετά
425 2074 483 2153 τῆς
494 2064 595 2152 αὐτῆς
608 2070 758 2143 διανοίας
768 2065 961 2152 λεγόμενον.
983 2066 1052 2134 ἐπεὶ
1067 2068 1122 2133 καὶ
1139 2067 1232 2133 τοῦτ’

279 2174 397 2254 ἐχομεν
412 2163 524 2243 αὐτοῖς
540 2170 710 2251 ἐπιτιμᾶν,
726 2162 777 2232 ὅτι
794 2171 833 2254 τῇ
847 2167 909 2251 μὲν
924 2160 1037 2232 αὑτῶν
1048 2165 1144 2233 πόλει
1155 2162 1235 2244 τούς

278 2262 424 2351 ὁμόρους
436 2264 625 2331 είλωτεύειν
634 2261 876 2349 ἀναγκάζουσι,
887 2269 932 2352 τῷ
945 2263 981 2330 δὲ
992 2270 1095 2352 κοινῷ
1106 2271 1154 2354 τῶ
1163 2270 1233 2331 τῶν
1244 2299 1262 2336 e

279 2364 462 2450 συμμάχων
473 2359 739 2429 ούδέυτοιοῦτον
749 2360 1067 2447 κατασκευάζουσιν,
1083 2358 1159 2442 ἐξόν
1169 2357 1234 2428 αύ-

279 2477 347 2540 τοῖς
361 2459 400 2528 τά
419 2458 503 2545 πρός
519 2458 604 2546 ημᾶς
619 2461 873 2544 διαλυσαμένοις
888 2458 1037 2538 ἅπαντας
1053 2457 1133 2538 τούς
1147 2467 1234 2547 βαρ-

213 2579 259 2633 131
274 2564 402 2649 βάρους
412 2565 604 2644 περιοίκους
614 2557 693 2644 ὅλης
702 2566 759 2644 τῆς
768 2555 925 2636 Ἑλλάδος
936 2547 1146 2644 καταστῆσαι.
1158 2564 1233 2626 καί-

278 2687 326 2728 τοι
342 2655 402 2744 χρὴ
414 2656 494 2736 τούς
508 2657 609 2742 φύσει
619 2661 675 2725 καὶ
685 2655 730 2743 μὴ
744 2655 799 2725 διὰ
810 2657 915 2742 τύχην
926 2662 1009 2743 μέγα
1021 2665 1234 2742 φρονοῦντας

277 2760 440 2836 τοιούτοις
454 2764 564 2844 ἔργοις
584 2759 761 2843 ἐπιχειρεῖν
781 2753 869 2824 πολύ
884 2764 1010 2842 μᾶλλον
1033 2753 1054 2843 ἢ
1073 2753 1153 2834 τούς
1169 2780 1231 2840 νη-
1246 2775 1285 2831 σε

277 2858 398 2933 σιῶτας
414 2861 649 2942 δασμολογεῖν,
665 2851 725 2933 οδς
740 2853 835 2934 άζιόν
846 2857 935 2922 ἐστιν
947 2856 1067 2938 ἐλεεῖν,
1083 2850 1232 2938 ὁρῶντας

277 2955 417 3031 τούτους
437 2955 499 3038 μὲν
522 2951 577 3021 διά
600 2953 805 3039 σπανιότηια
826 2961 884 3038 τῆς
906 2958 967 3039 γῆς
989 2950 1050 3037 ὅρη
1071 2967 1233 3037 γεωργεῖν

278 3052 582 3137 ἀναγκαζομένους,
594 3052 674 3130 τούς
687 3048 719 3119 δ’
733 3049 918 3136 ἠπειρώτας
929 3047 974 3116 δι’
992 3047 1166 3134 άφθονίαν
1175 3058 1234 3136 τῆς

277 3153 385 3239 χύρας
405 3148 467 3237 τὴν
488 3153 551 3235 μὲν
567 3160 726 3237 πλείστην
747 3147 850 3233 αὐτῆς
870 3147 977 3234 άργόν
994 3156 1232 3234 περιορῶντας,

277 3254 309 3331 ἐξ
326 3243 363 3336 ἧς
378 3252 414 3318 δὲ
429 3257 638 3335 καρποῦνται
651 3257 814 3318 τοσούτου
835 3255 982 3316 πλοῦτον
999 3251 1230 3334 κεκτημένους.

210 3367 259 3421 133
360 3349 447 3432 (λζ’.)
462 3348 626 3436 Ἡγοῦμαι
648 3346 679 3414 δ’
704 3358 737 3416 εί
755 3373 843 3427 τινες
863 3346 1011 3414 άλλοθεν
1031 3345 1231 3424 ἐπελθόντες

277 3452 554 3536 θεαταίγένοινκο
564 3454 631 3516 τῶν
640 3448 819 3532 παρόντων
828 3444 1042 3530 πραγμάτων,
1051 3439 1233 3530 πολληνᾶν

182 3566 185 3570 ⁴
277 3543 399 3624 αύτούς
414 3553 625 3629 καταγνῶναι
636 3553 761 3630 μανίαν
772 3543 972 3630 άμφοιέρων
985 3542 1094 3629 ἡμῶν,
1110 3545 1262 3621 οἳτινεςο

276 3644 365 3714 οὕτω
385 3650 459 3728 περὶ
477 3653 607 3728 μικρῶν
623 3646 885 3725 κινδυνεύομεν,
908 3638 984 3721 ἐξόν
998 3640 1103 3720 άδεῶς
1123 3639 1232 3710 πολλά
