2859 4334
426 421 850 483 ΠΑΝΑΘΗΝΑΙΚΟΣ,
1072 418 1114 481 55

165 589 261 648 τουτο
275 580 341 667 γὰρ
357 580 448 668 οἶμαι
461 581 602 667 μάλιστα
627 590 750 647 ποθεῖν
771 578 912 647 ἀκούσαι
934 579 1013 660 τοὺς
1031 586 1113 648 πολ-

166 680 253 759 λούς.
285 695 353 761 τοῖς
373 683 435 768 μὲν
452 680 608 767 Ἕλλησιν
631 675 873 762 εὐπορωτέροις
894 682 1051 764 γενέσθαι
1074 684 1113 745 τά

165 783 240 861 περὶ
252 778 313 848 τόν
327 787 402 868 βίον
419 783 473 849 καὶ
484 789 612 866 μᾶλλον
626 777 781 865 ὁμονοεῖν
795 778 966 847 τοσούτων
977 777 1015 847 τό
1030 784 1140 864 πλη-λ]

164 890 228 958 θος
250 882 305 947 καὶ
327 880 491 948 τοιούτων
512 877 707 963 ἀνθρώπων
729 875 961 963 ἀπαλλαγεῖσι,
991 892 1058 957 τοῖς
1078 879 1113 945 δέ

163 979 344 1067 βαρβάροις
361 983 530 1048 ἐκπίπτειν
545 983 581 1047 ἐκ
596 986 653 1065 τῆς
670 975 783 1045 αὑτων
798 980 851 1044 καὶ
865 993 1005 1061 φρονεῖν
1019 983 1113 1045 ἐλατ-

162 1073 258 1165 τονῆ
275 1077 451 1163 πρότερον,
467 1093 535 1157 τοῖς
550 1076 581 1146 δ’
603 1085 719 1156 αἰτίοις
734 1078 864 1145 τούτων
879 1078 1113 1163 γεγενημένοις

164 1175 356 1264 εύδοκιμεῖν
366 1181 420 1246 καὶ
432 1184 544 1247 δοκεῖν
556 1183 734 1246 διπλασίαν
745 1181 960 1264 πεποιηκέναι
972 1175 1034 1264 την
1042 1174 1113 1245 Ἑλ-

113 1291 150 1345 168
162 1278 249 1345 λύδα
262 1284 320 1363 της
334 1281 365 1357 ἐξ
381 1275 483 1364 ἀρχῆς
499 1280 673 1363 συστάσης.
718 1279 811 1361 (ξδ’.)
834 1283 959 1358 Μεῖζον
973 1278 1035 1362 μέν
1050 1268 1113 1343 ούν

161 1373 364 1462 εὐεργέτημα
380 1377 503 1443 τούτου
518 1379 572 1445 καὶ
588 1377 783 1461 κοινότερον
794 1375 1002 1462 τοῖςἝλλησι
1017 1400 1113 1462 γεγε-

160 1476 310 1560 νημένον
331 1472 421 1559 παρᾶ
438 1483 507 1542 τῶν
526 1477 707 1561 προγόνων
722 1484 790 1543 τῶν
801 1474 971 1564 ἡμετέρων
985 1474 1048 1543 ούκ
1069 1470 1113 1542 ἐν

161 1578 330 1659 δυναίμην
345 1579 506 1658 ἐξευρεῖν·
530 1576 732 1661 οἰκειότερον
745 1577 781 1644 δέ
795 1585 835 1665 τῇ
853 1579 927 1659 περὶ
942 1574 1002 1644 τόν
1014 1576 1139 1644 πόλων

160 1700 229 1758 μον
239 1676 406 1762 ἐπιμελείᾳ
421 1678 474 1742 καὶ
487 1677 583 1762 δόξης
599 1672 661 1742 ούκ
676 1675 850 1753 ἐλάττονος
861 1673 955 1755 ἄξιον
967 1676 1021 1743 καί
1032 1680 1112 1740 πᾶσι

161 1774 400 1859 φανερώτερον
421 1785 500 1854 ίσως
522 1779 638 1861 ἕξομεν
653 1781 767 1842 εἰπεῖν.
808 1776 875 1862 (ο’.)
900 1780 956 1853 Τίς
970 1770 1035 1860 γὰρ
1051 1768 1112 1839 ούκ

161 1870 253 1938 οἶδεν
264 1868 285 1957 ἦ
296 1880 344 1951 τίς
360 1870 422 1940 ούκ
434 1872 559 1960 ἀκήκοε
573 1881 641 1942 τῶν
653 1874 1020 1964 τραγῳδοδιδασκύλων
1032 1882 1108 1939 Διο-

161 1977 291 2048 νυσίοις
301 1967 359 2049 τὰς
367 1968 534 2061 Ἀδράστῳ
544 1974 727 2057 γενομένας
737 1975 774 2039 ἐν
787 1973 914 2058 Θήβαις
924 1965 1110 2056 συμφορὰς,

104 2079 142 2133 169
159 2068 213 2136 ότι
225 2071 383 2155 κατάγειν
399 2074 579 2157 βουληθείς
595 2070 656 2138 τόν
669 2078 813 2140 Οἰδίπου
829 2073 890 2158 μὲν
906 2068 993 2155 νίόν,
1007 2068 1112 2137 αὑτοῦ

160 2168 197 2237 δέ
222 2168 403 2255 κηδεστὴν,
424 2179 636 2257 παμπληθεῖς
661 2174 723 2257 μὲν
746 2169 904 2257 Ἀργείων
929 2168 1112 2256 ἀπώλεσεν,

160 2265 310 2345 ἅπαντας
328 2270 363 2336 δέ
378 2266 458 2347 τούς
470 2268 633 2355 λοχαγούς
649 2273 756 2338 ἐπεῖδε
772 2271 1031 2355 διαφθαρέντας,
1050 2264 1113 2336 αύ-
1132 2269 1154 2337 ί

158 2365 215 2446 τός
231 2365 262 2434 δ’
282 2370 513 2446 ἐπονειδίστως
528 2365 661 2450 σωθείς,
677 2366 790 2454 ἐπειδὴ
802 2373 960 2453 σπονδῶν
972 2367 1031 2456 ούχ
1043 2364 1113 2447 οἷός
1125 2377 1141 2431 d

158 2465 190 2534 τ’
216 2460 260 2552 ἦν
283 2481 395 2552 τυχεῖν
418 2465 493 2535 οὐδ’
517 2465 697 2536 ἀνελέσθαι
724 2464 803 2545 τούς
826 2468 1111 2554 τετελευτηκότας,

159 2571 268 2652 ι’κέτης
283 2567 465 2653 γενόμενος
480 2574 537 2652 τῆς
551 2568 679 2644 πόλεως
693 2572 740 2633 ἐτι
754 2568 887 2650 Θησέως
905 2563 1012 2652 αὐτὴν
1026 2570 1112 2633 διοι-

159 2670 300 2741 κοῦντος
327 2666 431 2732 ἐδεῖτο
448 2664 491 2751 μὴ
514 2670 676 2747 περιιδεῖν
696 2666 870 2742 τοιούτους
890 2662 1015 2749 ἄνδρας
1030 2661 1112 2731 ἀτύ-

159 2789 246 2849 φους
265 2767 468 2849 γενομένους
481 2768 564 2850 μηδὲ
577 2762 719 2832 παλαιόν
736 2769 816 2841 ἔθος
828 2765 882 2831 καὶ
899 2764 1041 2847 πάτριον
1053 2763 1112 2830 νό-

158 2888 224 2948 μον
249 2864 515 2948 καταλυόμενον,
542 2856 570 2954 ᾦ
595 2864 716 2941 πάντες
745 2860 922 2944 ἅνθρωποι
945 2862 1111 2947 χρώμενοι

158 2968 369 3031 διατελοῦσιν
384 2962 444 3050 οὐχ
460 2962 505 3042 ὡς
520 2962 578 3031 ὑπ’
596 2962 814 3047 ἀνθρωπίνης
824 2964 967 3050 κειμένη)
978 2963 1111 3046 φύσεως

96 3079 141 3133 170
156 3059 231 3130 ἀλλ’
250 3060 294 3141 ὡς
310 3060 376 3130 ὑπό
389 3068 561 3147 δαιμονίας
575 3064 849 3149 προστεταγμένφ
861 3061 1045 3148 δυνάμεως.
1062 3051 1111 3128 ὧν

157 3160 305 3240 ἀκούσας
332 3160 454 3229 ούδένα
481 3163 606 3247 χρόνον
629 3160 773 3246 ἐπισχών
805 3158 823 3227 ὁ
859 3165 961 3247 δῆμος
986 3166 1110 3246 έπεμψε

157 3268 339 3349 πρεσβείαν
352 3267 397 3340 είς
408 3262 529 3348 Θήβας,
545 3268 624 3345 περί
631 3287 666 3327 τε
677 3268 734 3347 της
745 3257 946 3345 ἀναιρέσεως
961 3266 1140 3346 συμβούτ

158 3359 340 3439 λεύσοντας
365 3357 478 3438 αὐτοῖς
492 3358 674 3441 ὁσιώτερον
698 3359 951 3444 βουλεύσασθαι
972 3359 1025 3424 καὶ
1049 3357 1111 3444 τὴν

157 3457 337 3543 ἀπόκρισιν
349 3464 579 3544 νομιμωτέραν
589 3457 795 3543 ποιήσασθαι
806 3464 864 3541 τῆς
874 3455 1038 3541 πρότερον
1055 3481 1110 3542 γε*

156 3558 317 3644 νομένης,
343 3556 470 3624 κάκεῖν’
496 3556 748 3639 ύποδείξουτας,
772 3553 860 3642 ὦςὴ
887 3557 982 3635 πόλις
998 3554 1111 3636 αὐτοῖς

159 3654 223 3724 ούκ
245 3658 410 3739 ἐπιτρέψει
436 3665 683 3741 παραβαίνουσι
706 3682 766 3723 τον
788 3657 896 3739 νόμον
918 3656 978 3723 τόν
994 3656 1111 3725 κοινὸν
