2859 4334
412 399 529 458 ΠΕΡΙ
548 399 892 460 ammom&
1068 398 1128 460 125

170 584 230 624 ναι
247 556 499 644 διαλεγόμενος,
515 560 621 642 έτεροι
638 560 678 625 δέ
688 561 776 637 τινές
792 587 847 645 μοι
862 562 979 630 πολλοὶ
994 561 1049 628 καὶ
1065 584 1128 626 πο-

169 658 410 742 λυπράγμονες
422 657 568 742 μαθηταὶ
583 656 780 741 γεγόνασιν,
803 654 862 735 οὓς
873 654 1127 743 άποκρύπτομαι

116 790 153 845 99
171 751 259 837 πρὸς
275 752 368 840 ὑμᾶς.
392 754 472 835 ἀξιῶ
486 752 561 839 γάρ,
578 759 608 822 εί
619 757 680 840 μέν
697 780 784 834 τινες
799 762 867 823 τῶν
881 759 949 842 ἐμοὶ
967 777 1126 843 συγγεγε-

171 857 330 939 νημένων
347 853 467 940 ἄνδρες
482 851 606 939 άγαθοὶ
621 853 779 940 γεγόνασι
794 859 869 940 περὶ
883 853 944 941 την
959 855 1058 923 πόλιν
1073 858 1128 923 καὶ

171 950 252 1029 τους
267 961 386 1038 φίλους
397 956 451 1021 καὶ
467 950 525 1019 τόν
540 958 629 1022 ίδιον
643 950 754 1038 οἷκον,
771 958 918 1032 ἐκείνους
933 952 1019 1040 ὑμᾶς
1033 957 1128 1022 ἐπαι-

171 1067 262 1139 νεῖν,
285 1056 356 1139 ἐμοὶ
377 1053 412 1120 δὲ
431 1058 594 1139 μηδεμίαν
615 1050 699 1138 ὑπὲρ
715 1053 845 1122 τούτων
858 1054 957 1140 χάριν
972 1060 1077 1141 ἔχειν,
1099 1060 1129 1123 εί

172 1154 209 1220 δέ
227 1153 370 1237 πονηροὶ
385 1154 438 1220 καί
453 1160 598 1219 τοιοῦτοι
613 1151 670 1230 τάς
686 1153 821 1237 φάσεις,
843 1148 907 1220 οίοι
922 1160 1056 1238 φαίνειν
1072 1156 1126 1220 καὶ

171 1254 367 1338 γράφεσθαι
382 1255 436 1320 καὶ
450 1259 517 1319 τῶν
530 1250 715 1338 ἀλλοτρίων
730 1255 923 1338 ἐπιθυμεῖν,
946 1250 1026 1339 παρ’
1044 1255 1125 1339 ἐμοῦ

99 1386 155 1437 100
172 1356 270 1437 δίκην
290 1352 483 1438 λαμβάνειν.
519 1359 625 1421 καίτοι
647 1359 695 1430 τίς
720 1348 764 1418 άν
786 1352 969 1439 πρόκλησις
994 1354 1124 1439 γένοιτο

172 1452 294 1538 ταύτης
311 1450 610 1538 άνεπιφθονωτέρα
625 1455 679 1519 καὶ
693 1454 909 1538 ταπεινοτέρα
920 1462 976 1541 τῆς
985 1460 1053 1519 τῶν
1064 1452 1125 1539 μὲν

171 1560 285 1619 καλῶν
300 1550 462 1638 κάγαθῶν
477 1550 539 1620 οὐκ
553 1552 880 1673 άμφισβητούσης,ε
866 1559 895 1621 εί
910 1556 949 1620 δέ
961 1580 1049 1633 τινες
1062 1579 1122 1621 πο-

173 1654 267 1737 νηροὶ
290 1654 487 1739 γεγόνασιν,
508 1650 592 1737 ὑπὲρ
612 1651 742 1719 τούτων
758 1649 888 1737 δίκην“
856 1667 1029 1819 ίυποσχεϊν
1044 1655 1122 1721 ἐθε-

171 1738 313 1836 λιιόσης;
334 1754 388 1819 καί
409 1747 503 1818 ταῦτ’
525 1749 567 1818 οὐ
587 1750 685 1837 λόγος
708 1752 818 1837 μάτην
840 1755 1011 1837 εἰρημένος
1025 1754 1123 1839 ἐστὶν,

172 1847 256 1919 ἀλλά
279 1858 463 1937 παραχωρῶ
481 1855 594 1940 καὶτῷ
611 1853 785 1972 κατηγόρῳ
800 1853 853 1919 καὶ
868 1879 912 1943 τφ
900 1855 1122 1976 βουλομένῳ
1137 1868 1169 1923 66

173 1955 240 2016 τῶν
260 1948 387 2033 ἄλλων,
413 1960 446 2018 εί
462 1978 510 2029 τις
530 1957 594 2035 ἔχει
616 1949 689 2018 τινά
715 1951 842 2036 φράσαι
865 1960 1037 2037 τοιοῦτον,
1063 1951 1124 2040 οὐχ

174 2046 217 2126 ῶς
229 2044 289 2133 οὐχ
301 2046 404 2133 ηδέως
419 2048 462 2115 άν
474 2048 576 2117 τινῶν
587 2076 653 2136 μου
664 2052 979 2139 καταυευσαμένων,
994 2050 1067 2122 ἀλλ’
1081 2050 1125 2132 ῶς

174 2143 278 2226 εόθύς
299 2155 457 2233 φανερῶν
481 2149 650 2234 ἐσομένων
674 2146 753 2233 ὑμῖν
768 2151 822 2217 καὶ
837 2156 893 2235 τῆς
910 2155 1022 2237 ζημίας
1039 2154 1124 2221 ἐκεί

172 2268 243 2321 νοις
259 2241 333 2314 ἀλλ’
351 2242 412 2313 οὐκ
429 2248 499 2333 ἐμοὶ
515 2250 747 2333 γενησομένης.

107 2372 153 2423 101
256 2345 338 2428 Περὶ
353 2345 414 2430 μὲν
428 2339 492 2413 οὖν
510 2339 558 2413 ῶν
577 2347 692 2433 φεύγω
708 2345 768 2433 τὴν
783 2347 920 2435 γραφὴν
935 2352 988 2417 καί
1005 2356 1064 2416 τοῦ
1078 2348 1122 2436 μὴ

173 2446 382 2527 διαφθείρειν
398 2442 476 2522 τούς
491 2446 671 2532 συνόντας,
694 2444 756 2515 οὐκ
775 2446 837 2515 οἷδ’
855 2448 945 2527 ὅπως
960 2444 1003 2517 άν
1018 2453 1122 2534 σαφέ-

172 2560 288 2622 στερον
310 2542 467 2621 ἐπιδεῖξαι
488 2548 688 2631 δυνηθείην
721 2545 790 2625 (κς.
803 2547 879 2625 δ’.)
866 2544 1066 2634 )Έμνη’σθη
1087 2548 1122 2615 δὲ

172 2636 1120 2765 καίτῆςπρδςΤιμόθεόνηοιφιλίαςγεγευημένηςκηίδιη-

176 2728 358 2817 βάλλειν*
339 2736 428 2822 ημᾶς
458 2729 669 2822 ἀμφοτέρους
702 2737 934 2825 ἐπεχείρησεν,
970 2739 1023 2805 καὶ
1057 2739 1121 2806 οὐκ

178 2830 334 2959 ησχόνθη
361 2835 436 2919 περὶ
463 2831 587 2924 άνδρός
613 2838 885 2925 τετελευτηκότος
911 2839 965 2906 καὶ
986 2842 1119 2911 πολλῶν

176 2932 318 3020 ἀγαθῶν
331 2942 442 3004 αίτίου
457 2963 498 3025 τη
485 2935 608 3005 πόλει
620 2937 842 3025 βλασφήμους
856 2940 913 3008 καὶ
927 2946 1004 3007 λίαν
1019 2938 1119 3009 άσελ-

122 3058 166 3106 ιοκ
176 3051 247 3123 γετς
256 3036 379 3121 λόγους
389 3036 505 3106 είπῶν.
524 3040 589 3123 έγῶ
605 3037 638 3107 δ’
655 3037 749 3131 ᾤμην
761 3039 838 3128 μὲν,
853 3045 885 3108 εἰ
893 3042 949 3109 καὶ
963 3046 1120 3129 φανερῶς

178 3136 398 3224 ἐξηλεγχόμην
421 3136 567 3225 άδικῶν,
592 3140 647 3207 διά
671 3140 733 3226 την
751 3138 837 3227 πρός
855 3143 986 3211 ἐκεῖνον
1004 3151 1121 3229 φιλιάν

177 3237 343 3329 σφ’ζεσθαί
357 3267 412 3326 μοι
436 3240 632 3326 προσήκειν·
660 3241 773 3329 ἐπειδὴ
797 3240 835 3311 δδ
853 3250 1045 3332 Λυσίμαχος
1063 3246 1119 3313 καὶ

175 3356 244 3418 τοῖς
262 3338 423 3421 τοιοότοις
443 3343 601 3430 ἐπιχειρεῖ
615 3369 656 3428 με
672 3342 846 3430 βλάπτειν,
865 3344 898 3425 ἐξ
917 3335 966 3412 ῶν
984 3350 1120 3426 δικαίως

175 3436 218 3509 άν
232 3439 435 3530 ω’φελοίμην,
450 3440 644 3527 ἀναγκαίως
654 3450 719 3530 ἔχει
730 3450 944 3532 διαλεχθῆναι
961 3449 1038 3534 περὶ
1053 3441 1119 3516 αό-
1155 3449 1158 3454 ’

176 3546 249 3610 τῶν.
295 3541 351 3611 διά
375 3545 475 3612 τοῦτο
500 3540 535 3612 δ’
554 3541 618 3631 οὐχ
642 3544 711 3632 άμα
738 3549 814 3631 περὶ
832 3545 956 3615 τοότου
976 3549 1031 3615 καὶ
1051 3551 1119 3615 τῶν

175 3642 284 3712 ἄλλων
303 3648 498 3732 ἐπιτηδείων
518 3646 721 3735 ἐποιησάμην
738 3646 798 3731 τὴν
811 3656 950 3734 μνείαν,
962 3648 1012 3716 ὅτι
1031 3650 1117 3719 πολδ
