2859 4334
485 455 614 516 ΠΡΟΣ
632 456 899 516 ΝΙΚΟΚΛΕΛ.
1129 456 1170 520 19

211 614 334 702 ἄλλοις,
347 614 432 684 όταν
438 635 492 684 σοι
503 611 618 697 καιρός
628 607 659 702 ή.
677 612 859 701 δειυὸςμέυ
868 623 995 702 φαίνου
1004 625 1052 706 τῷ
1062 619 1168 703 μηδέν

94 723 95 730 ’
210 735 247 783 σε
258 716 447 784 λανθάνειν
456 722 525 782 τάν
534 716 756 801 γιγνομένων,
771 723 877 799 πρᾶος
889 715 925 783 δὲ
935 724 982 805 τῷ
992 714 1051 794 τάς
1061 731 1194 788 τιαω-ιί

210 822 284 896 ρίας
297 816 456 894 ἐλάττους
469 824 639 883 ποιεῖσθαι
655 819 725 881 τῶν
738 811 1030 902 ἁμαρτανομένων.

168 937 196 989 24
290 910 441 1000 Ἀρχικός
465 911 550 980 εἶναι
572 912 701 999 βούλου
721 913 767 999 μή
793 914 989 1000 χαλεπότητι
1011 915 1094 1000 μηδὲ
1118 908 1165 1002 τῷ

208 1011 344 1096 σφόδρα
361 1013 514 1092 κολάζειν
530 1007 615 1079 άλλά
635 1017 682 1100 τῷ
704 1011 830 1091 πάντας
845 1011 1009 1100 ἡττᾶσθαι
1027 1019 1086 1099 τῆς
1106 1020 1167 1096 σῆς

87 1135 88 1172 ;
207 1117 361 1190 διανοίας
374 1115 429 1180 καί
444 1117 591 1197 νομίζειν
604 1110 689 1198 ὑπὲρ
704 1122 762 1200 τῆς
772 1111 885 1181 αὑτῶν
895 1120 1058 1201 σωτηρίας
1069 1110 1166 1199 άμει-

87 1225 88 1274 λ
206 1236 271 1278 νον
287 1207 402 1277 αὑτοῖν
419 1215 455 1277 σὲ
471 1211 706 1297 βουλεύεσθαι.
737 1211 917 1299 πολεμικός
929 1215 992 1298 μὲν
1006 1221 1080 1282 ίσθι
1094 1223 1166 1288 ταῖς

207 1307 404 1393 ἐπιστήμαις
418 1309 474 1376 καί
482 1323 552 1387 ταῖς
562 1324 799 1396 παρασκευαῖς,
816 1309 983 1397 εἰρηνικός
993 1310 1030 1378 δέ
1041 1315 1087 1398 τῷ
1100 1333 1165 1394 μη-

207 1405 267 1474 δὲν
282 1404 374 1488 παρὰ
389 1403 426 1472 τδ
442 1410 573 1473 δίκαιον
586 1417 807 1477 πλεονεκτεῖν.
849 1407 957 1486 οὕτως
971 1405 1079 1493 ὁμίλει
1095 1412 1163 1473 τῶν

205 1503 343 1570 πόλεων
357 1500 442 1586 πρὸς
453 1501 512 1582 τὰς
521 1501 641 1591 ἥττους
653 1503 764 1592 ὥσπερ
776 1502 821 1573 ἄν
830 1505 889 1586 τάς
899 1511 1069 1593 κρείττους
1079 1502 1163 1587 πρὸς
1175 1531 1191 1570 e

166 1625 193 1678 τε
206 1601 333 1670 ἑαυτόν
349 1599 532 1681 άξιιόσειας.
566 1607 734 1689 φιλονίκει
755 1603 801 1691 μή
818 1608 894 1688 περὶ
910 1605 1057 1690 πάντων,
1080 1600 1165 1671 ἀλλὰ

205 1704 285 1784 περὶ
308 1693 357 1768 ὧν
378 1701 583 1789 κρατήσαντί
598 1722 652 1770 σοι
672 1707 788 1788 μέλλοι
808 1711 989 1772 συνοίσειν.
1012 1703 1165 1790 φαύλους

204 1800 295 1888 ἡγοῦ
317 1799 362 1887 μή
384 1799 464 1880 τοὺς
487 1803 728 1888 συμφερόντως
749 1799 959 1889 ἡττωμένους
981 1799 1065 1870 αλλὰ
1086 1797 1166 1879 τούς

205 1897 290 1986 μετά
307 1901 435 1987 βλάβης
450 1901 756 1986 περιγιγνομένους.
778 1900 1034 1985 μεγαλόφρονας
1050 1897 1162 1984 νόμιζε
1176 1914 1211 1966 νο

205 1998 252 2086 μὴ
270 1997 351 2078 τούς
365 2003 463 2082 μείζω
477 2002 784 2086 περιβαλλομένους
798 1990 846 2064 όν
860 1993 969 2064 οἷοίτ’
986 2003 1049 2066 είσι
1062 2023 1169 2066 κατα-

206 2112 312 2186 σχεῖν,
329 2095 413 2164 ἀλλὰ
423 2093 503 2176 τους
513 2104 625 2165 καλῶν
635 2097 697 2179 μὲν
708 2099 915 2185 ἐφιεμένους,
930 2097 1165 2182 ἐξεργάζεσθαι

160 2211 191 2265 26
204 2201 242 2265 δέ
259 2198 471 2282 δυναμένους
483 2189 533 2274 οἷς
542 2191 587 2262 άν
597 2199 816 2282 ἐπιχειρῶσιν.
849 2196 949 2283 ζήλου
959 2192 1004 2282 μή
1014 2192 1095 2274 τούς
1104 2219 1165 2281 με·

205 2303 329 2382 γίστην
339 2291 446 2381 άρχὴν
460 2297 686 2381 κτησαμένους
701 2292 786 2363 άλλάι
801 2293 882 2373 τούς
898 2292 1016 2380 άριστα
1027 2301 1067 2381 τῇ
1078 2317 1165 2376 παρ-

205 2394 295 2482 οάση
313 2397 553 2484 χρησαμένους,
570 2394 625 2462 καὶ
642 2391 755 2479 νόμιζε
768 2397 887 2470 τελέως
898 2389 1165 2479 εὐδαιμονήσειν,

205 2491 273 2561 οὐκ
283 2490 345 2561 ἐάν
355 2491 493 2560 πάντων
503 2490 698 2576 ἀνθρώπων
707 2489 790 2576 μετά
799 2490 1166 2576 φόβωνκαλκινδάυων

206 2593 264 2659 καὶ
281 2595 400 2667 κακίας
416 2588 532 2679 άρξης,
554 2587 628 2658 ἀλλ’
648 2585 693 2656 άν
709 2594 860 2666 τοιοῦτος
877 2583 926 2654 dv
942 2584 1016 2656 οἷον
1030 2587 1093 2674 χρὴ
1111 2587 1166 2654 καὶ

205 2688 368 2771 πράττων
383 2686 493 2774 ὥσπερ
509 2692 604 2778 ἐντῷ
617 2687 759 2771 παρόντι
771 2691 915 2772 μετρίων
928 2689 1095 2773 ἐπιθυμῇς
1108 2687 1190 2756 καλλι

205 2785 356 2876 μηδενός
369 2787 499 2856 τούτων
514 2785 646 2874 άτυχής.

160 2901 191 2955 ²7
294 2887 366 2975 (η’.)
394 2893 518 2965 Φίλους
535 2894 601 2954 κτῶ
622 2882 667 2971 μή
688 2887 815 2962 πάντας
836 2881 915 2962 τοὺς
935 2886 1164 2970 βουλομένους

204 2984 293 3056 άλλά
305 2983 385 3063 τοὺς
394 2991 453 3070 τῆς
463 2991 523 3070 σῆς
533 2983 667 3068 φάσεως
678 2980 790 3063 άξίους
801 2980 911 3068 ὄντας,
925 2981 1009 3068 μηδὲ
1020 2981 1100 3068 μεθ’
1115 2976 1164 3051 τόν

203 3083 328 3170 ήδιστα
340 3085 596 3167 συνδιατρίψας,
609 3079 693 3149 άλλδι
704 3077 786 3165 μεθ’
800 3069 850 3148 όν
859 3078 978 3164 ἄριστα
989 3077 1052 3167 τήν
1062 3080 1164 3149 πόλιν

204 3180 400 3266 διοικήσεις.
435 3177 583 3267 άκριβεῖς
597 3186 697 3248 ποιοῦ
710 3176 770 3258 τάς
786 3182 981 3265 δοκιμασίας
995 3185 1064 3245 τῶν
1077 3178 1163 3246 σόν-

204 3281 336 3361 όντων,
364 3275 475 3364 είδιδς,
502 3277 554 3346 ὅτι
579 3279 701 3357 πάντες
726 3282 760 3345 οί
782 3277 829 3364 μή
849 3297 903 3346 σοι
923 3278 1166 3363 πλησιάσαντες

202 3377 329 3465 ὅμοιόν
343 3394 381 3443 σε
397 3390 465 3455 τοῖς
478 3381 661 3465 χρωμένοις
676 3375 761 3444 εἶναι
778 3384 964 3461 νομιοῦσιν.
991 3374 1166 3455 τοιοάτους

203 3479 325 3561 ἐφίστη
346 3486 414 3552 τοῖς
433 3476 603 3560 πράγμασι
624 3489 692 3554 τοῖς
712 3471 757 3560 μή
779 3471 835 3540 διά
858 3481 922 3541 σοῦ
942 3477 1192 3560 γνγνομένοις,ι

204 3571 252 3652 ds
273 3567 378 3649 αὐτὸς
396 3569 454 3649 τάς
470 3578 575 3651 αίτίας
595 3575 678 3654 ἕξων
695 3565 744 3639 ὦν
762 3567 807 3639 άν
828 3576 950 3640 ἐκείνοι
982 3568 1162 3656 πράξωσιν.

155 3687 190 3742 28
204 3666 349 3748 πιστοὺς
369 3665 457 3756 ἡγοῦ
475 3669 521 3758 μή
542 3669 622 3751 τούς
642 3670 733 3740 ἅπαν
753 3670 774 3738 ὅ
793 3697 824 3739 τι
845 3667 891 3739 δν
911 3667 1051 3797 λέγηςῂἡι
1071 3693 1168 3756 ποιης

976 3773 993 3822 2
