2859 4334
297 380 338 443 82
578 388 759 445 ΙΣΟΚΡΑ
770 386 823 445 ΤΟ
835 386 894 442 ΡΣ
911 390 973 454 (13)

257 590 264 601 ·
296 552 439 632 μῶντες,
462 542 506 622 ῶς
520 552 607 613 νοῦν
621 551 750 629 ἔχοντες
765 544 957 611 διδάσκαλοι
972 550 1040 611 τῶν
1054 542 1165 610 ἄλλων
1179 538 1242 621 όξι·

297 652 372 713 οῦσι
393 652 576 730 γίγνεσθαι.
606 647 660 711 καὶ
681 648 816 729 λέγουσι
835 642 913 730 μὲν,
939 640 984 719 ῶς
1005 639 1106 708 οὐδὲν
1120 644 1250 707 δέονται

299 736 1242 829 χρημάτων,όργυρίδιονκαὶχρυσίδιοντδνπλοῦτοναπο-
1258 772 1272 808 e

297 846 493 929 καλοῦντες,
509 846 630 930 μικροῦ
645 841 684 909 δὲ
695 844 838 929 κέρδους
853 841 1051 928 ὀρεγόμενοι
1062 840 1169 928 μόνον
1183 838 1246 907 οῦκ

299 938 1246 1029 ἄθανύτουςύπισγνοῦνταιτούςσυνόνταςποιήσειν.δδδ

274 1034 1247 1134 οπόντωνκαταγελαστότατον,ότιπαράμὲνῶνδείλαβείν

296 1140 435 1224 αύτούς,
450 1142 580 1219 τούτοις
594 1145 655 1227 μὲν
670 1140 879 1224 ἀπιστοῦσιν,
895 1137 943 1218 οἷς
954 1146 1112 1225 μέλλουσι
1124 1139 1186 1227 τὴν
1200 1145 1252 1205 δι·
1268 1156 1310 1209 λ9λ

297 1241 483 1326 καιοούνην
494 1241 716 1326 παραδώσειν,
731 1233 779 1307 ῶν
791 1238 823 1306 δ’
832 1238 1045 1307 οῦδεποόποτε
1058 1240 1250 1306 διδάσκαλοι

296 1342 470 1426 γεγόνασι,
484 1339 572 1422 παρὰ
584 1342 714 1418 τούτοις
725 1338 765 1406 τό(
777 1337 867 1424 παρὰ
879 1344 947 1405 τῶν
958 1346 1120 1424 μαθητῶν
1131 1359 1252 1423 μεσεγ·

297 1446 474 1524 γυοῦνται,
491 1438 575 1524 πρός
589 1441 650 1522 μὲν
665 1437 727 1524 τὴν
741 1436 927 1523 ἀσφάλειαν
943 1430 981 1505 εὖ
996 1440 1251 1525 βουλευόμενοι,

265 1558 281 1610 6
296 1546 343 1627 τῷ
354 1542 373 1603 δ
380 1536 612 1623 ’ἑπαγγίλματι
625 1536 782 1603 τάναντία
794 1540 1001 1618 πράττοντες.
1023 1535 1102 1614 τοῦς
1112 1540 1174 1621 μὲν
1185 1535 1252 1621 γὰρ

295 1635 376 1703 ἄλλο
388 1664 418 1702 τι
429 1637 650 1713 παιδεύοντας
659 1638 818 1721 προσήκει
830 1641 1089 1723 διακριβοῦσθαι
1097 1636 1173 1718 περὶ
1182 1642 1252 1700 τῶν

296 1734 543 1816 διαφερόντων
564 1733 744 1819 οὐδὲνγὰρ
759 1736 880 1802 κωλύει
895 1732 974 1812 τοῦς
988 1738 1062 1818 περὶ
1073 1737 1168 1817 ἔτερα
1180 1739 1253 1799 δει-

297 1830 377 1911 νοῦς
385 1837 587 1917 γενομένους
595 1836 638 1918 μὴ
649 1831 812 1918 χρηστούς
821 1831 904 1900 εἶναι
915 1830 1035 1915 περὶτὰ
1044 1832 1234 1919 συμβόλαια
1244 1857 1251 1869 ·

296 1927 374 2006 τούς
389 1935 425 1997 δὲ
439 1929 501 2016 τὴν
515 1929 638 2015 ἀρετὴν
651 1934 704 1997 καὶ
720 1930 781 2015 τὴν
793 1933 1019 2016 σωφροσύνην
1035 1934 1279 2016 ἐνεργαζομέ-Ι)

296 2054 376 2105 νους
396 2036 465 2106 πῶς
486 2028 548 2096 οῦκ
568 2029 692 2115 ἄλογόν
707 2034 775 2097 ἐστι
789 2029 832 2116 μὴ
849 2046 916 2109 τοῖς
929 2041 1093 2117 μαθηταῖς
1107 2034 1251 2117 μάλιστα

298 2128 483 2209 πιστεύεινς
501 2126 543 2195 οῦ
556 2126 621 2214 γὰρ
637 2130 758 2215 δήπου
773 2133 845 2212 περὶ
858 2129 937 2207 τούς
949 2129 1071 2207 ἄλλους
1082 2127 1176 2207 ὅντες
1187 2156 1250 2195 κα-

294 2230 346 2295 λοί
360 2224 504 2312 κάγαθοὶ
518 2229 572 2295 καὶ
587 2231 708 2295 δίκαιοι
720 2231 793 2310 περὶ
806 2230 946 2306 τούτους
957 2229 1250 2313 ἐξαμαρτήσονται,

265 2338 280 2393 7
297 2324 343 2392 δι’
359 2323 418 2403 οῦς
438 2334 583 2393 τοωῦτοι
606 2330 793 2412 γεγόνασιν.
834 2327 903 2413 (δ’.)
922 2326 1072 2394 Ἐπειδὰν
1094 2321 1157 2393 οῦν
1180 2335 1250 2392 τῶν

295 2431 438 2493 ἰδιωτῶν
449 2427 535 2503 τινὲς
544 2425 675 2493 ἅπαντα
686 2434 788 2493 ταῦτα
801 2426 1078 2511 συλλογισόμευοι
1091 2430 1248 2493 κατίδωσι

295 2522 373 2602 τούς
398 2523 459 2611 τὴν
480 2533 603 2608 σοφίαν
626 2528 843 2603 διδάσκοντας
870 2528 924 2594 καὶ
945 2524 1007 2611 τὴν
1032 2523 1251 2610 εὐδαιμονίαν

296 2625 540 2706 παραδιδόντας
561 2622 684 2703 αύτούς
698 2652 733 2692 τε
755 2632 888 2692 πολλῶν
904 2630 1082 2711 δεομένους
1099 2627 1153 2693 καί
1169 2622 1251 2701 τοῦς

296 2721 448 2808 μαθητὰς
462 2723 584 2808 μικρὸν
599 2729 864 2811 πραττομένους,
890 2722 1017 2802 καὶτὰς
1037 2724 1274 2800 ἐναντιῶσειςι

296 2824 347 2887 ἐπὶ
363 2821 424 2904 μὲν
439 2830 506 2888 τῶν
519 2824 630 2907 λόγων
642 2831 843 2908 τηροῦντας,
867 2827 918 2893 ἐπὶ
934 2826 970 2891 δὲ
990 2831 1058 2891 τῶν
1078 2830 1187 2909 ἔργων
1202 2820 1248 2907 μὴ

297 2927 529 3005 καθορῶντας,
551 2928 597 2989 ἔτι
615 2924 650 2989 δὲ
668 2928 742 3007 περὶ
759 2926 820 3008 μὲν
838 2930 906 2991 τῶν
919 2924 1110 3010 μελλόντων
1124 2926 1248 2991 εἰδέναι

264 3036 280 3088 8
296 3023 623 3105 προσποιουμένους,
646 3026 721 3104 περὶ
737 3024 772 3089 δὲ
787 3029 854 3089 τῶν
869 3023 1047 3104 παρόντων
1060 3022 1164 3108 μηδὲν
1178 3028 1249 3086 τῶν

295 3118 441 3184 δεόντων
455 3116 529 3203 μήτ’
548 3126 652 3188 εἰπεῖν
666 3121 746 3208 μήτε
762 3128 1010 3208 συμβουλεῦσαι
1026 3124 1246 3205 δυναμένους,
1344 3104 1346 3191 δ

295 3214 378 3285 ἄλλό
402 3225 529 3301 μᾶλλον
550 3216 778 3305 ὁμονοοῦντας
799 3223 853 3289 καί
870 3228 972 3287 πλείω
995 3226 1247 3301 κατορθοῦντας

294 3316 373 3393 τούς
383 3331 453 3394 ταῖς
463 3318 573 3396 δόξαις
580 3323 772 3405 χρωμένους
781 3315 888 3406 ἢτοῦς
896 3317 958 3404 τὴν
967 3318 1149 3404 ἐπιστήμην
1160 3323 1247 3401 ἔχειν

296 3419 615 3502 ἐπαγγελλομένους,
639 3420 786 3496 είκότως.
803 3417 909 3503 οἶμαι,
926 3425 1175 3501 καταφρονοῦσι
1193 3420 1244 3483 καὶ

1343 2126 1345 2175 λ

297 3619 401 3696 ψυχῆς
416 3614 605 3695 ἐπιμέλειαν
621 3615 705 3683 εἶναι
723 3613 780 3692 τός
795 3618 950 3692 τοιαύτας
967 3616 1147 3699 διατριβάς.
