2859 4334
304 390 344 454 12
576 387 921 472 [nomam]
939 390 992 469 (1)

302 578 422 636 πονεῖν
434 566 492 634 καί
506 563 693 654 σωφρόνως
710 563 771 632 τόν
788 560 898 632 αότού
911 567 989 650 βίον
1006 568 1200 651 οἰκονημεῖν
1217 559 1272 632 ἀεὶ

302 665 362 747 τάς
385 665 517 755 τέρψεις
541 671 731 755 εἰλικρινεῖς
755 665 811 732 καὶ
827 663 1042 753 βεβαιοτέρως
1066 657 1271 733 ἀποδίδωσι·

253 785 285 835 ει
303 766 402 836 κάκεῖ
415 766 479 854 μὲν
496 765 660 856 πρότερον
685 765 847 854 ἡσθέντες
867 762 1012 853 ὕστερον
1036 765 1271 853 ἐλυπήθησαν,
1290 787 1307 822 ⁰

305 871 454 939 ἐνταῦθα
462 866 502 936 δέ
509 865 592 956 μετά
601 865 781 947 τάςλόπας
789 863 985 954 τάςήδονάς
996 871 1123 953 ἐχομεν.
1142 867 1274 936 ἐντάσι

303 969 343 1038 δὲ
355 983 427 1048 τοῖς
446 974 555 1056 ἔργοις
568 965 632 1057 οόχ
646 967 736 1037 οὕτω
748 972 808 1054 τῆς
822 965 927 1056 ἀρχής
939 966 1204 1055 μνημονεύομεν,
1224 964 1274 1047 ἀς

304 1073 362 1158 τής
379 1073 534 1157 τελευτῆς
552 1078 712 1157 αἴσθησιν
730 1066 961 1157 λαμβάνομεν·
985 1070 1027 1135 τὰ
1043 1066 1110 1158 γάρ
1127 1075 1273 1139 πλεῖστα

254 1287 287 1338 48
305 1269 468 1341 ἀλλάτοῖν
477 1269 734 1359 ἀποβαινόντων
742 1273 1101 1357 ένεκενδιαπονοῦμεν.
1116 1266 1273 1358 (ς’.)Ἐν-

304 1375 419 1462 θυμοῦ
439 1371 471 1442 δ’
487 1370 538 1440 ότι
555 1386 627 1452 τοῖς
639 1371 704 1459 μέν
716 1371 860 1458 φαύλως
879 1372 1047 1458 ἐνδέχεται
1063 1367 1105 1438 τά
1123 1370 1273 1458 τυχόντα

305 1473 479 1566 πράττων·
505 1467 615 1553 εύθύς
633 1472 700 1561 γάρ
716 1473 778 1541 τοῦ
796 1477 876 1559 βίον
893 1470 1055 1560 τοιαύτην
1072 1478 1273 1561 πεποίηνται

305 1576 366 1665 τήν
383 1574 567 1645 ἀπόθεσιν·
590 1587 661 1654 τοῖς
684 1571 725 1642 δέ
748 1578 947 1653 σπουδαίοις
972 1569 1035 1660 ούχ
1060 1565 1188 1641 οἷόντε
1209 1576 1270 1661 τής
1289 1579 1307 1630 d

305 1676 426 1766 ἀριτής
440 1673 589 1764 ἀμελεῖν,
607 1671 789 1761 ήπολλούς
803 1679 890 1760 ἔχειν
902 1673 983 1754 τούς
998 1672 1270 1760 ἐπιπλήττοντας.

306 1778 428 1856 πάντες
442 1777 509 1865 γάρ
526 1779 683 1864 μισοῦσιν
700 1771 765 1862 ούχ
777 1772 868 1843 οὕτω
884 1775 966 1855 τούς
980 1773 1273 1863 ἐξαμαρτάνοντας

307 1877 353 1960 ἀς
369 1876 451 1958 τούς
469 1878 620 1957 ἐπιεικεῖς
637 1873 701 1963 μὲν
714 1875 889 1964 φήσοντας
906 1875 1007 1965 εἰναι,
1024 1875 1132 1965 μηδὲν
1146 1876 1186 1946 δέ
1202 1879 1272 1946 τῶν

255 1995 288 2044 49
305 1977 478 2068 τυχόντων
496 1978 734 2068 διαφέροντας,
759 1975 912 2057 εἰκότως·
936 1976 1024 2046 ὅπου
1041 1976 1107 2065 γάρ
1123 1976 1205 2058 τούς
1221 1983 1273 2072 τῷ

306 2081 399 2173 λόγῳ
416 2078 524 2168 μόνον
542 2078 775 2167 ψευδομένους
792 2077 1090 2167 ἀποδοκιμάζομεν,
1107 2069 1128 2165 ἦ
1145 2077 1215 2148 πού
1232 2105 1272 2165 γε

305 2181 387 2262 τούς
415 2186 463 2272 τῷ
489 2186 554 2268 βίῳ
580 2182 683 2250 παντί
709 2178 973 2269 ἐλαττουμένους
998 2176 1153 2266 φαύλους
1182 2177 1272 2249 εἰναι

306 2282 469 2371 φήσομεν.
496 2286 633 2362 δικαίως
650 2279 684 2349 δ’
700 2277 745 2349 ἀν
757 2279 839 2360 τούς
850 2277 1026 2362 τοιούτους
1037 2275 1272 2368 ὑπολάβοιμεν

305 2382 350 2473 μή
368 2382 474 2472 μόνον
488 2387 536 2463 εἰς
553 2380 680 2461 αύτούς
698 2379 901 2469 ἁμαρτάνειν
915 2379 1001 2449 ἀλλά
1014 2381 1072 2450 καί
1088 2383 1148 2468 τής
1160 2380 1267 2470 τύχης
1287 2406 1303 2442 0

307 2483 393 2554 εἰναι
406 2481 590 2572 προδότας
608 2481 629 2568 ή
643 2481 707 2569 μέν
720 2481 787 2571 γάρ
801 2479 918 2564 αύτοῖς
930 2481 1083 2571 χρήματα
1095 2485 1153 2552 καί
1168 2483 1273 2564 δόξαν

307 2587 364 2654 καί
382 2592 506 2673 φίλους
524 2587 738 2673 ἐνεχείρισεν,
756 2587 792 2652 οί
802 2582 841 2652 δέ
859 2586 948 2670 σφᾶς
966 2581 1094 2665 αύτούς
1109 2583 1272 2665 ἀναξίους

256 2703 288 2754 50
305 2693 364 2774 τῆς
380 2683 600 2773 όπαρχοόσης
623 2681 843 2773 εύδαιμονίας
860 2685 1078 2774 κατέστησαν.
1113 2691 1147 2755 εί
1161 2684 1202 2754 δὲ
1218 2688 1274 2754 δεῖ

304 2783 434 2876 θνητόν
458 2784 541 2856 ὄντα
562 2788 620 2874 τῆς
644 2788 712 2854 τῶν
736 2789 830 2856 θεάν
853 2785 1083 2872 στοχάσασθαι
1105 2791 1271 2873 διανοίας,
1293 2799 1324 2851 ιι

306 2885 453 2976 ἡγοῦμαι
468 2886 649 2969 κάκείνους
668 2886 725 2957 ἐπὶ
736 2899 808 2967 τοῖς
826 2886 1039 2967 οἰκειοτάτοις
1052 2885 1195 2974 μάλιστα
1208 2891 1269 2976 δη-

307 2990 424 3075 λῶσαι,
438 2991 510 3068 πῶς
525 2986 823 3078 ἐχουσιπρόςτούς
836 2987 993 3075 φαύλους
1002 2988 1060 3056 καί
1069 2986 1151 3069 τούς
1161 3008 1272 3058 σπου·

306 3095 426 3170 δαίονς
439 3090 510 3157 τάν
524 3087 730 3178 ἀνθρώπων.
753 3087 841 3169 Ζεύς
854 3086 921 3179 γάρ
932 3088 1100 3179 Ἡρακλέα
1111 3090 1169 3160 καὶ
1181 3087 1271 3160 Τάν-

306 3198 409 3260 ταλον
421 3186 600 3277 γεννήσας,
618 3187 664 3270 ός
682 3193 718 3260 οἰ
727 3195 832 3277 μῦθοι
844 3190 982 3277 λέγουσι
999 3189 1056 3258 καί
1073 3189 1197 3271 πάντες
1213 3213 1271 3258 πι·

307 3292 476 3377 στεύονσι,
494 3289 554 3360 τόν
572 3289 635 3379 μὲν
647 3289 704 3360 διά
716 3289 779 3379 τήν
793 3288 916 3379 ἀρετήν
932 3287 1109 3361 ἀθάνατον
1122 3293 1272 3379 ἐποίησε,

306 3392 367 3462 τόν
380 3391 420 3462 δέ
433 3395 489 3461 διὰ
506 3390 568 3480 τήν
585 3396 709 3461 κακίαν
726 3406 801 3472 ταῖς
815 3397 986 3481 μεγίσταις
1003 3398 1176 3481 τιμωρίαις
1193 3391 1273 3460 ἐκό-

256 3511 287 3561 ⁵1
307 3502 419 3564 λασεν.
438 3489 488 3574 οἷς
497 3497 808 3583 δεῖπαραδείγμασι
817 3490 1017 3582 χρύμενόνσ
1022 3491 1201 3584 ὀρέγεσθαι
1213 3495 1273 3582 τῆς

306 3597 628 3681 καλοκαγαθίαςωί
636 3593 798 3684 μὴμόνον
811 3607 882 3674 τοῖς
893 3588 958 3681 ἀφ’
973 3592 1069 3683 ήμῶν
1083 3594 1270 3684 εἰρημένοις
1287 3605 1306 3656 b

307 3695 461 3787 ἐμμένειν
478 3693 565 3765 ἀλλά
583 3695 641 3764 καί
658 3700 730 3764 τόν
747 3699 896 3785 ποιητῶν
912 3693 954 3764 τά
967 3696 1122 3782 βέλτιστα
1134 3696 1271 3784 μανθά·
