<?xml version="1.0" encoding="UTF-8"?>
<!DOCTYPE html PUBLIC "-//W3C//DTD XHTML 1.0 Transitional//EN"
    "http://www.w3.org/TR/xhtml1/DTD/xhtml1-transitional.dtd">
<html xmlns="http://www.w3.org/1999/xhtml" xml:lang="en" lang="en">
 <head>
  <title>
</title>
<meta http-equiv="Content-Type" content="text/html;charset=utf-8" />
  <meta name='ocr-system' content='tesseract 3.04.00' />
  <meta name='ocr-capabilities' content='ocr_page ocr_carea ocr_par ocr_line ocrx_word'/>
</head>
<body>
  <div class='ocr_page' id='page_1' title='image "./orationes00isgoog_0638.png"; bbox 0 0 2859 4334; ppageno 0'>
   <div class='ocr_carea' id='block_1_1' title="bbox 500 377 1127 440">
    <p class='ocr_par' dir='ltr' id='par_1_1' title="bbox 500 377 1127 440">
     <span class='ocr_line' id='line_1_1' title="bbox 500 377 1127 440; baseline 0.003 -4"><span class='ocrx_word' id='word_1_1' title='bbox 500 379 799 439; x_wconf 80' lang='grc' dir='ltr'><em>ΕΠΙΣΤΟΛΑΙ.</em></span> <span class='ocrx_word' id='word_1_2' title='bbox 1064 377 1127 440; x_wconf 74' lang='lat'><strong><em>265</em></strong></span> 
     </span>
    </p>
   </div>
   <div class='ocr_carea' id='block_1_2' title="bbox 114 536 1194 3009">
    <p class='ocr_par' dir='ltr' id='par_1_2' title="bbox 120 536 1194 1228">
     <span class='ocr_line' id='line_1_2' title="bbox 120 536 1194 631; baseline -0.007 -17"><span class='ocrx_word' id='word_1_3' title='bbox 120 566 151 614; x_wconf 86' lang='grc'><strong><em>11</em></strong></span> <span class='ocrx_word' id='word_1_4' title='bbox 170 544 251 631; x_wconf 77' lang='grc' dir='ltr'><strong><em>ἡμῖν</em></strong></span> <span class='ocrx_word' id='word_1_5' title='bbox 266 549 344 627; x_wconf 75' lang='grc' dir='ltr'><strong><em>ἔχει·</em></strong></span> <span class='ocrx_word' id='word_1_6' title='bbox 368 547 448 622; x_wconf 89' lang='grc' dir='ltr'><strong><em>περί</em></strong></span> <span class='ocrx_word' id='word_1_7' title='bbox 456 567 490 607; x_wconf 89' lang='grc' dir='ltr'><strong><em>τε</em></strong></span> <span class='ocrx_word' id='word_1_8' title='bbox 505 537 569 627; x_wconf 83' lang='grc' dir='ltr'><strong><em>γάρ</em></strong></span> <span class='ocrx_word' id='word_1_9' title='bbox 585 536 643 616; x_wconf 87' lang='grc' dir='ltr'><strong><em>τάς</em></strong></span> <span class='ocrx_word' id='word_1_10' title='bbox 658 539 829 629; x_wconf 84' lang='grc' dir='ltr'><strong><em>διατριβάς</em></strong></span> <span class='ocrx_word' id='word_1_11' title='bbox 844 539 902 620; x_wconf 85' lang='grc' dir='ltr'><strong><em>τάς</em></strong></span> <span class='ocrx_word' id='word_1_12' title='bbox 916 537 1019 620; x_wconf 79' lang='grc' dir='ltr'><strong><em>αὐτάς</em></strong></span> <span class='ocrx_word' id='word_1_13' title='bbox 1029 537 1127 624; x_wconf 84' lang='grc' dir='ltr'><strong><em>γεγό-</em></strong></span> <span class='ocrx_word' id='word_1_14' title='bbox 1192 580 1194 586; x_wconf 84' lang='grc'><em>·</em></span> 
     </span>
     <span class='ocr_line' id='line_1_3' title="bbox 169 637 1126 731; baseline -0.006 -20"><span class='ocrx_word' id='word_1_15' title='bbox 169 669 276 731; x_wconf 83' lang='grc' dir='ltr'><strong><em>ναμιν</em></strong></span> <span class='ocrx_word' id='word_1_16' title='bbox 295 643 350 710; x_wconf 81' lang='grc' dir='ltr'><strong><em>καὶ</em></strong></span> <span class='ocrx_word' id='word_1_17' title='bbox 366 648 405 729; x_wconf 80' lang='grc' dir='ltr'><strong><em>τῇ</em></strong></span> <span class='ocrx_word' id='word_1_18' title='bbox 420 644 516 728; x_wconf 84' lang='grc' dir='ltr'><strong><em>τέχνη</em></strong></span> <span class='ocrx_word' id='word_1_19' title='bbox 531 639 691 717; x_wconf 77' lang='grc' dir='ltr'><strong><em>πολλάκις</em></strong></span> <span class='ocrx_word' id='word_1_20' title='bbox 705 637 813 708; x_wconf 82' lang='grc' dir='ltr'><strong><em>αὐτοῦ</em></strong></span> <span class='ocrx_word' id='word_1_21' title='bbox 833 643 992 726; x_wconf 77' lang='grc' dir='ltr'><strong><em>κέχρημαι</em></strong></span> <span class='ocrx_word' id='word_1_22' title='bbox 1015 641 1070 708; x_wconf 85' lang='grc' dir='ltr'><strong><em>καὶ</em></strong></span> <span class='ocrx_word' id='word_1_23' title='bbox 1088 637 1126 706; x_wconf 87' lang='grc' dir='ltr'><strong><em>τδ</em></strong></span> 
     </span>
     <span class='ocr_line' id='line_1_4' title="bbox 169 735 1126 827; baseline -0.005 -16"><span class='ocrx_word' id='word_1_24' title='bbox 169 751 361 811; x_wconf 77' lang='grc' dir='ltr'><strong><em>τελευταῖον</em></strong></span> <span class='ocrx_word' id='word_1_25' title='bbox 376 742 451 825; x_wconf 81' lang='grc' dir='ltr'><strong><em>περὶ</em></strong></span> <span class='ocrx_word' id='word_1_26' title='bbox 468 747 524 825; x_wconf 83' lang='grc' dir='ltr'><strong><em>τῆς</em></strong></span> <span class='ocrx_word' id='word_1_27' title='bbox 538 736 724 824; x_wconf 77' lang='grc' dir='ltr'><strong><em>ἀποδημίας</em></strong></span> <span class='ocrx_word' id='word_1_28' title='bbox 739 745 795 823; x_wconf 87' lang='grc' dir='ltr'><strong><em>της</em></strong></span> <span class='ocrx_word' id='word_1_29' title='bbox 816 735 860 816; x_wconf 78' lang='grc' dir='ltr'><strong><em>ὡς</em></strong></span> <span class='ocrx_word' id='word_1_30' title='bbox 882 737 918 807; x_wconf 82' lang='grc' dir='ltr'><strong><em>σὲ</em></strong></span> <span class='ocrx_word' id='word_1_31' title='bbox 934 740 1126 827; x_wconf 81' lang='grc' dir='ltr'><strong><em>σύμβουλος</em></strong></span> 
     </span>
     <span class='ocr_line' id='line_1_5' title="bbox 170 835 1127 930; baseline -0.005 -20"><span class='ocrx_word' id='word_1_32' title='bbox 170 841 337 929; x_wconf 83' lang='grc' dir='ltr'><strong><em>ἐγευόμην</em></strong></span> <span class='ocrx_word' id='word_1_33' title='bbox 364 837 464 930; x_wconf 76' lang='grc' dir='ltr'><strong><em>αὐτῷ.</em></strong></span> <span class='ocrx_word' id='word_1_34' title='bbox 501 836 556 906; x_wconf 85' lang='grc' dir='ltr'><strong><em>διά</em></strong></span> <span class='ocrx_word' id='word_1_35' title='bbox 578 835 619 925; x_wconf 81' lang='grc' dir='ltr'><strong><em>δη</em></strong></span> <span class='ocrx_word' id='word_1_36' title='bbox 634 844 737 905; x_wconf 83' lang='grc' dir='ltr'><strong><em>ταῦτα</em></strong></span> <span class='ocrx_word' id='word_1_37' title='bbox 753 839 862 906; x_wconf 89' lang='grc' dir='ltr'><strong><em>πάντα</em></strong></span> <span class='ocrx_word' id='word_1_38' title='bbox 881 845 1067 926; x_wconf 79' lang='grc' dir='ltr'><strong><em>βουλοίμην</em></strong></span> <span class='ocrx_word' id='word_1_39' title='bbox 1083 835 1127 906; x_wconf 85' lang='grc' dir='ltr'><strong><em>άυ</em></strong></span> 
     </span>
     <span class='ocr_line' id='line_1_6' title="bbox 170 935 1126 1025; baseline -0.005 -16"><span class='ocrx_word' id='word_1_40' title='bbox 170 962 209 1009; x_wconf 88' lang='grc' dir='ltr'><strong><em>σε</em></strong></span> <span class='ocrx_word' id='word_1_41' title='bbox 225 947 334 1019; x_wconf 76' lang='grc' dir='ltr'><strong><em>καλῶς</em></strong></span> <span class='ocrx_word' id='word_1_42' title='bbox 348 938 438 1010; x_wconf 83' lang='grc' dir='ltr'><strong><em>αότιι</em></strong></span> <span class='ocrx_word' id='word_1_43' title='bbox 453 938 643 1025; x_wconf 82' lang='grc' dir='ltr'><strong><em>χρήσασθαι</em></strong></span> <span class='ocrx_word' id='word_1_44' title='bbox 657 940 712 1005; x_wconf 86' lang='grc' dir='ltr'><strong><em>καὶ</em></strong></span> <span class='ocrx_word' id='word_1_45' title='bbox 726 937 967 1025; x_wconf 78' lang='grc' dir='ltr'><strong><em>συμφερόντως</em></strong></span> <span class='ocrx_word' id='word_1_46' title='bbox 980 935 1126 1023; x_wconf 88' lang='grc' dir='ltr'><strong><em>άμφοτέ-</em></strong></span> 
     </span>
     <span class='ocr_line' id='line_1_7' title="bbox 171 1032 1124 1126; baseline -0.004 -19"><span class='ocrx_word' id='word_1_47' title='bbox 171 1065 244 1126; x_wconf 88' lang='grc' dir='ltr'><strong><em>ροις</em></strong></span> <span class='ocrx_word' id='word_1_48' title='bbox 256 1037 352 1126; x_wconf 78' lang='grc' dir='ltr'><strong><em>ὑμῖν,</em></strong></span> <span class='ocrx_word' id='word_1_49' title='bbox 369 1042 423 1106; x_wconf 79' lang='grc' dir='ltr'><strong><em>καὶ</em></strong></span> <span class='ocrx_word' id='word_1_50' title='bbox 434 1040 595 1125; x_wconf 81' lang='grc' dir='ltr'><strong><em>γενέσθαι</em></strong></span> <span class='ocrx_word' id='word_1_51' title='bbox 609 1033 778 1122; x_wconf 86' lang='grc' dir='ltr'><strong><em>φανερόν,</em></strong></span> <span class='ocrx_word' id='word_1_52' title='bbox 793 1033 845 1105; x_wconf 86' lang='grc' dir='ltr'><strong><em>ὅτι</em></strong></span> <span class='ocrx_word' id='word_1_53' title='bbox 859 1039 958 1124; x_wconf 86' lang='grc' dir='ltr'><strong><em>μέρος</em></strong></span> <span class='ocrx_word' id='word_1_54' title='bbox 969 1064 998 1104; x_wconf 89' lang='grc' dir='ltr'><strong><em>τι</em></strong></span> <span class='ocrx_word' id='word_1_55' title='bbox 1011 1037 1065 1104; x_wconf 79' lang='grc' dir='ltr'><strong><em>καί</em></strong></span> <span class='ocrx_word' id='word_1_56' title='bbox 1079 1032 1124 1103; x_wconf 86' lang='grc' dir='ltr'><strong><em>δι’</em></strong></span> 
     </span>
     <span class='ocr_line' id='line_1_8' title="bbox 171 1135 820 1228; baseline 0 -21"><span class='ocrx_word' id='word_1_57' title='bbox 171 1142 230 1226; x_wconf 76' lang='grc' dir='ltr'><strong><em>ἐμὲ</em></strong></span> <span class='ocrx_word' id='word_1_58' title='bbox 243 1144 395 1225; x_wconf 86' lang='grc' dir='ltr'><strong><em>γίγνεταί</em></strong></span> <span class='ocrx_word' id='word_1_59' title='bbox 414 1161 445 1203; x_wconf 88' lang='grc' dir='ltr'><strong><em>τι</em></strong></span> <span class='ocrx_word' id='word_1_60' title='bbox 462 1136 531 1203; x_wconf 78' lang='grc' dir='ltr'><strong><em>τῶν</em></strong></span> <span class='ocrx_word' id='word_1_61' title='bbox 548 1135 697 1205; x_wconf 89' lang='grc' dir='ltr'><strong><em>δεόντων</em></strong></span> <span class='ocrx_word' id='word_1_62' title='bbox 712 1135 820 1228; x_wconf 83' lang='grc' dir='ltr'><strong><em>αότςό.</em></strong></span> 
     </span>
    </p>

    <p class='ocr_par' dir='ltr' id='par_1_3' title="bbox 114 1231 1156 2116">
     <span class='ocr_line' id='line_1_9' title="bbox 114 1231 1156 1324; baseline -0.006 -18"><span class='ocrx_word' id='word_1_63' title='bbox 114 1254 149 1306; x_wconf 74' lang='grc' dir='ltr'><strong><em>Ιθ</em></strong></span> <span class='ocrx_word' id='word_1_64' title='bbox 255 1234 322 1324; x_wconf 80' lang='grc' dir='ltr'><strong><em>(ς’.)</em></strong></span> <span class='ocrx_word' id='word_1_65' title='bbox 339 1237 399 1302; x_wconf 77' lang='grc' dir='ltr'><strong><em>Καὶ</em></strong></span> <span class='ocrx_word' id='word_1_66' title='bbox 406 1234 451 1321; x_wconf 79' lang='grc' dir='ltr'><strong><em>μη</em></strong></span> <span class='ocrx_word' id='word_1_67' title='bbox 459 1234 648 1322; x_wconf 78' lang='grc' dir='ltr'><strong><em>θαυμάσῃς,</em></strong></span> <span class='ocrx_word' id='word_1_68' title='bbox 658 1240 688 1302; x_wconf 87' lang='grc' dir='ltr'><strong><em>εί</em></strong></span> <span class='ocrx_word' id='word_1_69' title='bbox 697 1236 749 1302; x_wconf 79' lang='grc' dir='ltr'><strong><em>σοὶ</em></strong></span> <span class='ocrx_word' id='word_1_70' title='bbox 757 1236 819 1319; x_wconf 81' lang='grc' dir='ltr'><strong><em>μὲν</em></strong></span> <span class='ocrx_word' id='word_1_71' title='bbox 828 1231 935 1314; x_wconf 79' lang='grc' dir='ltr'><strong><em>οὕτως</em></strong></span> <span class='ocrx_word' id='word_1_72' title='bbox 946 1234 1125 1303; x_wconf 76' lang='grc' dir='ltr'><em>ἐπιστέλλω</em></span> <span class='ocrx_word' id='word_1_73' title='bbox 1140 1231 1156 1284; x_wconf 71' lang='lat'><strong><em>¹¹</em></strong></span> 
     </span>
     <span class='ocr_line' id='line_1_10' title="bbox 168 1330 1124 1422; baseline -0.003 -18"><span class='ocrx_word' id='word_1_74' title='bbox 168 1335 366 1420; x_wconf 73' lang='grc' dir='ltr'><strong><em>προθύμως,</em></strong></span> <span class='ocrx_word' id='word_1_75' title='bbox 380 1333 554 1419; x_wconf 79' lang='grc' dir='ltr'><strong><em>Κλεάρχου</em></strong></span> <span class='ocrx_word' id='word_1_76' title='bbox 565 1332 600 1412; x_wconf 78' lang='grc' dir='ltr'><strong><em>δὲ</em></strong></span> <span class='ocrx_word' id='word_1_77' title='bbox 611 1333 716 1420; x_wconf 73' lang='grc' dir='ltr'><strong><em>μηδὲν</em></strong></span> <span class='ocrx_word' id='word_1_78' title='bbox 728 1330 857 1401; x_wconf 76' lang='grc' dir='ltr'><strong><em>πώποτ’</em></strong></span> <span class='ocrx_word' id='word_1_79' title='bbox 869 1335 1025 1422; x_wconf 78' lang='grc' dir='ltr'><strong><em>ἐδεήθην.</em></strong></span> <span class='ocrx_word' id='word_1_80' title='bbox 1050 1356 1124 1420; x_wconf 89' lang='grc' dir='ltr'><strong><em>σχε-</em></strong></span> 
     </span>
     <span class='ocr_line' id='line_1_11' title="bbox 169 1428 1124 1520; baseline -0.001 -19"><span class='ocrx_word' id='word_1_81' title='bbox 169 1431 309 1520; x_wconf 86' lang='grc' dir='ltr'><strong><em>δόνγάρ</em></strong></span> <span class='ocrx_word' id='word_1_82' title='bbox 321 1430 465 1511; x_wconf 78' lang='grc' dir='ltr'><strong><em>ἅπαντες</em></strong></span> <span class='ocrx_word' id='word_1_83' title='bbox 476 1437 509 1500; x_wconf 88' lang='grc' dir='ltr'><strong><em>οί</em></strong></span> <span class='ocrx_word' id='word_1_84' title='bbox 518 1428 597 1519; x_wconf 88' lang='grc' dir='ltr'><strong><em>παρ’</em></strong></span> <span class='ocrx_word' id='word_1_85' title='bbox 607 1429 704 1519; x_wconf 81' lang='grc' dir='ltr'><strong><em>ὑμῶν</em></strong></span> <span class='ocrx_word' id='word_1_86' title='bbox 715 1435 955 1512; x_wconf 84' lang='grc' dir='ltr'><strong><em>καταπλέοντες</em></strong></span> <span class='ocrx_word' id='word_1_87' title='bbox 966 1433 1003 1500; x_wconf 72' lang='grc' dir='ltr'><strong><em>σὲ</em></strong></span> <span class='ocrx_word' id='word_1_88' title='bbox 1014 1433 1076 1518; x_wconf 72' lang='grc' dir='ltr'><strong><em>μὲν</em></strong></span> <span class='ocrx_word' id='word_1_89' title='bbox 1087 1431 1124 1500; x_wconf 84' lang='grc' dir='ltr'><strong><em>ὅ·</em></strong></span> 
     </span>
     <span class='ocr_line' id='line_1_12' title="bbox 170 1528 1125 1619; baseline 0 -21"><span class='ocrx_word' id='word_1_90' title='bbox 170 1530 273 1617; x_wconf 92' lang='grc' dir='ltr'><strong><em>μοιόν</em></strong></span> <span class='ocrx_word' id='word_1_91' title='bbox 287 1551 392 1617; x_wconf 91' lang='grc' dir='ltr'><strong><em>φασιν</em></strong></span> <span class='ocrx_word' id='word_1_92' title='bbox 403 1528 488 1599; x_wconf 77' lang='grc' dir='ltr'><strong><em>εἶναι</em></strong></span> <span class='ocrx_word' id='word_1_93' title='bbox 502 1544 570 1608; x_wconf 76' lang='grc' dir='ltr'><strong><em>τοῖς</em></strong></span> <span class='ocrx_word' id='word_1_94' title='bbox 583 1538 763 1619; x_wconf 83' lang='grc' dir='ltr'><strong><em>βελτίστοις</em></strong></span> <span class='ocrx_word' id='word_1_95' title='bbox 778 1537 846 1599; x_wconf 79' lang='grc' dir='ltr'><strong><em>τῶν</em></strong></span> <span class='ocrx_word' id='word_1_96' title='bbox 860 1531 932 1618; x_wconf 79' lang='grc' dir='ltr'><strong><em>ἐμοὶ</em></strong></span> <span class='ocrx_word' id='word_1_97' title='bbox 943 1539 1125 1618; x_wconf 87' lang='grc' dir='ltr'><strong><em>πεπλησια-</em></strong></span> 
     </span>
     <span class='ocr_line' id='line_1_13' title="bbox 169 1623 1123 1718; baseline 0 -20"><span class='ocrx_word' id='word_1_98' title='bbox 169 1631 292 1716; x_wconf 87' lang='grc' dir='ltr'><strong><em>κότιιυ,</em></strong></span> <span class='ocrx_word' id='word_1_99' title='bbox 305 1633 479 1715; x_wconf 83' lang='grc' dir='ltr'><strong><em>Κλέαρχον</em></strong></span> <span class='ocrx_word' id='word_1_100' title='bbox 489 1631 526 1696; x_wconf 74' lang='grc' dir='ltr'><strong><em>δὲ</em></strong></span> <span class='ocrx_word' id='word_1_101' title='bbox 541 1625 623 1697; x_wconf 80' lang='grc' dir='ltr'><strong><em>κατὰ</em></strong></span> <span class='ocrx_word' id='word_1_102' title='bbox 638 1629 701 1716; x_wconf 76' lang='grc' dir='ltr'><strong><em>μέν</em></strong></span> <span class='ocrx_word' id='word_1_103' title='bbox 712 1633 841 1700; x_wconf 73' lang='grc' dir='ltr'><strong><em>ἐκείνου</em></strong></span> <span class='ocrx_word' id='word_1_104' title='bbox 855 1629 915 1699; x_wconf 87' lang='grc' dir='ltr'><strong><em>τόν</em></strong></span> <span class='ocrx_word' id='word_1_105' title='bbox 929 1633 1063 1718; x_wconf 89' lang='grc' dir='ltr'><strong><em>χρόνον,</em></strong></span> <span class='ocrx_word' id='word_1_106' title='bbox 1076 1623 1123 1698; x_wconf 78' lang='grc' dir='ltr'><strong><em>ὅτ’</em></strong></span> 
     </span>
     <span class='ocr_line' id='line_1_14' title="bbox 170 1722 1125 1818; baseline 0.002 -23"><span class='ocrx_word' id='word_1_107' title='bbox 170 1722 217 1815; x_wconf 83' lang='grc' dir='ltr'><strong><em>ἦν</em></strong></span> <span class='ocrx_word' id='word_1_108' title='bbox 232 1725 312 1811; x_wconf 89' lang='grc' dir='ltr'><strong><em>παρ’</em></strong></span> <span class='ocrx_word' id='word_1_109' title='bbox 330 1725 425 1814; x_wconf 82' lang='grc' dir='ltr'><strong><em>ἡμῖν,</em></strong></span> <span class='ocrx_word' id='word_1_110' title='bbox 443 1725 656 1814; x_wconf 81' lang='grc' dir='ltr'><strong><em>ὡμολόγουν,</em></strong></span> <span class='ocrx_word' id='word_1_111' title='bbox 672 1727 747 1798; x_wconf 84' lang='grc' dir='ltr'><strong><em>ὅσοι</em></strong></span> <span class='ocrx_word' id='word_1_112' title='bbox 759 1755 821 1814; x_wconf 88' lang='grc' dir='ltr'><strong><em>περ</em></strong></span> <span class='ocrx_word' id='word_1_113' title='bbox 837 1734 1008 1818; x_wconf 82' lang='grc' dir='ltr'><strong><em>ἐνέτυχον,</em></strong></span> <span class='ocrx_word' id='word_1_114' title='bbox 1032 1735 1125 1799; x_wconf 87' lang='grc' dir='ltr'><strong><em>έλευ-</em></strong></span> 
     </span>
     <span class='ocr_line' id='line_1_15' title="bbox 170 1824 1127 1915; baseline 0 -18"><span class='ocrx_word' id='word_1_115' title='bbox 170 1828 381 1914; x_wconf 81' lang='grc' dir='ltr'><strong><em>θεριάτατον</em></strong></span> <span class='ocrx_word' id='word_1_116' title='bbox 396 1824 480 1895; x_wconf 77' lang='grc' dir='ltr'><strong><em>εἶναι</em></strong></span> <span class='ocrx_word' id='word_1_117' title='bbox 495 1830 550 1896; x_wconf 81' lang='grc' dir='ltr'><strong><em>καὶ</em></strong></span> <span class='ocrx_word' id='word_1_118' title='bbox 565 1827 755 1913; x_wconf 91' lang='grc' dir='ltr'><strong><em>πραότατσν</em></strong></span> <span class='ocrx_word' id='word_1_119' title='bbox 771 1831 825 1898; x_wconf 81' lang='grc' dir='ltr'><strong><em>καί</em></strong></span> <span class='ocrx_word' id='word_1_120' title='bbox 842 1831 1127 1915; x_wconf 87' lang='grc' dir='ltr'><strong><em>φιλανθρωπότα-</em></strong></span> 
     </span>
     <span class='ocr_line' id='line_1_16' title="bbox 170 1927 1151 2018; baseline -0.001 -21"><span class='ocrx_word' id='word_1_121' title='bbox 170 1935 310 1997; x_wconf 77' lang='grc' dir='ltr'><strong><em>τουτων</em></strong></span> <span class='ocrx_word' id='word_1_122' title='bbox 320 1928 525 2013; x_wconf 83' lang='grc' dir='ltr'><strong><em>μετεχόντων</em></strong></span> <span class='ocrx_word' id='word_1_123' title='bbox 537 1935 595 2015; x_wconf 84' lang='grc' dir='ltr'><strong><em>της</em></strong></span> <span class='ocrx_word' id='word_1_124' title='bbox 604 1933 788 2017; x_wconf 79' lang='grc' dir='ltr'><strong><em>διατριβῆς·</em></strong></span> <span class='ocrx_word' id='word_1_125' title='bbox 811 1929 924 2018; x_wconf 76' lang='grc' dir='ltr'><strong><em>ἐπειδὴ</em></strong></span> <span class='ocrx_word' id='word_1_126' title='bbox 940 1927 1048 2016; x_wconf 78' lang='grc' dir='ltr'><strong><em>δὲτὴν</em></strong></span> <span class='ocrx_word' id='word_1_127' title='bbox 1064 1930 1125 1997; x_wconf 83' lang='grc' dir='ltr'><strong><em>δυ’-</em></strong></span> <span class='ocrx_word' id='word_1_128' title='bbox 1137 1949 1151 1982; x_wconf 65' lang='lat'><strong><em>&lt;⁴</em></strong></span> 
     </span>
     <span class='ocr_line' id='line_1_17' title="bbox 169 2027 1128 2116; baseline -0.003 -19"><span class='ocrx_word' id='word_1_129' title='bbox 169 2055 275 2115; x_wconf 92' lang='grc' dir='ltr'><strong><em>ναμιν</em></strong></span> <span class='ocrx_word' id='word_1_130' title='bbox 291 2033 405 2115; x_wconf 76' lang='grc' dir='ltr'><strong><em>ἔλαβε,</em></strong></span> <span class='ocrx_word' id='word_1_131' title='bbox 421 2035 582 2097; x_wconf 85' lang='grc' dir='ltr'><strong><em>τοσοῦτον</em></strong></span> <span class='ocrx_word' id='word_1_132' title='bbox 596 2033 687 2109; x_wconf 80' lang='grc' dir='ltr'><strong><em>ἔδοξε</em></strong></span> <span class='ocrx_word' id='word_1_133' title='bbox 698 2043 895 2116; x_wconf 84' lang='grc' dir='ltr'><strong><em>μεταπεσεῖν</em></strong></span> <span class='ocrx_word' id='word_1_134' title='bbox 907 2027 990 2096; x_wconf 73' lang='grc' dir='ltr'><strong><em>ὥστε</em></strong></span> <span class='ocrx_word' id='word_1_135' title='bbox 1002 2030 1128 2107; x_wconf 86' lang='grc' dir='ltr'><strong><em>πάντας</em></strong></span> 
     </span>
    </p>

    <p class='ocr_par' dir='ltr' id='par_1_4' title="bbox 117 2125 1193 3009">
     <span class='ocr_line' id='line_1_18' title="bbox 117 2125 1128 2215; baseline -0.003 -18"><span class='ocrx_word' id='word_1_136' title='bbox 117 2151 150 2203; x_wconf 81' lang='lat'><strong><em>13</em></strong></span> <span class='ocrx_word' id='word_1_137' title='bbox 168 2129 359 2215; x_wconf 77' lang='grc' dir='ltr'><strong><em>θαυμάζειν</em></strong></span> <span class='ocrx_word' id='word_1_138' title='bbox 373 2128 450 2207; x_wconf 86' lang='grc' dir='ltr'><strong><em>τούς</em></strong></span> <span class='ocrx_word' id='word_1_139' title='bbox 464 2129 629 2214; x_wconf 89' lang='grc' dir='ltr'><strong><em>πρότερον</em></strong></span> <span class='ocrx_word' id='word_1_140' title='bbox 644 2125 750 2197; x_wconf 81' lang='grc' dir='ltr'><strong><em>αὐτόν</em></strong></span> <span class='ocrx_word' id='word_1_141' title='bbox 765 2128 1021 2214; x_wconf 76' lang='grc' dir='ltr'><strong><em>γιγνώσκοντας.</em></strong></span> <span class='ocrx_word' id='word_1_142' title='bbox 1046 2129 1128 2209; x_wconf 84' lang='grc' dir='ltr'><strong><em>πρὸς</em></strong></span> 
     </span>
     <span class='ocr_line' id='line_1_19' title="bbox 168 2219 1126 2314; baseline 0 -20"><span class='ocrx_word' id='word_1_143' title='bbox 168 2228 234 2313; x_wconf 73' lang='grc' dir='ltr'><strong><em>μὲν</em></strong></span> <span class='ocrx_word' id='word_1_144' title='bbox 240 2219 306 2293; x_wconf 80' lang='grc' dir='ltr'><strong><em>οὖν</em></strong></span> <span class='ocrx_word' id='word_1_145' title='bbox 312 2229 442 2295; x_wconf 81' lang='grc' dir='ltr'><strong><em>ἐκεῖνον</em></strong></span> <span class='ocrx_word' id='word_1_146' title='bbox 453 2226 507 2295; x_wconf 88' lang='grc' dir='ltr'><strong><em>διά</em></strong></span> <span class='ocrx_word' id='word_1_147' title='bbox 515 2228 636 2307; x_wconf 86' lang='grc' dir='ltr'><strong><em>ταύτας</em></strong></span> <span class='ocrx_word' id='word_1_148' title='bbox 647 2225 705 2305; x_wconf 83' lang='grc' dir='ltr'><strong><em>τάς</em></strong></span> <span class='ocrx_word' id='word_1_149' title='bbox 714 2233 820 2306; x_wconf 86' lang='grc' dir='ltr'><strong><em>αίτίας</em></strong></span> <span class='ocrx_word' id='word_1_150' title='bbox 829 2225 1126 2314; x_wconf 82' lang='grc' dir='ltr'><strong><em>άπηλλοτριάθην·</em></strong></span> 
     </span>
     <span class='ocr_line' id='line_1_20' title="bbox 170 2320 1126 2412; baseline 0 -20"><span class='ocrx_word' id='word_1_151' title='bbox 170 2326 208 2394; x_wconf 74' lang='grc' dir='ltr'><strong><em>σὲ</em></strong></span> <span class='ocrx_word' id='word_1_152' title='bbox 224 2322 256 2392; x_wconf 84' lang='grc' dir='ltr'><strong><em>δ’</em></strong></span> <span class='ocrx_word' id='word_1_153' title='bbox 278 2322 480 2412; x_wconf 81' lang='grc' dir='ltr'><strong><em>ἀποδέχομαι</em></strong></span> <span class='ocrx_word' id='word_1_154' title='bbox 497 2326 552 2394; x_wconf 82' lang='grc' dir='ltr'><strong><em>καὶ</em></strong></span> <span class='ocrx_word' id='word_1_155' title='bbox 569 2323 634 2410; x_wconf 84' lang='grc' dir='ltr'><strong><em>πρό</em></strong></span> <span class='ocrx_word' id='word_1_156' title='bbox 650 2332 777 2395; x_wconf 87' lang='grc' dir='ltr'><strong><em>πολλοῦ</em></strong></span> <span class='ocrx_word' id='word_1_157' title='bbox 798 2330 1000 2412; x_wconf 89' lang='grc' dir='ltr'><strong><em>ποιησαίμην</em></strong></span> <span class='ocrx_word' id='word_1_158' title='bbox 1016 2320 1060 2394; x_wconf 81' lang='grc' dir='ltr'><strong><em>άν</em></strong></span> <span class='ocrx_word' id='word_1_159' title='bbox 1076 2330 1126 2392; x_wconf 88' lang='grc' dir='ltr'><strong><em>σί-</em></strong></span> 
     </span>
     <span class='ocr_line' id='line_1_21' title="bbox 170 2422 1126 2512; baseline -0.002 -18"><span class='ocrx_word' id='word_1_160' title='bbox 170 2432 270 2504; x_wconf 88' lang='grc' dir='ltr'><strong><em>κείως</em></strong></span> <span class='ocrx_word' id='word_1_161' title='bbox 280 2428 476 2511; x_wconf 77' lang='grc' dir='ltr'><strong><em>διατεθῆναι</em></strong></span> <span class='ocrx_word' id='word_1_162' title='bbox 489 2423 574 2511; x_wconf 88' lang='grc' dir='ltr'><strong><em>πρός</em></strong></span> <span class='ocrx_word' id='word_1_163' title='bbox 589 2423 684 2512; x_wconf 81' lang='grc' dir='ltr'><strong><em>ἡμᾶς.</em></strong></span> <span class='ocrx_word' id='word_1_164' title='bbox 714 2425 874 2512; x_wconf 76' lang='grc' dir='ltr'><strong><em>δηλώσεις</em></strong></span> <span class='ocrx_word' id='word_1_165' title='bbox 890 2423 926 2496; x_wconf 74' lang='grc' dir='ltr'><strong><em>δὲ</em></strong></span> <span class='ocrx_word' id='word_1_166' title='bbox 943 2427 998 2492; x_wconf 82' lang='grc' dir='ltr'><strong><em>καὶ</em></strong></span> <span class='ocrx_word' id='word_1_167' title='bbox 1012 2422 1056 2492; x_wconf 81' lang='grc' dir='ltr'><strong><em>σύ</em></strong></span> <span class='ocrx_word' id='word_1_168' title='bbox 1072 2422 1126 2492; x_wconf 87' lang='grc' dir='ltr'><strong><em>διά</em></strong></span> 
     </span>
     <span class='ocr_line' id='line_1_22' title="bbox 170 2520 1193 2613; baseline -0.004 -20"><span class='ocrx_word' id='word_1_169' title='bbox 170 2527 314 2613; x_wconf 82' lang='grc' dir='ltr'><strong><em>ταχέων,</em></strong></span> <span class='ocrx_word' id='word_1_170' title='bbox 333 2531 363 2594; x_wconf 91' lang='grc' dir='ltr'><strong><em>εί</em></strong></span> <span class='ocrx_word' id='word_1_171' title='bbox 377 2524 440 2613; x_wconf 79' lang='grc' dir='ltr'><strong><em>τὴν</em></strong></span> <span class='ocrx_word' id='word_1_172' title='bbox 453 2523 563 2612; x_wconf 79' lang='grc' dir='ltr'><strong><em>αὐτὴν</em></strong></span> <span class='ocrx_word' id='word_1_173' title='bbox 576 2526 716 2612; x_wconf 77' lang='grc' dir='ltr'><strong><em>γνώμην</em></strong></span> <span class='ocrx_word' id='word_1_174' title='bbox 737 2531 819 2611; x_wconf 75' lang='grc' dir='ltr'><strong><em>ἔχεις</em></strong></span> <span class='ocrx_word' id='word_1_175' title='bbox 833 2520 928 2610; x_wconf 68' lang='grc' dir='ltr'><strong><em>ἡμῖν·</em></strong></span> <span class='ocrx_word' id='word_1_176' title='bbox 951 2521 1129 2608; x_wconf 82' lang='grc' dir='ltr'><strong><em>Αὐτοκρά-</em></strong></span> <span class='ocrx_word' id='word_1_177' title='bbox 1145 2523 1193 2574; x_wconf 69' lang='lat'><strong><em>42⁴¹</em></strong></span> 
     </span>
     <span class='ocr_line' id='line_1_23' title="bbox 171 2619 1128 2711; baseline 0 -21"><span class='ocrx_word' id='word_1_178' title='bbox 171 2624 270 2708; x_wconf 89' lang='grc' dir='ltr'><strong><em>τορός</em></strong></span> <span class='ocrx_word' id='word_1_179' title='bbox 294 2649 330 2690; x_wconf 92' lang='grc' dir='ltr'><strong><em>τε</em></strong></span> <span class='ocrx_word' id='word_1_180' title='bbox 349 2621 415 2710; x_wconf 85' lang='grc' dir='ltr'><strong><em>γάρ</em></strong></span> <span class='ocrx_word' id='word_1_181' title='bbox 442 2626 631 2710; x_wconf 80' lang='grc' dir='ltr'><strong><em>ἑπιμελήσει</em></strong></span> <span class='ocrx_word' id='word_1_182' title='bbox 651 2626 706 2692; x_wconf 80' lang='grc' dir='ltr'><strong><em>καὶ</em></strong></span> <span class='ocrx_word' id='word_1_183' title='bbox 726 2626 865 2711; x_wconf 82' lang='grc' dir='ltr'><strong><em>πέμψεις</em></strong></span> <span class='ocrx_word' id='word_1_184' title='bbox 886 2621 1063 2708; x_wconf 79' lang='grc' dir='ltr'><strong><em>ἐπιστολὴν</em></strong></span> <span class='ocrx_word' id='word_1_185' title='bbox 1084 2619 1128 2701; x_wconf 82' lang='grc' dir='ltr'><strong><em>ός</em></strong></span> 
     </span>
     <span class='ocr_line' id='line_1_24' title="bbox 169 2715 1127 2811; baseline 0.002 -23"><span class='ocrx_word' id='word_1_186' title='bbox 169 2719 276 2809; x_wconf 84' lang='grc' dir='ltr'><strong><em>ἡμᾶς,</em></strong></span> <span class='ocrx_word' id='word_1_187' title='bbox 292 2720 540 2811; x_wconf 78' lang='grc' dir='ltr'><strong><em>ἀνανεούμενος</em></strong></span> <span class='ocrx_word' id='word_1_188' title='bbox 555 2723 618 2810; x_wconf 81' lang='grc' dir='ltr'><strong><em>τὴν</em></strong></span> <span class='ocrx_word' id='word_1_189' title='bbox 633 2731 750 2810; x_wconf 90' lang='grc' dir='ltr'><strong><em>φιλίαν</em></strong></span> <span class='ocrx_word' id='word_1_190' title='bbox 764 2715 819 2792; x_wconf 79' lang='grc' dir='ltr'><strong><em>καί</em></strong></span> <span class='ocrx_word' id='word_1_191' title='bbox 834 2726 945 2804; x_wconf 77' lang='grc' dir='ltr'><strong><em>ξενίαν</em></strong></span> <span class='ocrx_word' id='word_1_192' title='bbox 959 2721 1022 2809; x_wconf 79' lang='grc' dir='ltr'><strong><em>τὴν</em></strong></span> <span class='ocrx_word' id='word_1_193' title='bbox 1042 2722 1127 2808; x_wconf 85' lang='grc' dir='ltr'><strong><em>πρό-</em></strong></span> 
     </span>
     <span class='ocr_line' id='line_1_25' title="bbox 171 2818 1125 2912; baseline 0 -23"><span class='ocrx_word' id='word_1_194' title='bbox 171 2846 272 2906; x_wconf 89' lang='grc' dir='ltr'><strong><em>τερον</em></strong></span> <span class='ocrx_word' id='word_1_195' title='bbox 292 2818 520 2908; x_wconf 82' lang='grc' dir='ltr'><strong><em>ὑπάρχουσαν.</em></strong></span> <span class='ocrx_word' id='word_1_196' title='bbox 556 2830 702 2909; x_wconf 80' lang='grc' dir='ltr'><strong><em>ἔρρωσο,</em></strong></span> <span class='ocrx_word' id='word_1_197' title='bbox 724 2821 789 2891; x_wconf 88' lang='grc' dir='ltr'><strong><em>κάν</em></strong></span> <span class='ocrx_word' id='word_1_198' title='bbox 809 2849 870 2890; x_wconf 90' lang='grc' dir='ltr'><strong><em>του</em></strong></span> <span class='ocrx_word' id='word_1_199' title='bbox 885 2825 943 2912; x_wconf 83' lang='grc' dir='ltr'><strong><em>δέη</em></strong></span> <span class='ocrx_word' id='word_1_200' title='bbox 963 2831 1031 2890; x_wconf 81' lang='grc' dir='ltr'><strong><em>τῶν</em></strong></span> <span class='ocrx_word' id='word_1_201' title='bbox 1045 2818 1125 2904; x_wconf 88' lang='grc' dir='ltr'><strong><em>παρ’</em></strong></span> 
     </span>
     <span class='ocr_line' id='line_1_26' title="bbox 172 2918 476 3009; baseline -0.01 -16"><span class='ocrx_word' id='word_1_202' title='bbox 172 2918 285 3009; x_wconf 76' lang='grc' dir='ltr'><strong><em>ἡμῖν,</em></strong></span> <span class='ocrx_word' id='word_1_203' title='bbox 302 2925 476 3008; x_wconf 74' lang='grc' dir='ltr'><strong><em>ἐπίστελλε.</em></strong></span> 
     </span>
    </p>
   </div>
   <div class='ocr_carea' id='block_1_3' title="bbox 284 3107 1020 3290">
    <p class='ocr_par' dir='ltr' id='par_1_5' title="bbox 284 3107 1020 3290">
     <span class='ocr_line' id='line_1_27' title="bbox 638 3107 664 3157; baseline -0.038 0"><span class='ocrx_word' id='word_1_204' title='bbox 638 3107 664 3157; x_wconf 85' lang='grc'><strong><em>8,</em></strong></span> 
     </span>
     <span class='ocr_line' id='line_1_28' title="bbox 284 3207 1020 3290; baseline 0.007 -23"><span class='ocrx_word' id='word_1_205' title='bbox 284 3209 395 3268; x_wconf 69' lang='lat' dir='ltr'><strong><em>roffi</em></strong></span> <span class='ocrx_word' id='word_1_206' title='bbox 417 3209 754 3270; x_wconf 73' lang='grc' dir='ltr'><em>ΜΥΤΙΛΗΝΛΙΩΝ</em></span> <span class='ocrx_word' id='word_1_207' title='bbox 775 3207 1020 3290; x_wconf 67' lang='grc' dir='ltr'><strong><em>ΑΡΧΟΤΣΙΝ,</em></strong></span> 
     </span>
    </p>
   </div>
   <div class='ocr_carea' id='block_1_4' title="bbox 182 3318 1153 3719">
    <p class='ocr_par' dir='ltr' id='par_1_6' title="bbox 182 3318 1153 3719">
     <span class='ocr_line' id='line_1_29' title="bbox 260 3318 1124 3410; baseline -0.001 -20"><span class='ocrx_word' id='word_1_208' title='bbox 260 3321 331 3410; x_wconf 86' lang='grc' dir='ltr'><strong>(α’.)</strong></span> <span class='ocrx_word' id='word_1_209' title='bbox 368 3322 422 3399; x_wconf 87' lang='grc' dir='ltr'><strong><em>Οί</em></strong></span> <span class='ocrx_word' id='word_1_210' title='bbox 442 3330 560 3403; x_wconf 79' lang='grc' dir='ltr'><strong><em>παῖδες</em></strong></span> <span class='ocrx_word' id='word_1_211' title='bbox 582 3327 618 3393; x_wconf 85' lang='grc' dir='ltr'><strong><em>οί</em></strong></span> <span class='ocrx_word' id='word_1_212' title='bbox 634 3320 824 3408; x_wconf 86' lang='grc' dir='ltr'><strong><em>Ἀφαρέως,</em></strong></span> <span class='ocrx_word' id='word_1_213' title='bbox 849 3318 956 3401; x_wconf 80' lang='grc' dir='ltr'><strong><em>όιδεῖς</em></strong></span> <span class='ocrx_word' id='word_1_214' title='bbox 980 3320 1012 3390; x_wconf 90' lang='grc' dir='ltr'><strong><em>δ’</em></strong></span> <span class='ocrx_word' id='word_1_215' title='bbox 1040 3323 1124 3409; x_wconf 79' lang='grc' dir='ltr'><strong><em>ἐμοὶ,</em></strong></span> 
     </span>
     <span class='ocr_line' id='line_1_30' title="bbox 182 3422 1153 3514; baseline -0.001 -19"><span class='ocrx_word' id='word_1_216' title='bbox 182 3426 423 3506; x_wconf 83' lang='grc' dir='ltr'><strong><em>παιδευθέντες</em></strong></span> <span class='ocrx_word' id='word_1_217' title='bbox 441 3423 502 3496; x_wconf 75' lang='grc' dir='ltr'><strong><em>ὑπ’</em></strong></span> <span class='ocrx_word' id='word_1_218' title='bbox 518 3424 698 3513; x_wconf 80' lang='grc' dir='ltr'><strong><em>Ἀγήνορος</em></strong></span> <span class='ocrx_word' id='word_1_219' title='bbox 717 3424 757 3491; x_wconf 85' lang='grc' dir='ltr'><strong><em>τά</em></strong></span> <span class='ocrx_word' id='word_1_220' title='bbox 776 3426 852 3510; x_wconf 81' lang='grc' dir='ltr'><strong><em>περὶ</em></strong></span> <span class='ocrx_word' id='word_1_221' title='bbox 871 3422 932 3512; x_wconf 75' lang='grc' dir='ltr'><strong><em>την</em></strong></span> <span class='ocrx_word' id='word_1_222' title='bbox 948 3427 1153 3514; x_wconf 72' lang='grc' dir='ltr'><strong><em>μουσικὴυ,ὶ)</em></strong></span> 
     </span>
     <span class='ocr_line' id='line_1_31' title="bbox 184 3523 1124 3616; baseline 0 -18"><span class='ocrx_word' id='word_1_223' title='bbox 184 3526 376 3613; x_wconf 73' lang='grc' dir='ltr'><strong><em>ἐδεήθησάν</em></strong></span> <span class='ocrx_word' id='word_1_224' title='bbox 392 3554 460 3616; x_wconf 87' lang='grc' dir='ltr'><strong><em>μου</em></strong></span> <span class='ocrx_word' id='word_1_225' title='bbox 478 3527 656 3614; x_wconf 90' lang='grc' dir='ltr'><strong><em>γράμματα</em></strong></span> <span class='ocrx_word' id='word_1_226' title='bbox 674 3528 801 3616; x_wconf 74' lang='grc' dir='ltr'><strong><em>πέμψαι</em></strong></span> <span class='ocrx_word' id='word_1_227' title='bbox 814 3528 899 3614; x_wconf 86' lang='grc' dir='ltr'><strong><em>πρὸς</em></strong></span> <span class='ocrx_word' id='word_1_228' title='bbox 917 3523 1017 3616; x_wconf 80' lang='grc' dir='ltr'><strong><em>ὑμᾶς,</em></strong></span> <span class='ocrx_word' id='word_1_229' title='bbox 1034 3527 1124 3609; x_wconf 82' lang='grc' dir='ltr'><strong><em>ὅπως</em></strong></span> 
     </span>
     <span class='ocr_line' id='line_1_32' title="bbox 183 3625 1122 3719; baseline 0.001 -21"><span class='ocrx_word' id='word_1_230' title='bbox 183 3625 241 3718; x_wconf 84' lang='grc' dir='ltr'><strong><em>άν,</em></strong></span> <span class='ocrx_word' id='word_1_231' title='bbox 262 3627 373 3715; x_wconf 81' lang='grc' dir='ltr'><strong><em>ἐπειδὴ</em></strong></span> <span class='ocrx_word' id='word_1_232' title='bbox 388 3630 444 3698; x_wconf 81' lang='grc' dir='ltr'><strong><em>καί</em></strong></span> <span class='ocrx_word' id='word_1_233' title='bbox 462 3629 661 3699; x_wconf 81' lang='grc' dir='ltr'><strong><em>τώυάλλων</em></strong></span> <span class='ocrx_word' id='word_1_234' title='bbox 679 3631 773 3710; x_wconf 86' lang='grc' dir='ltr'><strong><em>τινάς</em></strong></span> <span class='ocrx_word' id='word_1_235' title='bbox 790 3629 991 3718; x_wconf 85' lang='grc' dir='ltr'><strong><em>κατηγάγετε</em></strong></span> <span class='ocrx_word' id='word_1_236' title='bbox 1009 3630 1122 3719; x_wconf 92' lang='grc' dir='ltr'><strong><em>φυγά-</em></strong></span> 
     </span>
    </p>
   </div>
   <div class='ocr_carea' id='block_1_5' title="bbox 0 0 1450 4334">
    <p class='ocr_par' dir='ltr' id='par_1_7' title="bbox 0 0 1450 4334">
     <span class='ocr_line' id='line_1_33' title="bbox 0 0 1450 4334; baseline 0 0"><span class='ocrx_word' id='word_1_237' title='bbox 0 0 1450 4334; x_wconf 95' lang='lat' dir='ltr'><strong><em> </em></strong></span> 
     </span>
    </p>
   </div>
  </div>
 </body>
</html>
