2859 4334
304 417 365 479 114
585 414 978 496 ιεοκεκνουεμι)

302 592 502 682 εὐδαιμονίᾳ
524 589 585 658 τδν
601 596 679 678 βίον
695 587 902 677 διαγαγόντα
925 593 973 682 τῷ
990 614 1028 658 τε
1050 587 1140 676 γένει
1162 612 1271 657 κατα·

302 692 441 764 λιπόντα
458 690 518 772 τῶς
535 688 642 772 αότᾶς
659 689 773 779 τιμὰς,
791 687 897 778 ἅσπερ
915 686 1020 773 αότός
1037 687 1137 779 εἶχεν.

238 808 287 865 1ος
390 788 482 878 (μέ.)
503 788 588 872 Περὶ
608 792 727 856 τοίνυν
743 783 998 873 Ἡρακλέους,οί
1012 787 1075 876 μὲν
1092 785 1187 858 ἄλλοι
1202 787 1269 876 τὴν

302 884 447 974 ἀνδρίαν
467 884 655 974 ὑμνοῦντες
675 882 782 953 αὐτοῦ
802 887 859 955 καί
877 884 958 966 τοδς
971 885 1102 968 ἄθλους
1115 885 1271 974 ἀπαριθ-

303 993 446 1076 μοῶντες
467 989 673 1073 διατελοῦσι,
697 988 775 1072 περὶ
788 986 826 1054 δὲ
839 992 908 1053 τῶν
922 983 1036 1055 ἄλλων
1046 992 1115 1055 τῶν
1125 993 1166 1076 τῇ
1176 993 1271 1078 ψυχῇ

304 1085 503 1173 προσόντων
514 1080 657 1171 ἀγαθῶν
666 1079 778 1164 ου’δελς
787 1082 865 1152 οὔτε
873 1092 943 1153 τῶν
951 1091 1101 1173 ποιητῶν
1110 1083 1188 1154 οὔτε
1197 1091 1272 1154 τῶν

305 1192 496 1272 λογοποιῶν
512 1182 676 1271 οὐδεμίαν
693 1184 880 1271 φανήσεται
895 1191 1017 1272 μνείαν
1032 1189 1269 1272 πεποιημένος.

305 1282 370 1372 έγῶ
386 1281 419 1353 δ’
431 1280 503 1369 ὁρῶ
516 1282 580 1371 μέν
593 1283 700 1351 τόπον
714 1287 805 1352 ίδιον
819 1287 875 1353 καί
889 1284 1104 1353 παντάπασιν
1117 1282 1298 1370 όδιεξέμε

303 1379 440 1472 γαστον,
452 1381 495 1452 ου’
505 1379 629 1470 μικρόν
640 1379 720 1451 οὐδὲ
730 1379 843 1468 κενόν,
853 1379 936 1450 ἀλλὰ
949 1389 1086 1450 πολλῶν
1096 1382 1158 1469 μέν
1168 1384 1267 1450 ἐπαί-

303 1509 375 1552 νων
390 1483 446 1551 καί
461 1490 574 1551 καλῶν
594 1481 750 1568 πράξεων
764 1484 925 1569 γέμοντα,
950 1487 1128 1550 ποθοῦντα
1150 1482 1188 1549 δὲ
1203 1479 1267 1551 τόν

237 1603 288 1656 llo
303 1581 403 1665 όξίως
417 1579 462 1650 ἂν
476 1582 669 1669 δυνηθέντα
683 1585 902 1668 διαλεχθῆναι
916 1584 992 1668 περί
1003 1577 1132 1648 αότῶν·
1150 1577 1205 1666 ἐφ’
1223 1576 1268 1648 δν

304 1689 336 1752 εί
348 1683 411 1771 μέν
425 1681 588 1768 νεῶτερος
603 1676 652 1749 ῶν
666 1683 825 1766 ἐπέστην,
846 1682 969 1770 ῥηιδίως
982 1675 1027 1749 ῶν
1041 1681 1189 1761 ἐπέδειξα
1202 1676 1267 1748 τόν

305 1783 478 1869 πρόγονον
493 1779 592 1869 ὑμῶν
605 1784 661 1850 καλ
675 1787 716 1871 τῇ
730 1781 896 1868 φρονήσει
909 1782 965 1848 καὶ
974 1788 1016 1869 τῇ
1027 1785 1199 1869 φιλοτιμίη
1210 1783 1268 1847 καὶ

303 1890 344 1971 τῇ
362 1881 562 1972 δικαιοσύνη
578 1883 682 1949 πλέον
702 1879 920 1966 διενεγκόντα
936 1879 1075 1946 πόντων
1094 1884 1164 1947 τῶν
1180 1901 1268 1964 προ·

303 1982 538 2068 γεγενημένων
548 1975 570 2067 ἢ
582 1987 622 2070 τῇ
633 1979 729 2070 ροόμη
739 1986 780 2068 τῇ
790 1986 851 2049 τοῦ
863 1979 1031 2066 σώματος·
1047 1986 1114 2046 νῦν
1125 1975 1157 2045 δ’
1167 1980 1267 2045 έπελ-
1355 2025 1356 2064 3

303 2077 380 2149 θῶν
396 2076 450 2148 ἐπ’
466 2077 571 2148 αὐτόν
591 2079 648 2147 καὶ
668 2075 815 2147 κατιδῶν
829 2076 867 2147 τδ
882 2086 1013 2166 πλῆθος
1029 2083 1098 2146 τῶν
1113 2076 1296 2145 ένόντωνδ

303 2186 419 2266 εἰπεῖν,
435 2179 497 2267 τήν
511 2205 547 2246 τε
561 2179 711 2265 δύναμιν
721 2174 784 2264 τὴν
794 2177 972 2264 παροῦσάν
984 2201 1041 2260 μοι
1051 2174 1266 2261 κατεμεμψά-

302 2305 370 2366 μην
385 2280 442 2346 καδ
455 2274 515 2344 τόν
531 2275 635 2362 λόγον
649 2273 808 2365 ᾐσθόμην
822 2274 1001 2343 διπλάσιον
1016 2268 1061 2341 όν
1077 2273 1266 2360 γενόμενον

301 2385 363 2447 τοῦ
377 2385 444 2446 νῦν
455 2375 805 2464 ἀναγιγνωσκομένου.
827 2380 898 2442 τῶν
908 2374 972 2461 μέν
983 2366 1048 2440 οὖν
1058 2369 1172 2441 ἄλλων
1182 2370 1267 2442 ιἰπέ-

304 2497 386 2564 στην
401 2475 456 2544 διὰ
471 2474 531 2556 τοὶς
545 2481 651 2554 αἰτίας
664 2473 805 2560 ταύτας,
821 2481 902 2562 μίαν
915 2476 952 2541 δδ
965 2478 1088 2559 πρᾶξιν
1102 2474 1135 2553 ἐξ
1150 2469 1266 2540 αότῶν

303 2581 442 2662 ἔλαβον,
460 2572 546 2661 ἥπερ
563 2567 608 2661 ἦν
624 2572 843 2660 προσήκουσα
856 2573 920 2660 μέν
934 2574 990 2640 καὶ
1004 2575 1179 2657 πρέπουσα
1195 2583 1266 2649 τοις

304 2678 576 2762 προειρημένοις,
592 2671 654 2742 τόν
666 2672 702 2741 δέ
713 2670 834 2759 καιρόν
846 2676 968 2758 ἔχουσα
978 2668 1124 2756 μάλιστα
1137 2669 1267 2755 σύμμε-

302 2801 385 2861 τρον
397 2788 467 2853 τοῖς
480 2780 547 2841 νῦν
559 2775 762 2859 λεγομένοις.

239 2891 285 2941 111
387 2873 475 2960 (μζ.)
486 2871 629 2951 Ἐκεῖνος
643 2869 709 2959 γὰρ
721 2869 813 2955 δρῶν
823 2867 1031 2957 τὴνἙλλάδα
1042 2871 1198 2955 πολέμων
1208 2873 1265 2935 καλ
1274 2897 1294 2936 e

304 2972 456 3041 στάσεων
481 2976 537 3042 καί
561 2980 697 3041 πολλῶν
723 2969 836 3040 ἄλλων
860 2976 976 3038 κακῶν
999 2965 1125 3056 μεστὴν
1145 2959 1264 3054 οὖσαν,

303 3072 435 3151 παύσας
449 3078 553 3141 ταῦτα
568 3074 624 3141 καὶ
638 3071 816 3152 διαλλάξας
829 3069 888 3150 τὰς
902 3070 1015 3149 πόλεις
1025 3065 1110 3156 πρός
1121 3064 1266 3154 ἀλλήλας

303 3171 456 3251 ὑπέδειξε
475 3185 545 3250 τοίς
564 3172 847 3258 έπιγνγνομένοις,
870 3165 951 3257 μεθ’
967 3159 1017 3237 ὧν
1030 3165 1092 3257 χρη
1111 3170 1167 3237 καλ
1181 3165 1267 3255 πρὸς
1354 3257 1355 3262 ¹

303 3269 364 3351 οὓς
389 3275 443 3339 δεῖ
463 3267 544 3349 τοδς
568 3272 736 3357 πολέμους
758 3271 923 3356 ἐκφέρειν.
955 3266 1181 3354 ποιησόμενος
1200 3264 1266 3356 γδρ
1354 3309 1355 3324 ÷

303 3375 479 3457 στρατείαν
493 3372 547 3439 ἐπὶ
564 3375 701 3457 Τροίαν,
715 3367 803 3457 ἥπερ
819 3367 883 3454 εἶχε
895 3367 970 3437 τότε
983 3373 1143 3455 μεγίστην
1157 3367 1266 3436 δόνα-
1284 3390 1339 3444 1oe

303 3497 362 3557 μιν
375 3479 444 3538 τῶν
458 3471 534 3556 περὶ
547 3468 610 3558 τὴν
620 3468 745 3556 Ἀσίαν,
763 3475 926 3538 τοσοῦτον
940 3468 1097 3557 διήνεγκε
1109 3474 1150 3557 τῇ
1163 3488 1267 3552 στρα-

303 3575 400 3658 τηγίηι
421 3576 490 3638 τῶν
509 3566 595 3654 πρός
608 3567 672 3655 τὴν
690 3566 799 3654 αὐτὴν
812 3567 940 3654 ταύτην
959 3565 1104 3653 ὕστερον
1117 3573 1267 3653 πολεμη-

242 3687 287 3735 112
306 3669 451 3748 σάντων,
467 3667 550 3734 ὅσον
559 3669 665 3750 οἱμὲν
675 3666 757 3751 μετὰ
768 3675 826 3750 της
836 3664 1080 3751 τῶνἙλλήνων
1091 3665 1267 3748 δυνάμεως
