2859 4334
421 388 552 446 ηερε
574 363 937 451 παππιπκκοα.
1089 388 1153 453 κιο

205 570 293 631 ματα
305 554 426 632 είίηφα
440 542 622 631 διδάσκειν,
638 546 714 630 περὶ
728 535 834 631 οὗπερ
844 545 935 633 άμάς
949 551 1150 635 δεῖψηφίζε-

206 656 298 729 σθαι,
310 646 387 734 μηδ’
397 644 444 725 άς
455 642 657 725 αάτὸςδεινιὶ
666 644 1057 735 πέπονθενάποφαίνειν,
1071 648 1148 717 ἀλλ’

207 745 252 827 άς
270 746 336 831 ἐγώ
354 753 520 833 πεποίηκα
540 747 741 834 ἐξελέγχειν,
761 745 841 834 παρ’
863 741 968 834 οὗπερ
986 747 1075 831 άξιοῖ
1088 748 1209 818 τά-εῖε

78 906 80 933 :
157 868 192 917 41
206 846 381 917 κολωλάτα
404 854 608 935 κομίζεσθαι·
637 850 707 917 ἐπεί
732 855 846 929 κακῶς
866 847 900 935 γ’
920 850 1026 919 αὑτὸν
1042 851 1151 938 πράτ·

200 970 300 1012 ποντα
309 948 464 1024 ἐπιδεῖξαι
477 947 531 1012 καὶ
545 942 906 1028 πρὸςάίλονὸντινοῦν
913 945 1156 1034 ἀγωνιζόμενος

200 1050 269 1111 τῶν
278 1050 423 1111 πολιτῶν
431 1044 580 1111 δύναται.
596 1042 771 1130 καίτοιχρὴ
778 1048 863 1130 μέγα
873 1042 1042 1133 παρ’ὑμῖν
1049 1045 1156 1112 δύνα-

201 1152 283 1210 σθαι
291 1148 359 1209 τάν
370 1150 589 1229 κατηγοριῶν,
601 1140 662 1229 οὐχ
676 1140 728 1221 αἱς
737 1148 840 1224 ἔξεστι
845 1153 991 1232 χρῆσθαι
1003 1148 1058 1215 καί
1073 1142 1156 1229 πρὸς

200 1237 634 1328 τούςμηδὲνὴμαρτηκότας,
641 1236 710 1309 ἄλλ’
718 1238 825 1327 άςούχ
832 1238 905 1310 οἷον
913 1238 936 1311 τ’
946 1248 1049 1311 εἰπεῖν
1056 1238 1154 1328 ἀλλ’ἢ

200 1337 283 1407 κατά
294 1346 362 1406 τάν
372 1336 591 1424 ἠδικηκότων.
614 1336 698 1422 πρὸς
708 1341 771 1423 μὲν
782 1332 847 1406 οὖν
858 1341 998 1419 τούτους
1007 1338 1087 1419 τούς
1096 1342 1152 1408 λό-

200 1466 282 1526 γους
291 1441 345 1506 καὶ
356 1435 450 1505 ταῦτ’
461 1436 679 1520 ίσωςάρκέσει
687 1440 742 1505 καὶ
749 1435 820 1523 τάχ’
841 1436 1008 1507 ἀντειπεῖν
1020 1441 1153 1519 ἐξέσται.

149 1557 184 1606 εκ
284 1536 367 1625 (ιη’.)
389 1534 610 1624 Ἐνθυμεῖσθε
634 1542 686 1623 δῚ,
713 1544 744 1605 εί
763 1545 821 1607 καί
842 1566 888 1630 τφ
904 1541 989 1619 δόξω
1003 1542 1059 1619 δίς
1078 1540 1181 1622 περὶο

199 1645 268 1705 τῶν
283 1634 395 1703 αὐτῶν
414 1638 540 1722 λέγειν,
566 1636 617 1705 ὅτι
639 1639 755 1705 πολλοὶ
776 1640 976 1724 προσέχουσι
990 1640 1094 1728 ταύτῃ
1114 1646 1154 1727 τῇ

201 1743 277 1823 δίκη
287 1734 348 1805 τὸν
360 1742 456 1821 νοῦν,
472 1733 514 1803 οὐ
530 1745 596 1813 τῶν
612 1733 782 1821 ἡμετέρων
797 1736 1001 1822 πραγμάτων
1015 1744 1154 1822 φροντί-

201 1843 311 1917 ζοντες
328 1832 402 1903 ἀλλ’
419 1832 602 1922 ἡγούμενοι
615 1836 690 1921 περὶ
704 1843 773 1903 τῶν
787 1844 972 1922 συνθηκῶν
992 1835 1076 1905 εἶναι
1092 1833 1154 1923 τὴν

201 1942 321 2020 κρίσιν.
351 1931 412 2013 οὓς
432 1932 525 2020 ὑμεῖς
539 1932 579 2002 τά
595 1939 707 2003 δίκαια
722 1936 860 2022 γνόντες
875 1934 980 2015 άδεως
994 1943 1098 2006 οίκεῖν
1117 1941 1154 2005 ἑν

202 2043 242 2123 τῇ
262 2033 358 2102 πόλει
377 2037 549 2121 ποιήσετε·
577 2041 613 2103 εί
633 2036 669 2102 δὲ
689 2033 752 2121 μὴ,
777 2042 848 2113 πῶς
863 2045 977 2104 οἴεσθε
993 2040 1157 2104 διακείσε-

200 2143 283 2202 σθαι
299 2131 378 2211 τοὺς
391 2136 428 2201 ἐν
443 2132 534 2201 άστει
548 2142 741 2218 μείναντας,
755 2132 800 2220 ἢν
821 2130 941 2217 ὁμοίως
955 2133 1082 2202 άπασιν
1096 2132 1155 2220 ὄρ-

200 2233 368 2318 γιζόμενοι
394 2239 564 2319 φαίνησθε
593 2246 660 2309 τοῖς
679 2238 878 2317 μετασχοῦσι
894 2239 954 2316 της
974 2241 1156 2311 πολιτείαςι

150 2348 185 2399 ⁴3
200 2338 274 2399 τίνα
290 2332 326 2397 δὲ
337 2329 476 2415 γυιάμην
491 2332 577 2410 ἕξειν
589 2328 667 2408 τούς
679 2332 734 2397 καὶ
748 2328 871 2416 μικρὸν
886 2330 1063 2418 ἁμάρτημα
1075 2340 1179 2418 σφί-ι

201 2451 256 2497 σιν
268 2426 380 2506 αὐτοῖς
394 2430 600 2513 συνειδότας,
614 2428 697 2495 ὅταν
708 2424 811 2513 ὁρῶσι
823 2431 906 2515 μηδὲ
918 2427 997 2509 τοὺς
1011 2442 1154 2516 κοσμίως

200 2532 502 2613 πεπολιτευμένους
511 2535 579 2595 τῶν
590 2533 729 2597 δικαίων
738 2527 978 2614 τυγχάνουταςς
993 2531 1103 2615 πόσην
1117 2531 1153 2597 δὲ

199 2626 261 2714 χρὴ
281 2631 475 2710 προσδοκᾶν
489 2633 625 2695 ἔσεσθαι
643 2624 806 2713 ταραχὴν,
828 2624 911 2693 ὅταν
927 2632 961 2694 οί
973 2628 1035 2714 μὲν
1050 2631 1154 2712 έπαρ-

199 2734 287 2794 θαῑσι
304 2741 530 2810 συκοφαντεῖν
547 2724 591 2805 ὡς
608 2724 704 2811 ὑμῶν
719 2724 832 2804 αὐτοῖς
852 2725 915 2813 ἤδη
931 2725 1024 2795 ταῦτ’
1047 2730 1152 2814 ἐγνω-

200 2827 325 2909 κότων,
343 2830 376 2895 οἱ
389 2828 425 2894 δὲ
440 2831 571 2894 δεδίασι
587 2824 649 2912 τὴν
660 2833 837 2910 παροῦσαν
851 2833 1022 2894 πολιτείαν
1036 2824 1080 2905 ὡς
1091 2823 1152 2893 ού-

153 2947 184 2996 εε
199 2930 317 3012 δεμιάς
337 2922 450 3004 αὐτοῖς
472 2932 519 2993 ἔτι
540 2933 735 3011 καταφυγῆς
756 2921 989 3010 ὑπαρχούσης;
1011 2917 1066 3008 ἆρ’
1088 2922 1151 2991 οὐκ

198 3022 295 3103 άξιον
311 3032 507 3111 φοβεῖσθαι,
522 3022 566 3111 μὴ
585 3025 824 3109 συγχυθέντων
837 3030 906 3090 τῶν
922 3021 1034 3105 ὅρκων
1048 3024 1151 3090 πάλιν

199 3126 245 3199 είς
264 3122 371 3191 ταύτά
384 3132 614 3210 καταστῶμεν,
637 3125 669 3202 ἐξ
688 3114 800 3206 ὦνπερ
815 3118 1077 3208 ἠναγκάσθημεν
1093 3121 1177 3201 τάςο

198 3222 373 3307 συνθήκας
393 3223 615 3309 ποιήσασθαι;
637 3226 691 3290 καὶ
712 3219 780 3307 μὴν
794 3218 837 3288 οὐ
853 3225 905 3287 δεῖ
917 3218 951 3306 γ’
968 3218 1055 3305 ὑμεῖς
1069 3220 1149 3307 παρ’

199 3322 321 3404 ἑτέρων
327 3330 460 3406 μαθεῖν,
469 3320 550 3389 ὅσον
556 3324 644 3388 ἐστὶν
652 3318 793 3407 ὁμόνοια
799 3316 933 3405 άγαθὸν
946 3315 967 3405 ἢ
974 3322 1086 3398 στάσις
1095 3348 1148 3388 κα-

198 3418 276 3488 κόν·
294 3418 382 3488 οὕτω
393 3418 457 3506 γάρ
473 3418 672 3506 ἀμφοτέρων
686 3420 819 3505 σφόδρα
831 3427 1051 3503 πεπείρασθε,
1068 3418 1151 3487 άστε

198 3516 343 3596 καὶτοὺς
354 3515 577 3602 άλλουςὺμεῖς
588 3514 744 3604 ἄριστ’άν
758 3517 924 3596 διδάξαιτε
938 3518 1013 3598 περὶ
1027 3514 1148 3583 αὐτῶν.

147 3636 183 3689 46
284 3618 372 3700 (ιδ’.)
394 3612 456 3683 Ἰνα
479 3614 577 3703 δὲμὴ
600 3620 688 3684 δοκῶ
709 3614 764 3684 διά
782 3624 878 3682 τοῦτο
900 3624 1009 3681 ποῖον
1026 3614 1151 3699 χρόνον
