2859 4334
409 395 840 456 ΠΑΝΑΘΗΝΑΙΚΟΣ.
1058 394 1096 455 51

152 570 229 641 πρὶν
248 552 292 622 ἀν
307 553 410 640 μικρά
431 561 581 637 προείπω
603 557 677 637 περὶ
698 554 819 624 αὐτῶν.
845 554 888 644 ἢν
912 557 976 642 γάρ
991 554 1098 640 ὑπερ-

153 653 234 725 ιδῶυ
255 654 313 734 τὰς
337 658 537 742 ἐπιτιμήσεις
558 654 617 731 τάς
634 664 700 721 τῶν
723 653 824 725 οὐδὲν
845 655 925 727 ἀλλο
947 672 1056 726 ποιεῖν
1077 653 1097 743 ή

153 762 247 821 τοῦτο
260 758 457 840 δυναμένων
472 757 589 840 ἐφεξῆς
600 760 764 839 διηγῶμαι
777 763 855 836 περί
863 782 897 823 τε
909 764 976 823 τῶν
987 754 1098 827 ἀλλων

152 860 218 921 τῶν
230 857 474 939 πεπραγμένων
493 856 547 921 καὶ
565 860 633 920 τῶν
654 856 925 940 ἐπιτηδευμάτων
940 864 1008 924 τῶν
1023 858 1095 939 περὶ

152 950 211 1018 τὸν
225 951 389 1036 πόλεμον,
412 948 460 1030 οἷς
477 957 510 1020 οί
524 952 686 1037 πρόγονοι
704 952 869 1037 χρῶμενοι
885 961 952 1020 τῶν
966 981 1001 1022 τε
1013 961 1096 1041 βαρ-

151 1049 265 1136 βάρων
281 1055 512 1135 περιεγένοντο
533 1052 588 1117 καλ
608 1047 698 1132 παρὰ
721 1065 787 1127 τοῖς
796 1050 951 1137 Ἕλλησιν
968 1050 1098 1120 εὐδοκί-

151 1170 270 1234 μησαν,
286 1146 348 1215 οὐκ
364 1155 454 1217 ἔστιν
469 1148 559 1226 ὅπως
573 1146 614 1214 ού
629 1151 780 1233 φήσουσί
791 1152 877 1228 τινές
888 1177 927 1235 με
944 1154 1124 1231 διεξιέναιο

149 1246 372 1332 τούςνύμους,
394 1244 455 1325 οὕς
469 1255 666 1332 Λυκοῦργος
677 1248 739 1331 μέν
762 1254 865 1333 ’θηκε,
889 1256 1097 1330 Σπαρτιᾶται

150 1344 181 1414 δ’
195 1342 307 1423 αὐτοῖς
320 1347 484 1432 χρῶμενοι
499 1348 732 1431 τυγχάνουσιν.
755 1274 772 1409 δ

91 1476 131 1529 ήςς
231 1446 321 1532 (ξύ.)
340 1443 421 1531 Ἐγῶ
432 1444 464 1512 δ’
478 1444 631 1531 ὁμολογῶ
643 1447 704 1531 μὲν
724 1449 811 1528 ἐρεῖν
828 1447 935 1515 πολλὰ
947 1456 1014 1515 τῶν
1029 1452 1095 1517 ἐκεῖ

149 1546 380 1629 καθεστώτων,
397 1544 457 1631 οὐχ
474 1544 518 1624 ῶς
533 1547 737 1633 Λυκούργου
750 1574 780 1615 τι
793 1546 922 1614 τούτων
938 1545 1097 1629 εὑρόντος

148 1643 170 1733 ή
186 1648 434 1729 διανοηθέντος,
450 1642 524 1712 ἀλλ’
541 1643 584 1724 ῶς
607 1650 839 1732 μιμησαμένου
856 1644 917 1732 τήν
932 1652 1096 1735 διοίκησιν
1113 1663 1163 1717 26⁵

149 1743 193 1822 ῶς
204 1742 351 1811 δυνατὸν
362 1742 480 1824 ἀριστα
491 1741 552 1829 τήν
564 1751 630 1810 τῶν
643 1744 824 1829 προγόνων
834 1752 900 1811 τῶν
915 1743 1095 1831 ἡμετέρων,

147 1845 202 1911 καὶ
218 1843 279 1929 τήν
302 1869 336 1910 τε
353 1848 577 1927 δημοκρατίαν
601 1843 867 1929 καταστήσαντος
888 1842 967 1925 παρ’
985 1842 1097 1924 αὐτοῖς

147 1939 208 2028 τήν
220 1939 453 2029 ἀριστοκρατίᾳ
464 1949 681 2027 μεμιγμένην,
693 1940 779 2027 ἥπερ
792 1933 836 2027 ἦν
848 1940 925 2026 παρ’
939 1940 1029 2027 ἡμῖν,
1042 1946 1097 2009 καὶ

94 2059 130 2109 54
145 2037 206 2116 τάς
217 2036 320 2123 ἀρχάς
331 2036 372 2105 ού
389 2038 560 2124 κληρωτάς
575 2038 650 2107 ἀλλ’
668 2039 801 2122 αἱρετὰς
814 2044 1025 2127 ποιήσαντος,
1042 2044 1095 2109 καί

146 2137 208 2224 τήν
223 2146 291 2204 τῶν
303 2138 472 2223 γερόντων
489 2142 620 2220 αἵρεσιν
630 2147 698 2207 τῶν
710 2141 977 2209 ἐπιστατούντων
993 2141 1095 2209 ἀπασι

145 2252 215 2317 τοῖς
229 2237 399 2323 πράγμασι
414 2236 495 2323 μετά
512 2240 675 2324 τοσαύτης
690 2244 838 2325 σπουδῆς
853 2250 1021 2309 ποιεῖσθαι
1037 2267 1096 2306 νο-

144 2338 411 2423 μοθετήσαντος,
439 2335 518 2421 μεθ’
536 2336 615 2423 ὅσης
635 2341 696 2420 πέρ
718 2361 800 2422 φασι
817 2343 871 2407 καὶ
886 2337 965 2419 τούς
979 2338 1095 2427 ἡμετέ-

144 2460 229 2515 ρους
248 2437 323 2519 περλ
343 2442 411 2501 τῶν
431 2445 478 2513 τίς
491 2433 625 2517 ’Ἀρειον
642 2437 752 2521 πάγον
767 2436 998 2523 ἀναβήσεσθαι
1013 2446 1121 2522 ask-b

143 2535 291 2616 λόντωυ,
313 2539 360 2600 έτι
382 2537 417 2600 δὲ
441 2536 495 2601 καὶ
515 2535 577 2621 τήν
598 2535 745 2621 δύναμιν
765 2534 878 2615 αὐτοῖς
899 2540 1095 2622 περιθέντος

143 2630 208 2719 τήν
223 2629 340 2718 αὐτήν,
357 2630 463 2717 ἥνπερ
479 2632 551 2721 ᾔδει
574 2635 627 2701 καὶ
648 2632 708 2720 τήν
729 2632 858 2722 βουλήν
876 2642 1017 2720 ἔχουσαν
1033 2632 1093 2720 τήν

91 2758 126 2808 55
143 2728 226 2811 παρ’
252 2728 336 2815 ημῖν.
390 2732 475 2812 (ξδ.)
495 2731 564 2801 Ὅτι
585 2733 646 2818 μέν
669 2726 733 2799 ούν
755 2732 815 2798 τὸν
841 2732 946 2800 αὐτὸν
968 2732 1093 2817 τρόπον

143 2828 240 2897 τάκεῖ
251 2835 468 2916 καθέστηκεν,
486 2829 597 2916 ῶσπερ
609 2829 672 2915 εἶχε
686 2830 723 2898 τδ
734 2828 879 2899 παλαιὸν
889 2833 943 2900 καὶ
953 2828 993 2897 τά
1008 2828 1090 2915 παρ’

141 2926 235 3012 ἡμῖν,
252 2926 342 3010 παρά
357 2937 489 2996 πολλῶν
501 2936 592 2997 έσται
604 2937 776 2998 πυθέσθαι
792 2944 861 3008 τοῖς
876 2934 998 2998 εἰδέναι
1010 2938 1092 3017 βον-

142 3027 312 3111 λομένοις·
344 3024 387 3103 ῶς
401 3029 438 3094 δὲ
453 3029 507 3095 καὶ
526 3025 588 3113 τήν
604 3032 777 3113 ἐμπειρίαν
793 3026 855 3113 τήν
870 3032 943 3113 περὶ
957 3025 1018 3095 τόν
1031 3028 1091 3095 πύ-

140 3133 248 3207 λεμον
262 3121 303 3189 οὐ
321 3123 486 3210 πρότερον
497 3124 646 3211 ἤσκησαν
671 3124 746 3193 οὐδ’
763 3125 902 3211 ἀμεινον
913 3128 1092 3214 ἐχρήσαντο

139 3229 352 3304 Σπαρτιᾶται
373 3230 440 3290 τῶν
455 3221 640 3309 ἡμετέρων,
663 3228 699 3293 έκ
715 3233 783 3291 τῶν
799 3224 942 3311 ἀγῶνων
958 3228 1011 3294 καί
1025 3234 1119 3293 τῶνο
1138 3312 1141 3318 .

138 3324 300 3405 πολέμων
313 3328 381 3387 τῶν
392 3319 679 3409 ,ὁμολογουμένων
694 3328 853 3408 γενέσθαι
870 3321 946 3392 κατ’
964 3328 1092 3392 ἐκεῖνον

136 3417 202 3486 τὸν
216 3419 342 3503 χρόνον
359 3417 465 3498 οὕτως
480 3420 571 3506 οἶμαι
589 3428 705 3505 σαφῶς
720 3424 896 3501 ἐπιδείξειν
914 3422 997 3489 ῶστε
1011 3424 1092 3509 μήτε

134 3514 221 3594 τούς
249 3514 397 3603 ἀνοήτως
423 3527 662 3601 λακωνίζοντας
689 3518 858 3588 ἀντειπεῖν
887 3523 1091 3607 δυνήσεσθαι

133 3628 209 3693 τοῖς
223 3618 357 3701 ῥηθεῖσι
373 3618 454 3701 μήτε
469 3618 547 3696 τούς
561 3616 647 3702 τάμά
664 3644 698 3684 τε
714 3620 948 3704 θαυμάζοντας
959 3623 1012 3689 καὶ
1028 3628 1089 3707 βα-

912 3720 929 3768 4
941 3715 954 3747 2
