2859 4334
322 354 387 420 272
613 355 795 417 λΣΟΚΡΛ
805 355 861 414 TO
871 355 932 412 ΤΣ
948 356 995 428 (9)

321 525 432 606 φίλων
445 509 526 595 τούς
540 518 730 602 φεύγοντας
745 513 863 594 εἰςτὰς
877 514 992 591 πόλεις
1009 525 1214 599 καταγαγεῖν
1229 539 1276 580 και
1291 535 1319 584 εει

278 645 308 698 ιε
321 625 460 704 κυρίους
485 624 685 702 καταστῆσαι
718 622 785 681 τῶν
817 614 1029 701 πραγμάτων.
1079 616 1277 699 συνέβαινεν

322 708 385 784 ούν
409 719 445 786 ἐκ
466 719 529 802 μέν
550 721 608 802 τῆς
626 719 852 800 πραγματείας
874 719 932 800 τῆς
951 709 1035 794 ὑπέρ
1051 718 1121 778 τῶν
1142 713 1277 793 ἑταίρων

322 819 359 884 έν
373 828 487 895 κακοῖς
508 815 563 883 καὶ
583 812 758 891 κινδύνοις
775 810 860 880 εἶναι
873 810 952 890 τοῦς
965 809 1146 896 Ἕλληνας,
1172 807 1228 878 διά
1244 813 1274 875 δῖ-

323 913 385 1001 τίγν
399 911 546 999 ταραχὴν
557 910 619 998 τὴν
635 913 759 980 ἐνθάδε
769 914 974 999 γιγνομένην
986 909 1030 997 μή
1048 909 1173 997 σχολὴν
1187 907 1277 995 άγειν

322 1017 405 1102 μηδὲ
431 1013 601 1081 δύνασθαι
622 1021 781 1097 πολεμεῖν
804 1025 873 1090 τοῖς
897 1011 1090 1098 βαρβάροις.
1139 1007 1219 1075 ὥστ’
1246 1011 1278 1074 ἐκ

324 1121 390 1182 τῶν
415 1111 655 1199 ἀγνοηθέντων
680 1109 754 1180 κατ’
781 1113 910 1179 ἐκεῖνον
935 1108 996 1178 τὸν
1016 1108 1145 1195 χρόνον
1165 1109 1277 1194 ῥᾴδιον

324 1224 550 1301 καταμαθεῖν,
578 1210 629 1280 ὄτι
653 1208 802 1290 διττούς
822 1208 936 1294 ὀρθῶς
952 1211 1224 1296 βουλευομένους
1238 1204 1276 1292 μὴ

324 1313 491 1397 πρότερον
509 1317 663 1398 ἐκφέρειν
685 1308 771 1395 πρὸς
790 1311 927 1397 βασιλέα
945 1309 1112 1394 πόλεμον,
1134 1309 1216 1388 πρὶν
1240 1301 1277 1372 δι

326 1414 485 1501 διαλλάξῃ
498 1439 547 1490 τις
561 1408 811 1498 τοῦςἝλληνας
822 1413 876 1478 καὶ
894 1411 1008 1498 παύση
1022 1416 1080 1495 τῆς
1094 1417 1216 1494 μανίας
1230 1409 1277 1473 καί

328 1519 386 1598 τῆς
401 1516 593 1596 φιλονικίας
622 1510 714 1596 ἡμᾶς.
751 1512 826 1594 περὶ
841 1501 890 1576 ὦν
905 1506 969 1593 ἐγω
984 1508 1221 1592 καὶπρότερον
1236 1516 1273 1572 εῖ-

325 1637 411 1697 ρηκα
426 1612 480 1678 καί
495 1616 560 1676 νῦν
577 1609 758 1696 ποιήσομαι
773 1607 852 1688 τοῦς
867 1609 997 1694 λόγους.

281 1741 310 1792 {5
410 1710 478 1789 (ς’.)
492 1716 608 1777 Καίτοι
623 1709 710 1788 τινές
722 1715 790 1776 τῶν
801 1706 959 1795 οὐδεμιᾶς
970 1711 1032 1795 μέν
1044 1713 1197 1786 παιδείας
1207 1733 1276 1794 μει-
1344 1705 1345 1716 ²

327 1808 531 1894 εσχηκύτων,
550 1808 721 1877 δύνασθαι
737 1809 773 1876 δέ
791 1808 964 1877 παιδεύειν
978 1805 1057 1885 τοῦς
1077 1807 1202 1885 ἄλλους
1219 1803 1277 1873 ῦπ-

325 1907 571 1993 ισχνουμένων,
586 1909 641 1976 καί
663 1911 779 1995 ψέγειν
801 1910 863 1994 μὲν
885 1905 970 1994 τάμά
988 1907 1209 1994 τολμώντων,
1230 1933 1279 1993 μι-

327 2016 462 2093 μεῖσθαι
478 2005 514 2074 δὲ
528 2011 746 2094 γλιχομένων,
763 2004 835 2094 τάχ’
849 2003 892 2074 άν
903 2015 1027 2093 μανίαν
1042 2005 1129 2075 εἶναι
1141 2009 1279 2096 φήσειαν

326 2104 362 2172 τό
384 2107 497 2190 μέλειν
513 2107 583 2191 ἐμοὶ
601 2112 669 2173 τῶν
689 2114 747 2193 τῆς
762 2106 920 2186 Ἑλλάδος
939 2115 1143 2195 συμφορῶν,
1174 2108 1279 2188 ὥσπερ

326 2203 416 2286 παρὰ
441 2203 520 2282 τούς
545 2202 646 2289 ἐμούς
669 2207 791 2291 λόγους
814 2202 834 2294 ἢ
855 2208 988 2295 βέλτιον
1007 2203 1157 2294 ἢχεῑρον
1179 2205 1280 2293 αὐτὴν

326 2305 529 2389 πράξουσαν.
542 2304 581 2393 (ξ
584 2297 677 2388 .)Ὦν
688 2309 824 2384 δικαίως
831 2302 875 2375 άν
886 2305 1031 2385 ἅπαντες
1038 2305 1169 2394 πολλὴν
1181 2304 1278 2376 ἀναν
1343 2305 1344 2308 “

325 2410 423 2491 δρίαν
443 2408 498 2473 καί
519 2413 746 2493 μικροψυχίαν
760 2421 976 2493 καταγνοῖεν,
1000 2404 1052 2474 ὅτι
1074 2407 1279 2489 προσποιού-
1343 2429 1344 2461 ι

325 2530 421 2590 μενοι
437 2512 635 2590 φιλοσοφεῖν
655 2504 751 2572 αὐτοὶ
769 2505 831 2591 μὲν
852 2507 903 2574 έπλ
918 2520 1047 2592 μικροῖς
1061 2513 1277 2592 φιλοτιμοῦν·

328 2630 396 2688 ται,
420 2618 488 2682 τοῖς
504 2606 540 2672 δέ
559 2609 760 2692 δυναμένοις
774 2609 846 2688 περὶ
862 2612 930 2673 τοῖν
946 2613 1111 2693 μεγίστων
1132 2612 1281 2692 συμβου-

280 2719 309 2772 16
326 2702 438 2770 λεύειν
454 2711 667 2788 φθονοῦντες
681 2710 902 2772 διατελοῦσιν.
937 2697 1030 2772 οὗτοι
1044 2707 1107 2790 μὲν
1124 2697 1190 2772 οῦν
1205 2714 1281 2793 βοη-

325 2808 467 2879 θοῦντες
488 2816 558 2880 ταῖς
579 2800 692 2871 αὑτων
719 2801 911 2882 ἀσθενείαις
932 2806 985 2871 καὶ
1001 2806 1188 2892 ῥᾳθυμίαις
1210 2814 1282 2880 ἴσως

326 2897 452 2967 τοιαῦτ’
469 2903 621 2986 ἐροῦσιν·
643 2900 707 2989 ἐγω
722 2900 755 2970 δ’
769 2901 876 2982 οὕτως
887 2900 940 2971 ἐπ’
956 2906 1088 2991 ἐμαυτῷ
1100 2908 1188 2991 μέγα
1203 2931 1282 2991 φρο-

326 3007 394 3086 voi,
412 3009 530 3089 καίπερ
542 3008 599 3090 ἐτη
612 3001 762 3089 γεγονὸς
772 3001 980 3092 ὀγδοήκοντα
999 3009 1053 3073 καὶ
1071 3005 1282 3072 παντάπασιν
1342 3011 1343 3033 λ

326 3097 531 3188 άπειρηκάς,
548 3099 627 3169 ὥστ’
644 3101 800 3186 οἶμαικαὶ
813 3106 923 3188 λέγειν
938 3108 1009 3190 ἐμοὶ
1024 3104 1213 3191 προσήκειν
1222 3103 1282 3191 μα’-

325 3212 418 3272 λιστα
439 3202 659 3285 περὶτούτων
674 3206 729 3271 καὶ
743 3211 853 3282 καλῶς
874 3211 1123 3292 βεβουλεῦσθαι
1139 3201 1227 3288 πρὸς
1250 3203 1281 3268 σέ

325 3303 531 3389 ποιούμενον
544 3302 623 3381 τοῦς
640 3303 778 3389 λόγους,
796 3305 851 3372 καί
864 3301 967 3390 τυχὸν
981 3301 1039 3370 ἀπ’
1057 3301 1171 3370 αὐτῶν
1185 3301 1280 3389 γενη-

278 3424 306 3479 η
325 3411 448 3472 σεσθαί
459 3432 490 3472 τι
505 3411 573 3471 τῶν
589 3405 746 3472 δεόντων.
781 3402 925 3490 ἡγοῦμαι
940 3402 976 3471 δὲ
993 3404 1047 3470 καὶ
1068 3400 1148 3481 τοῦς
1163 3401 1280 3476 ἄλλους

318 3500 497 3589 Ἕλληνας,
512 3509 544 3572 εί
555 3503 705 3590 δεήσειεν
720 3500 844 3582 αύτούς
858 3506 892 3583 ἐξ
905 3501 1067 3570 ἁπάντων
1088 3505 1277 3580 ἐκλέξασθαι
1341 3575 1342 3598 ρ

326 3601 433 3668 τόντε
450 3610 493 3689 τῷ
509 3601 598 3690 λόγῳ
614 3599 765 3671 κάλλιστ’
785 3597 829 3670 ἂν
844 3606 1036 3685 δυνηθέντα
1058 3602 1275 3681 παρακαλέσαι
1341 3633 1342 3650 2
