2859 4334
278 392 321 458 υ)
558 396 958 476 mmmmm)

279 558 314 623 δὲ
332 558 569 643 πρεσβυτέροις
586 558 723 634 καὶτοῖς
738 560 785 634 είς
801 553 928 639 ἄνδρας
942 558 1240 643 δεδοκιμασμένοις

279 653 391 724 ούκέτι
408 657 491 741 φημί
507 653 566 735 τάς
580 657 716 742 μελέτας
731 655 854 733 τούτοις
870 652 1058 741 ἁρμόττειν.
1087 654 1156 739 ὁρω
1172 655 1238 743 γάρ

278 757 388 833 ένίους
401 761 469 821 νῦν
484 756 535 823 ἐπὶ
550 769 618 833 τοϊς
632 756 808 841 μαθήμασι
823 754 954 833 τούτοις
969 753 1076 833 οὕτως
1090 754 1236 843 άπηκρι-
1250 764 1270 819 d

278 854 441 940 βωμέυων
452 851 536 920 ὥστε
547 857 602 922 καὶ
612 849 691 931 τούς
702 850 826 930 ἄλλους
837 854 1021 939 διδάσκειν,
1037 852 1110 921 οὔτ’
1124 852 1230 922 εύκαί

278 978 344 1040 ρως
357 967 427 1031 ταῖς
442 952 635 1040 ἐπιστήμαις
649 947 701 1030 αἷς
716 958 829 1037 έχουσι
843 955 1051 1038 χρωμένους,
1068 959 1106 1021 έν
1116 978 1152 1021 τε
1167 967 1239 1031 ταῖς

277 1050 392 1131 άλλαις
401 1059 638 1138 πραγματείαις
646 1066 718 1129 ταῖς
728 1055 804 1138 περὶ
814 1048 1239 1138 τόυβίονάφρουεστέρους

276 1150 375 1230 ὄντας
389 1159 458 1219 τῦυ
478 1160 656 1239 μαθητῶν·
678 1148 768 1219 ὀκνῶ
783 1149 850 1236 γάρ
872 1156 977 1217 εἰπεῖν
999 1158 1066 1217 των
1085 1157 1236 1218 οἰκετῶν.

230 1262 263 1317 λλ
276 1249 338 1337 τὴν
357 1248 464 1337 αὐτὴν
486 1253 522 1320 δὲ
542 1253 682 1338 γνιόμην
702 1257 765 1337 ἔχω
786 1253 840 1318 καί
861 1253 1018 1333 περὶτῶν
1033 1254 1238 1337 δημηγορεῖν

277 1352 476 1437 δυναμένων
490 1353 628 1420 καὶτῶν
643 1352 718 1435 περὶ
736 1349 797 1437 τὴν
813 1346 949 1436 γραφὴν
964 1347 1025 1435 τὴν
1040 1356 1109 1416 των
1124 1350 1238 1436 λόγων
1367 1367 1368 1390 ¹

277 1447 564 1536 εὐδοκιμούντων,
583 1449 669 1529 ὅλως
683 1450 720 1516 δέ
735 1451 810 1534 περὶ
827 1445 1070 1515 ἁπάντωντῶν
1085 1451 1162 1534 περὶ
1176 1446 1238 1527 τάς

276 1550 392 1634 τέχνας
407 1550 460 1617 καί
474 1546 533 1627 τάς
548 1551 728 1636 ἐπιστήμας
743 1550 798 1615 καί
810 1544 869 1626 τάς
880 1546 1040 1631 δυνάμεις
1051 1548 1237 1632 διαφερόν-

276 1674 352 1717 των.
376 1648 450 1717 οίδα
463 1646 527 1735 γάρ
542 1653 597 1718 καὶ
611 1648 742 1717 τούτων
756 1644 835 1725 τούς
848 1644 994 1724 πολλούς
1010 1642 1087 1713 ούτε
1102 1648 1143 1713 τά
1158 1649 1236 1733 περί
1249 1677 1265 1714 ε

277 1754 366 1832 σφᾶς
386 1746 510 1827 αύτούς
533 1756 642 1827 καλῶς
663 1748 868 1838 διφαηκότας
891 1744 964 1814 οὔτ’
983 1749 1020 1814 έν
1042 1760 1113 1825 ταῖς
1136 1751 1238 1827 ἰδίαις

277 1853 472 1924 συνουσίαις
483 1844 644 1925 άνεκτοῦς
656 1846 766 1932 ὄντας,
779 1854 836 1945 της
847 1872 882 1913 τε
894 1845 990 1934 δόξης
1000 1853 1058 1932 της
1067 1853 1138 1913 τῶν
1148 1867 1239 1933 συμ-

277 1948 546 2029 πολιτευομένων
562 1943 827 2033 ὀλιγωροῦντας,
849 1946 962 2014 ἄλλων
979 1972 1013 2015 τε
1029 1954 1166 2015 πολλῶν
1180 1952 1238 2015 καὶ
1367 1945 1368 1990 ³

277 2043 433 2131 μεγάλων
447 2042 693 2133 ἁμαρτημάτων
707 2049 885 2133 γέμοντας·
908 2043 987 2112 ὥστ’
1001 2042 1079 2112 ούδὲ
1094 2048 1239 2125 τούτους
1254 2062 1309 2118 239

277 2141 421 2231 ἡγοῦμαι
433 2147 581 2231 μετέχειν
591 2153 649 2232 τῆς
660 2149 767 2231 ἕξεως,
783 2148 857 2230 περὶ
867 2136 908 2232 ἧς
918 2142 983 2230 έγό
993 2144 1150 2230 τυγχάνω
1161 2150 1238 2213 δια·

229 2248 264 2304 30
276 2243 464 2328 λεγόμενος.
501 2244 588 2330 (ια’.)
615 2253 715 2324 Τίνας
736 2238 801 2313 ούν
821 2251 911 2312 καλά
935 2249 1262 2342 πεπαιδευμένουςη

276 2337 389 2427 ἐπειδὴ
404 2338 462 2419 τάς
475 2345 590 2428 τέχνας
604 2348 659 2411 καὶ
672 2342 732 2422 τάς
743 2342 922 2429 ἐπιστήμας
936 2345 990 2410 καὶ
1005 2340 1063 2421 τάς
1074 2330 1254 2428 δυνάμεις”’

276 2436 526 2524 άποδοτιιμόξως
540 2450 674 2528 πρῶτον
685 2444 749 2528 μὲν
758 2438 837 2520 τοῦς
846 2448 955 2519 καλῦς
963 2447 1156 2528 χρωμένους
1165 2454 1236 2519 τοῖς

276 2641 331 2705 καὶ
345 2635 405 2723 τὴν
420 2637 522 2719 δόξαν
537 2642 673 2729 ἐπιτυχῆ
687 2648 755 2708 τῶν
769 2645 1045 2744 κωωραῃχοντας
1059 2641 1115 2707 καί
1128 2644 1237 2749 (ζητημ-

187 2777 192 2786 =
275 2740 380 2823 μένην
397 2737 441 2816 ὡς
454 2741 506 2807 ἐπὶ
521 2738 558 2806 τό
574 2739 662 2809 πολύ
677 2742 895 2828 στοχάζεσθαι
909 2748 970 2807 τοῦ
985 2743 1234 2827 συμφέροντος·

228 2845 260 2898 ³1
275 2839 387 2902 ἔπειτα
408 2834 487 2915 τοῦς
507 2839 702 2923 πρεπόντως
721 2842 777 2908 καὶ
798 2844 932 2918 δικαίως
948 2836 1148 2925 ὁμιλοῦντας
1163 2849 1262 2917 τοῑςο

275 2932 325 3001 άελ
346 2935 579 3023 πλησιάζουσι,
602 2943 657 3008 καὶ
672 2937 731 3017 τάς
751 2941 813 3025 μὲν
832 2945 899 3007 των
916 2937 1029 3007 άλλων
1045 2936 1162 3025 άηδίας
1177 2941 1234 3006 καὶ

277 3031 463 3119 βαρύτητας
478 3032 625 3117 εὐκόλως
636 3041 690 3106 καὶ
701 3040 824 3126 ῥαδίως
835 3040 1010 3125 φέροντας,
1026 3047 1113 3125 σφας
1125 3036 1155 3106 δ’
1170 3035 1232 3105 αύ-

276 3129 356 3211 τούς
371 3130 415 3211 άς
426 3134 574 3204 δυνατὸν
589 3138 837 3225 ἐλαφροτάτους
848 3141 903 3206 καί
912 3138 1156 3224 μετριωτάτους
1165 3152 1234 3216 τοῖς

276 3238 418 3299 συνοῦσι
434 3236 652 3322 παρέχοντας·
703 3244 752 3307 ε”τι
784 3234 863 3315 τοῦς
876 3243 945 3304 τῦν
958 3236 1021 3322 μὲν
1033 3235 1169 3323 ἡδονῶν
1182 3234 1233 3305 ἀεὶ

277 3339 498 3418 κρατοῦντας,
516 3343 584 3404 τῶν
600 3336 637 3405 δέ
654 3343 842 3423 συμφορῶν
858 3334 902 3421 μὴ
918 3343 995 3403 λίαν
1010 3334 1232 3422 ἡττωμένους,

275 3430 351 3501 ἀλλ’
359 3429 540 3518 ἀνδρωδῶς
549 3439 587 3505 έν
597 3433 712 3515 αύταλς
724 3440 954 3521 διακειμένους
964 3438 1019 3503 καλ
1030 3442 1087 3520 τῆς
1098 3434 1232 3518 φύσεως

230 3548 261 3603 λλ
275 3531 383 3620 άξίως,
398 3527 438 3621 ἧς
448 3536 640 3623 μετέχοντες
648 3536 876 3623 τυγχάνομεν·
893 3539 1061 3619 τέταρτον,
1079 3532 1162 3616 ὅπερ
1173 3540 1232 3620 μέ»

275 3652 401 3718 γιστον,
421 3631 501 3712 τούς
511 3632 557 3722 μη
569 3637 875 3721 διαφθειρομένους
885 3631 952 3703 ὑπὸ
961 3641 1030 3702 τῶν
1041 3632 1234 3721 εύπραγιῦν
1244 3664 1262 3701 ο
