2859 4334
258 384 319 445 τοι
540 384 919 462 mmmm)

258 570 327 631 χειν
341 548 588 631 προτρέψουσιν
603 539 656 611 έπ’
669 540 793 628 ἀρετὴν
807 546 863 611 καὶ
874 547 1104 633 δικαιοσυνην,
1120 546 1165 623 ῶς
1175 548 1220 614 ἐν

259 657 330 723 ταῖς
349 650 406 730 τῆς
420 642 577 723 Ἑλλάδος
595 640 790 728 εὐπραγίαις
809 649 986 729 συμβαίνει
1007 648 1062 714 καλ
1081 644 1123 713 τὰ
1145 652 1221 713 τῶν

260 741 459 826 φιλοσόφων
472 741 649 829 πράγματα
663 737 751 808 πολύ
766 746 884 828 βελτίω
898 746 1084 826 γίγνεσθαι.

633 972 848 982 -—-—--

718 1171 760 1236 9.

568 1288 918 1356 ΕΥΑΓΟΡΑΣ.

344 1528 417 1612 (α’.)
432 1500 567 1614 Ὁρῶν,
583 1518 817 1612 ιδΝικόκλεις,
831 1527 979 1613 τιμῶυτά
989 1547 1027 1593 σε
1037 1524 1097 1593 τόν
1109 1525 1224 1610 τάφον
1243 1544 1305 1599 189

261 1637 321 1698 τοῦ
345 1627 471 1713 πατρὸς
487 1623 529 1694 οὐ
547 1626 657 1713 μόνον
677 1631 724 1715 τῷ
743 1626 867 1711 πλήθει
882 1628 938 1693 καὶ
954 1630 1000 1715 τῷ
1019 1624 1135 1692 κάλλει
1149 1631 1221 1691 τῶν

261 1731 513 1815 ἐπιφερομένων
523 1722 607 1794 άλλᾶ
619 1728 674 1792 καὶ
684 1738 796 1810 χοροῖς
806 1727 862 1793 καὶ
872 1730 1018 1812 μουσικῇ
1028 1726 1084 1791 καὶ
1094 1750 1220 1810 γυμνι-

261 1842 331 1906 κοῖς
346 1825 490 1914 ἆγῶσιν,
514 1831 561 1894 ἔτι
576 1828 613 1893 δέ
628 1820 713 1910 πρδς
727 1824 859 1903 τούτοις
872 1827 1036 1892 ἴππωντε
1051 1828 1107 1892 καὶ
1122 1825 1220 1909 τριή-

261 1952 332 2011 ρων
353 1922 522 2012 ἁμίλλαις,
548 1927 603 1993 καὶ
623 1920 772 1991 λείποντ’
790 1920 951 2009 οὐδεμίαν
971 1929 1040 1991 τῶν
1054 1923 1220 1991 τοιούτων

230 2050 246 2099 2
262 2022 471 2113 ὑπερβολὴν,
486 2020 663 2111 ἡγησάμην
675 2018 867 2108 Εὐαγόραν,
884 2031 918 2090 εί
927 2048 977 2101 τις
990 2023 1080 2090 έστὶυ
1094 2031 1220 2106 αἰσθη-

263 2144 314 2202 σις
327 2136 395 2202 τοῖς
410 2122 658 2207 τετελευτηκόσι
678 2125 837 2207 περὶτῶν
856 2121 982 2189 ἐνθάδε
990 2124 1218 2207 γιγνομένων,
1232 2134 1251 2186 b

264 2220 411 2308 εὐμενῶς
436 2223 500 2307 μὲν
524 2218 749 2307 ἀποδέχεσθαι
773 2223 829 2289 καλ
853 2229 981 2310 ταῦτα,
1007 2224 1062 2289 καλ
1090 2231 1221 2307 χαίρειν

263 2320 394 2409 ὁρῶντα
414 2318 478 2407 τήν
500 2346 535 2387 τε
556 2324 632 2404 περὶ
651 2318 758 2387 αὐτὸν
779 2322 969 2407 ίπιμίλειαν
992 2323 1049 2389 καὶ
1070 2320 1133 2409 τὴν
1154 2321 1222 2407 σην

263 2423 567 2508 μεγαλοπρέπειαν,
589 2417 677 2488 πολύ
691 2418 724 2487 δ’
741 2415 786 2487 άν
802 2426 850 2490 έτι
864 2427 968 2489 πλείω
982 2422 1081 2507 χάριν
1095 2426 1182 2507 ἔχειν
1198 2418 1221 2505 ἢ

263 2535 331 2599 τοῖς
351 2520 464 2597 ἄλλοις
484 2518 627 2606 ἅπασιν,
650 2529 683 2615 εί
692 2546 741 2599 τις
754 2524 919 2607 δυνηθείη
934 2521 1009 2604 περὶ
1021 2526 1090 2587 τῶν
1105 2522 1215 2604 ἐπιτη-

262 2621 438 2707 δευμάτων
459 2616 639 2687 αὐτοῦκαὶ
659 2625 728 2687 τῶν
753 2619 925 2687 κινδύνων
949 2618 1047 2701 άξίως
1069 2625 1220 2688 διελθεῖν

231 2737 249 2789 ³
262 2729 330 2789 τῶν
344 2725 460 2810 ἐκείνῳ
472 2722 733 2806 πεπραγμένων·
752 2716 941 2805 εὑρήσομεν
951 2716 1016 2804 γάρ
1027 2716 1107 2797 τούς
1118 2726 1218 2804 φιλο-

263 2827 378 2906 τίμους
394 2822 448 2888 καλ
463 2819 719 2907 μεγαλοψύχους
732 2825 800 2885 τῶν
816 2816 952 2903 άνδρῶν
966 2812 1008 2885 οὐ
1022 2818 1130 2904 μόνον
1143 2813 1220 2884 άντὶ

263 2925 331 2987 τῶν
345 2920 508 2987 τοιούτων
523 2921 735 2988 ἐπαινεῖσθαι
745 2920 974 3004 βουλομένους
984 2913 1058 2983 ἀλλ’
1072 2913 1147 2983 άντὶ
1156 2922 1219 2982 τοῦ
1230 2944 1247 2978 ο

264 3024 322 3106 ζῆν
342 3016 574 3105 &nomam
588 3022 735 3097 εὐκλεῶς
757 3019 996 3103 αίρονμένους,
1019 3019 1218 3102 καὶμᾶλλον

262 3118 339 3201 περὶ
352 3124 410 3204 τῆς
424 3116 521 3203 δόξης
534 3113 557 3203 ἦ
570 3124 632 3184 τοῦ
647 3124 726 3205 βίου
746 3115 1009 3201 σπουδάζοντας,
1032 3118 1087 3182 καλ
1108 3113 1216 3181 πάντα

143 3294 147 3301 ,
263 3224 458 3301 ποιοῦντας,
482 3214 574 3295 ὅπως
593 3213 769 3284 άδάνατον
788 3211 851 3301 τὴν
863 3216 939 3301 περὶ
953 3211 1067 3282 αὐτῶν
1081 3212 1219 3301 μνήμην

232 3323 531 3395 ςκαταλείύουσιυ.
551 3321 588 3385 αι’
596 3318 659 3402 μέν
669 3307 734 3383 οὐν
743 3314 890 3382 δαπάναι
901 3320 970 3382 τῶν
979 3316 1043 3400 μὲν
1053 3312 1217 3382 τοιούτων

263 3413 365 3483 οὐδὲν
384 3417 629 3503 ἐξεργάζονται,
651 3422 712 3484 τοῦ
728 3416 765 3484 δὲ
784 3414 933 3482 πλούτου
954 3416 1094 3503 σημεῖόν
1114 3419 1216 3482 εἰσιν·

263 3520 296 3581 οί
307 3516 343 3581 δὲ
356 3519 432 3599 περὶ
446 3512 508 3601 τὴν
521 3512 690 3603 μουσικὴν
704 3518 760 3585 καί
770 3510 830 3593 τὰς
840 3512 943 3593 άλλας
953 3512 1100 3602 άγωνίας
1111 3512 1216 3601 ὄντες,

264 3618 297 3679 οί
309 3613 371 3691 μέν
385 3616 443 3688 τὰς
458 3614 618 3699 δυνάμεις
629 3612 688 3692 τὰς
701 3612 825 3699 αὐτῶν,
844 3619 879 3681 οί
891 3614 927 3682 δὲ
941 3612 1001 3693 τάς
1013 3621 1129 3700 τέχνας
1143 3615 1217 3685 &zer
