2859 4334
289 412 352 478 154
581 416 762 476 ΙΣΟΚΡΑ
771 416 829 473 ΤΟ
838 418 900 474 ΤΣ
914 419 959 486 (7)

259 575 360 663 W.)
380 572 509 661 Ἀπορά
521 575 568 663 δὲ,
584 575 729 660 πότερον
743 570 904 663 ὑπολάβω
918 577 1024 662 μηδδν
1037 578 1152 665 μέλειν
1162 574 1252 664 ύμίν

284 686 353 748 τοῖν
366 684 492 745 κοινάν
503 676 723 763 πραγμάτων,
737 669 760 761 ἢ
775 681 966 761 φροντίζειν
979 679 1043 764 μὲν
1053 674 1183 765 αύτύν,
1200 682 1251 758 είς

286 786 385 848 τοῦτο
399 774 431 845 δ’
445 775 668 863 ἀναισθησίας
677 774 774 863 ἥκειν
785 773 869 844 ὥστε
879 778 1068 846 λανθάνειν
1080 775 1183 865 ὑμᾶς,
1201 784 1251 857 είς

287 876 373 963 ὅσην
385 873 567 964 ταραχὴνὴ
582 874 679 955 πόλις
693 876 910 962 καθέστηκεν.
933 878 1061 945 έοίκατε
1074 876 1139 964 γάρ
1154 876 1248 945 ούτω
1262 914 1285 949 e

288 976 509 1061 διακειμένοις
525 972 737 1060 ἀνθρώποις,
752 976 873 1053 οἵτινες
887 971 1018 1054 ἀπάσας
1034 978 1097 1062 μὲν
1109 974 1169 1056 τάς
1181 977 1250 1045 πό-

286 1082 353 1152 λεις
373 1070 432 1153 τάς
449 1076 502 1142 ἐπὶ
516 1075 651 1165 Θράκης
667 1069 933 1161 ἀπολωλεκότες,
954 1083 1058 1144 πλείω
1073 1073 1105 1144 δ’
1121 1073 1143 1163 ἢ
1157 1082 1249 1162 χίλια

242 1183 276 1238 10
284 1172 431 1240 τάλαντα
444 1173 554 1260 μάτην
570 1177 617 1251 είς
631 1170 711 1251 τούς
728 1172 845 1251 ξένους
861 1171 1087 1260 ἀνηλωκότες,
1109 1172 1193 1259 πρδς
1208 1176 1248 1243 δέ

285 1269 365 1350 τούς
377 1269 537 1358 Ἕλληνας
558 1275 815 1359 διαβεβλημένον
831 1275 886 1340 καὶ
906 1279 952 1363 τῷ
967 1273 1127 1364 βαρβάρῳ
1143 1276 1247 1342 πολέ-

285 1395 356 1455 μιοι
365 1371 551 1458 γεγονότες,
563 1376 610 1439 ἔτι
622 1370 658 1438 δέ
669 1361 749 1449 τούς
759 1371 820 1456 μὲν
827 1376 987 1457 Θηβαίων
997 1377 1115 1456 φίλους
1127 1371 1247 1452 σώζειν

285 1468 547 1558 ἠναγκασμένοι,
569 1466 649 1549 τούς
671 1466 704 1537 δ’
722 1466 903 1556 ἡμετέρους
919 1466 1032 1537 αύτάυ
1050 1469 1247 1556 συμμάχους
1268 1495 1330 1547 142

285 1566 549 1655 ἀπολωλεκότες,
565 1569 618 1637 ἐπί
632 1569 800 1647 τοιαύταις
816 1567 976 1651 πράξεσιν
991 1565 1167 1656 εύαγγέλια
1180 1569 1245 1655 μδν

285 1670 335 1747 δὶς
349 1666 414 1756 ἤδη
428 1668 636 1754 τιθύκαμεν,
658 1667 897 1756 ῥαθυμότερον
911 1670 947 1736 δὲ
967 1668 1043 1753 περί
1058 1664 1171 1735 αύτύν
1186 1671 1244 1735 ἐκ·

284 1766 504 1854 πλησιάζομεν
517 1774 586 1835 τάν
599 1765 709 1835 πάντα
724 1764 764 1834 τά
780 1769 899 1835 δέοντα
913 1767 1138 1852 πραττόντων.

238 1880 269 1935 n
370 1865 436 1933 Καὶ
455 1861 549 1933 ταῦτ’
567 1864 701 1944 είκότας
722 1869 777 1934 καὶ
797 1872 961 1953 ποιοῦμεν
977 1870 1033 1934 καί
1052 1866 1241 1953 πάσχομεν·

285 1962 387 2033 οὐδὲν
399 1959 465 2049 γάρ
480 1960 554 2031 οίόν
567 1991 603 2033 τε
615 1971 794 2051 γίγνεσθαι
809 1962 892 2033 κατά
903 1964 1031 2051 τρόπον
1042 1979 1110 2045 τοῖς
1123 1964 1168 2053 μὴ
1179 1991 1242 2034 κα-

285 2070 351 2141 λῶς
371 2064 447 2146 περὶ
467 2058 548 2149 ὅλης
566 2069 623 2149 τῆς
638 2065 834 2151 διοικήσεως
848 2069 1144 2152 βεβουλευμένοις,
1165 2062 1242 2134 ἀλλ’

286 2156 330 2229 ἀν
344 2163 398 2229 καί
419 2162 661 2247 κατορθώσωσι
682 2169 762 2248 περί
773 2190 867 2243 τινας
881 2171 950 2231 τῶν
970 2165 1126 2250 πράξεων
1147 2160 1243 2251 ἢδιά

284 2260 389 2347 τύχην
409 2256 432 2347 ἢ
452 2257 497 2328 δι’
513 2258 638 2347 ἀνδρὸς
652 2258 790 2348 ἀρετὴν,
812 2259 937 2349 μικρόν
951 2261 1161 2343 διαλιπόντες
1176 2263 1275 2337 noi-b

285 2366 340 2426 λιν
351 2364 397 2437 είς
406 2356 465 2438 τάς
474 2356 577 2438 αύιάς
587 2357 728 2444 ἀπορίας
740 2363 952 2448 κατέστησαν.
965 2364 1021 2430 καί
1031 2369 1134 2429 ταῦτα
1144 2367 1244 2448 γνοίη

238 2472 270 2526 ιλ
283 2481 333 2534 τις
348 2450 393 2523 ἀν
408 2457 444 2524 ἐκ
461 2464 531 2525 τῶν
546 2461 622 2545 περὶ
636 2454 723 2545 ἡμᾶς
735 2463 978 2547 γεγενημένων.
1011 2462 1081 2549 (ε’.)
1096 2459 1244 2545 Ἀπάσης

284 2552 349 2640 γάρ
368 2560 426 2641 τῆς
439 2551 597 2635 Ἑλλάδος
611 2553 678 2624 ύπό
699 2554 762 2644 τὴν
778 2557 878 2627 πόλιν
893 2556 990 2646 ἡμῶν
1006 2556 1243 2643 ὑποπεσούσης

284 2654 339 2721 καί
353 2650 434 2739 μετά
447 2649 511 2740 τὴν
522 2653 684 2735 Κόνωνος
694 2664 883 2743 ναυμαχίαν
897 2658 953 2726 καί
966 2655 1049 2744 μετά
1060 2653 1123 2745 τὴν
1136 2663 1242 2742 Τιμο-

284 2752 371 2819 θέου
385 2758 603 2840 στρατηγίαν,
620 2750 744 2822 ούδένα
757 2756 883 2843 χρόνον
896 2754 956 2836 τάς
970 2754 1122 2844 εὐτυχίας
1137 2781 1241 2825 κατα·

68 2814 70 2845 Ι
172 2891 176 2895 -
284 2862 375 2935 σχεῖν
393 2844 633 2938 ἠδυνήθημεν,
657 2850 742 2921 ἀλλά
764 2857 886 2942 ταχέας
907 2854 1241 2943 διεσκαριφησάμεθα
1255 2846 1272 2874 ³

284 2954 339 3019 καὶ
358 2949 559 3037 διελύσαμεν
571 2951 684 3033 αύτάς.
714 2964 885 3026 πολιτείαν
898 2952 964 3042 γάρ
984 2953 1047 3042 τὴν
1064 2953 1178 3039 ὀρθῶς
1196 2949 1242 3021 ἀν

282 3062 353 3128 τοῖς
372 3048 544 3135 πράγμασι
564 3055 778 3141 χρησαμένην
798 3050 872 3122 οὔτ’
896 3060 1013 3141 ἔχομεν
1032 3051 1111 3121 ούτε
1132 3057 1268 3131 καλοῖςε

237 3161 269 3215 1³
283 3154 454 3235 ζητοῦμεν.
487 3154 594 3217 καίτοι
613 3148 672 3230 τάς
695 3150 877 3239 εύπραγίας
896 3151 1042 3231 ἅπαντες
1064 3162 1160 3239 ίσμεν
1186 3152 1242 3219 καὶ

283 3251 574 3334 παραγιγνομένας
594 3252 649 3318 καί
669 3252 928 3338 παραμενούσας
950 3249 991 3319 ού
1010 3264 1079 3329 τοῖς
1095 3248 1136 3318 τά
1151 3257 1242 3336 τείχη

282 3345 442 3413 κάλλιστα
453 3349 508 3414 καί
519 3348 656 3433 μέγιστα
667 3354 978 3439 περιβεβλημένοις,
990 3346 1069 3418 ούδδ
1080 3362 1149 3428 τοίς
1158 3346 1240 3435 μετά

283 3447 447 3511 πλείστων
462 3442 658 3533 ἀνθρώπων
673 3453 721 3527 είς
736 3446 796 3517 τόν
810 3445 916 3516 αύτδν
932 3448 1038 3516 τόπον
1052 3457 1241 3533 συνηθροι-

282 3542 432 3630 σμένοις,
447 3542 532 3614 ἀλλά
548 3560 616 3625 τοίς
630 3543 748 3633 ἄριστα
762 3551 817 3616 καὶ
828 3549 1087 3635 σωφρονέστατα
1100 3545 1162 3635 τὴν
1175 3543 1241 3615 αύ-

236 3657 268 3710 14
281 3646 350 3708 τάν
362 3640 462 3709 πόλιν
483 3648 678 3715 διοικοῦσιν.
709 3652 779 3715 ίστι
798 3645 864 3734 γάρ
885 3642 975 3734 ψυχὴ
991 3645 1119 3726 πόλεως
1139 3644 1242 3714 ούδδν
