2859 4334
535 455 697 514 mro
706 455 809 517 ΡΛΣ.
1091 455 1153 519 211

185 623 415 715 ύταρχόντων
429 620 553 716 όφίημι
568 626 610 696 τό
622 632 775 717 τοιαῦτα,
792 628 870 718 κερλ
883 618 933 697 όν
945 626 1055 715 ὀλίγοι
1065 628 1154 712 τιυλς

188 730 454 799 ἐπίστανταικαὶ
467 728 513 817 μὴ
520 724 644 809 κιόντες
657 732 694 798 οί
704 736 837 799 κολίται
844 736 1033 801 συνίσασιν.
1051 727 1152 821 ἄρξο-
1170 746 1188 795 b

187 857 250 917 μαι
265 827 298 898 δ’
320 833 357 899 ἐκ
374 833 444 899 τῶν
461 826 744 919 ὁμολογουμένων
760 832 872 918 λέγειν
889 834 967 921 περὶ
985 830 1103 903 αύτού.

128 950 163 998 εν
266 926 328 1020 (ι’.)
347 940 438 1012 Παίς
450 931 514 1019 μὲν
527 930 594 1019 γόιρ
609 926 657 1000 ολν
673 937 748 1018 ἐσχε
760 931 883 1013 κάλλος
894 936 952 1003 καλ
968 934 1086 1023 βύμην
1097 935 1154 1003 καλ

188 1032 437 1122 σωφροσύνην,
455 1030 539 1122 ἅπερ
557 1036 627 1101 τῶν
644 1030 788 1120 δγαθύν
805 1037 1067 1121 πρεπωδέστατα
1083 1050 1154 1116 τοις

186 1133 394 1223 τηλικούτοις
410 1136 514 1205 ἐστίν.
537 1135 595 1203 καλ
608 1133 741 1203 τούτων
751 1132 926 1224 μάρτυρας
937 1131 983 1205 ἄν
995 1162 1045 1217 τις
1056 1136 1154 1225 τοιή-

187 1256 303 1323 σαιτο,
329 1237 388 1325 τῆς
404 1235 469 1324 μλν
486 1234 712 1324 σωφροσύνης
736 1236 819 1316 τούς
837 1239 1155 1325 συμπαιδευδέντας

92 1370 94 1375 ·
186 1342 259 1405 τῶν
276 1340 434 1425 κολιτόν,
450 1340 514 1406 τού
528 1336 567 1406 δὲ
580 1336 728 1417 κάλλους
741 1335 893 1419 ἅπαντας
904 1339 984 1419 τούς
1005 1338 1153 1425 ἰδόντας,

185 1442 249 1525 τῆς
261 1435 301 1506 δέ
314 1436 427 1526 όοόμης
438 1436 520 1519 τούς
529 1436 776 1526 (θεασαμένους
784 1436 1037 1528 τούς)ἆγο3νας,
1050 1441 1089 1509 ἐν
1101 1434 1153 1519 οἷς

130 1559 166 1607 23
188 1540 320 1618 ἐκεῖνος
328 1541 396 1607 τῶν
404 1538 590 1628 ἡλικιωτῶν
606 1540 873 1628 ἐκρατίσκευσεν.
894 1538 996 1628 ύνδρλ
1008 1540 1188 1627 δέγενο-ιι

184 1642 281 1732 με’νφ
286 1637 394 1709 ταῦτα’
405 1666 441 1710 τε
452 1637 562 1709 πάντα
576 1640 841 1731 σννηυξήθηκαλ
853 1640 939 1729 πρός
952 1642 1083 1721 τούτοις
1091 1635 1154 1709 όν-

184 1747 268 1831 δρία
275 1740 494 1828 προσεγένετο
508 1743 567 1812 καλ
579 1749 683 1831 σοφία
695 1742 753 1812 καλ
760 1740 970 1831 δικαιοσύνη,
983 1743 1042 1811 καί
1055 1742 1151 1811 ταῦτ’

185 1838 231 1912 ού
239 1844 348 1931 μέσως
357 1838 436 1912 ούδ’
446 1840 557 1932 ὥσπερ
566 1843 797 1933 ι’τέροιςτισλν,
810 1840 881 1913 ἀλλ’
890 1846 1032 1914 ἕκαστον
1038 1840 1155 1913 αύτῶν

186 1940 458 2032 είςύκερβολήν·
472 1949 635 2015 τοσούτου
641 1941 709 2033 γύρ
715 1946 773 2014 καὶ
781 1959 856 2025 ταῖς
864 1950 927 2014 τού
937 1945 1089 2033 σύμακος
1096 1946 1154 2015 καλ

132 2064 167 2111 ει
184 2059 263 2126 ταῖς
271 2048 447 2133 τήςυυχῆς
460 2044 594 2134 ἀρεταῖς
603 2045 792 2135 διήνεγκεν,
805 2044 891 2116 ὥσθ’
899 2044 1001 2116 όκόιε
1011 2045 1075 2134 μὲν
1088 2044 1153 2115 αύ-

184 2148 251 2217 τόν
265 2146 372 2239 ὁρῷεν
385 2151 421 2216 οί
429 2146 504 2217 τότε
509 2146 757 2234 βασιλεύοντες,
774 2143 1014 2235 ἐκπλήττεσθαι
1020 2148 1078 2217 καί
1087 2174 1153 2236 φο·

185 2258 326 2338 βεῖσθαι
337 2250 415 2335 περὶ
425 2251 485 2337 τῆς
495 2246 613 2337 ἀρχῆς,
631 2247 845 2337 ἡγουμένους
861 2246 924 2337 ούχ
938 2244 1012 2319 οἷόν
1025 2243 1154 2319 τέἶναι

185 2350 250 2420 τόν
264 2348 495 2439 τοιοῦτοντῆν
508 2349 615 2439 φύσιν
636 2352 674 2419 έν
695 2349 834 2420 ίδιύτου
853 2351 947 2440 μέρει
964 2356 1154 2438 διαγαγεῖν,

187 2449 292 2521 ὁκότε
303 2450 338 2520 δ’
349 2458 399 2531 τίς
410 2448 492 2532 τούς
506 2450 653 2540 τρόκους
666 2448 904 2540 διτοβλίφειαν,
917 2451 1009 2522 ούκω
1018 2452 1153 2539 σφόδρα
1170 2464 1187 2515 d

188 2552 371 2638 πιστεύειν,
391 2549 470 2621 ὥστ’
488 2558 523 2622 εί
531 2559 593 2622 καί
601 2579 650 2632 τις
670 2546 773 2633 ἄλλος
790 2551 924 2645 τολμῴη
937 2554 1013 2640 τερλ
1026 2552 1155 2632 αύτούς

190 2653 444 2743 ἐξαμαρτάνειν,
454 2660 601 2742 νομζειν
608 2652 792 2743 Εύαγόραν
801 2651 920 2732 αύτοίς
931 2660 1067 2723 ἐσεσθαι
1072 2659 1153 2740 βοη-

132 2770 169 2820 εσ
187 2753 266 2827 θόν.
303 2752 387 2845 (ια’.)
408 2757 478 2825 Καὶ
490 2759 654 2824 τοσούτου
665 2758 724 2842 τῆς
739 2753 837 2841 δόξης
855 2755 1155 2842 καραλλατκούσης

189 2852 375 2945 ούδετέρου
386 2855 519 2926 τούτων
532 2853 764 2945 ἐψεύσθησαν·
782 2853 859 2924 ούτε
872 2853 938 2942 γὰρ
953 2854 1089 2944 ἰδιότης
1104 2851 1154 2924 όν

188 2960 374 3029 διετέλεσεν
387 2955 467 3027 ούκε
475 2960 554 3046 κερλ
563 2958 712 3037 ἐκείνους
725 2954 919 3045 ἐξήμαρτεν,
932 2954 1017 3026 ύλλό
1026 2952 1149 3026 τοσαύ-

188 3052 277 3148 τηνό
287 3063 421 3147 δαίμων
428 3064 526 3147 ἔσχεν
533 3056 642 3127 αύτού
648 3057 825 3146 πρόνοιαν,
831 3056 923 3137 όιτως
931 3061 1041 3139 καλῶς
1047 3058 1154 3146 λήγε-

187 3188 243 3231 ται
257 3160 319 3248 τὴν
330 3166 519 3249 βασιλείαν,
532 3156 620 3229 (ὅσθ’
631 3157 696 3229 όσα
708 3158 772 3247 μέν
785 3157 972 3245 ἀναγκαῖον
984 3151 1030 3248 ἦν
1043 3185 1153 3246 καρα-

190 3263 423 3350 σκευασδῆναι
438 3258 483 3331 δι’
497 3259 667 3349 ἀσεβείας,
679 3265 786 3329 ταύτα
798 3259 862 3348 μλν
875 3262 987 3348 ἕτερος
1001 3264 1156 3347 ἐκραξευ,
1173 3288 1188 3323 ε

136 3381 171 3431 26
191 3367 225 3445 ἐξ
240 3353 291 3431 ὦν
305 3361 339 3431 δ’
355 3355 431 3432 οἷόν
443 3359 476 3431 τ’
491 3353 534 3450 ἦν
547 3360 650 3441 ὁσίως
663 3362 721 3431 καλ
735 3365 872 3441 δικαίως
885 3368 1003 3449 λαβεῖν
1015 3359 1079 3447 τήν
1091 3356 1155 3448 ύρ-

189 3464 267 3553 χὴν,
282 3462 445 3555 Εὐαγόρᾳ
458 3463 669 3551 διεφύλαξεν.
696 3456 745 3541 εἷς
758 3461 826 3550 γόρ
838 3463 908 3529 τόν
921 3461 1154 3531 δυναστευόν-

188 3592 259 3635 των
267 3564 511 3653 ἐπιβουλεύσας
523 3562 584 3633 τόυ
595 3590 631 3633 τε
643 3562 814 3651 τύραννον
823 3559 995 3632 αἰκέκτεινε
1007 3563 1155 3632 καλσυλ·

189 3674 310 3755 λαβεῖν
317 3664 500 3752 Εύαγόραν
513 3667 740 3751 ἐπεχείρησεν,
752 3656 940 3752 ἡγούμενος
953 3662 996 3732 ού
1009 3664 1154 3752 δυνήσε-

190 3779 272 3837 σθαι
287 3782 466 3855 κατασχεῖν
483 3764 545 3853 τὴν
563 3763 688 3853 ἀρχὴν,
713 3773 746 3836 εί
761 3765 807 3853 μὴ
824 3763 981 3835 κόκείνον
1000 3764 1156 3836 ἐκκοδύν

951 3878 1002 3927 14·
