2859 4334
295 376 357 439 104
579 379 967 458 ιεοιεειιεουεμ)

293 539 431 626 ἔχεικαὶ
451 538 654 624 δυσμένειαν
672 539 729 606 καὶ
750 534 876 618 πολλὰς
896 544 1127 627 βλασφημίας,
1148 533 1198 619 οἷς
1219 536 1260 608 θ’

292 633 385 726 ἡμεῖς
394 636 735 723 συμβεβουλεύκαμεν
743 632 845 704 οὐδὲν
854 636 1012 722 πρόσεστι
1023 638 1162 706 τούτων.
1175 635 1261 707 ἀλλ’

293 745 327 806 εί
336 763 384 814 τις
395 740 489 804 θεῶν
500 737 630 819 αἵρεσίν
641 753 694 803 σοι
706 738 797 821 δοίη,
812 733 894 821 μετα
905 742 1003 815 ποίας
1012 730 1058 803 δν
1068 738 1263 823 ἐπιμελείας
1282 747 1320 804 9⁶

291 836 346 905 καί
368 839 538 921 διατριβῆς
560 832 671 914 εὔξαιο
694 831 755 901 τδυ
776 841 853 921 βίον
876 839 1063 922 διαγαγεῖν,
1090 833 1261 922 οὐδεμίαν

291 927 373 1002 ἕλετ’
389 927 451 1018 ἄν,
468 941 560 1018 εἰπερ
577 934 649 1019 ἐμοὶ
665 931 847 1023 συμβούλῳ
860 938 967 1024 χρῷο,
987 941 1117 1020 μᾶλλον
1131 929 1154 1020 ἢ
1168 934 1260 1001 ταύ-

244 1045 278 1100 69
291 1058 363 1118 την.
388 1027 430 1098 ού
443 1029 508 1118 γὰρ
520 1031 629 1119 μόνον
643 1029 709 1100 ύπδ
725 1038 794 1100 τῶν
806 1029 918 1101 ἄλλων
933 1037 999 1100 ἔσει
1011 1031 1153 1119 ζηλωτὰς
1165 1029 1258 1101 ἀλλὰ

291 1134 347 1201 καλ
372 1131 500 1201 σαυτδν
522 1148 706 1220 μακαριεῖς.
748 1139 801 1212 τίς
825 1134 891 1222 γὰρ
922 1127 965 1200 ἂν
993 1128 1169 1220 ὑπερβολὴ
1193 1133 1259 1217 γέ

292 1255 384 1299 νοιτο
405 1237 463 1317 τῆς
481 1231 638 1319 τοιαύτης
653 1229 886 1318 εὐδαιμονίας,
908 1229 990 1300 ὅταν
1013 1233 1168 1318 πρέσβεις
1187 1232 1258 1316 μὲν

291 1327 419 1417 ἥκωσιν
439 1331 559 1399 ἐκτῶν
574 1337 742 1418 μεγίστων
761 1329 894 1398 πόλεων
915 1333 956 1398 ολ
966 1325 1099 1418 μάλιστ’
1116 1326 1256 1396 εύδοκι-

291 1435 433 1515 μούντες
445 1434 492 1509 είς
500 1426 563 1517 τὴν
575 1425 639 1515 σὴν
649 1432 868 1515 δυναστείαν,
884 1426 965 1515 μετὰ
979 1429 1015 1496 δέ
1026 1427 1155 1496 τούτων
1165 1437 1255 1516 βου-

290 1527 374 1618 λεύη
387 1530 465 1611 περὶ
479 1535 536 1614 τῆς
550 1535 665 1614 κοινῆς
680 1533 862 1614 σωτηρίας,
878 1530 953 1614 περὶ
968 1519 1008 1615 ἦς
1024 1525 1133 1607 ούδεὶς
1151 1525 1256 1607 ἄλλος

243 1646 279 1703 70
291 1628 478 1716 φανήσεται
493 1628 652 1715 τοιαύτην
664 1628 831 1714 πρόνοιαν
846 1629 1085 1713 πεποιημένος,
1100 1625 1284 1714 αίσθύυηο

291 1727 328 1797 δὲ
343 1724 554 1814 τὴνἙλλάδα
565 1735 677 1794 πᾶσαν
691 1722 804 1813 ὀρθὴν
814 1719 923 1794 οὖσαν
934 1723 989 1812 ἐφ’
1006 1721 1056 1806 οἷς
1072 1725 1114 1793 σύ
1125 1728 1255 1812 τυγχά-

290 1853 359 1905 νεις
374 1824 611 1911 εἰσηγούμενος
616 1877 626 1910 ,
641 1827 756 1913 μηδείς
770 1823 804 1894 δ’
819 1822 989 1913 ὀλιγώρως
1004 1831 1061 1915 ἔχη
1074 1834 1142 1894 τῶν
1158 1824 1253 1910 παρὰ

291 1926 343 1993 σοί
353 1927 626 2011 βραβευομένων,
638 1921 712 1993 ἀλλ’
729 1928 764 1993 ολ
771 1925 834 2012 μὲν
844 1925 1088 1992 πυνθάνωνται
1099 1926 1175 2010 περὶ
1186 1922 1253 1993 αύ-

290 2030 374 2110 τῶν,
396 2024 434 2090 έν
449 2017 499 2103 οἷς
512 2025 618 2111 ἐστὶν,
641 2028 676 2092 ολ
693 2020 726 2092 δ’
745 2022 909 2110 εύχωνταί
922 2043 960 2092 σε
983 2021 1028 2111 μὴ
1043 2029 1252 2109 διαμαρτεῖν,

291 2115 340 2191 ύν
352 2122 583 2210 ἐπεθύμησας,
599 2127 633 2192 οί
641 2125 678 2191 δὲ
689 2127 838 2210 δεδίωσι,
854 2120 899 2210 μὴ
911 2122 1077 2209 πρότερόν
1095 2147 1125 2190 τι
1136 2121 1254 2211 πάθης

242 2237 275 2295 71
291 2225 371 2308 πρὶν
386 2225 479 2301 τέλος
493 2225 660 2292 ἐπιθεῖναι
674 2237 743 2302 τοῖς
756 2223 1011 2310 πραττομένοιςς
1030 2213 1079 2290 ὦν
1093 2223 1254 2308 γιγνομέ-

290 2347 362 2391 νων
375 2327 446 2400 πῶς
461 2319 524 2390 ούκ
538 2319 583 2391 ἂν
604 2322 740 2402 εἰκότως
755 2326 838 2410 μέγα
854 2329 1033 2409 φρονοίηςς
1052 2329 1121 2401 πῶς
1135 2320 1168 2390 δ’
1187 2320 1253 2390 ούκ

291 2416 335 2488 ἄν
349 2416 529 2507 περιχαρὴς
541 2414 590 2489 &v
604 2418 665 2488 τόν
677 2427 755 2509 βίον
770 2425 968 2506 διατελοίης,
983 2419 1191 2507 τηλικούτων
1203 2426 1253 2489 εί-
1268 2443 1284 2482 0

291 2515 358 2598 διδς
373 2517 501 2586 σαυτὸν
520 2521 727 2606 πραγμύτων
748 2520 927 2606 ἐπιστάτην
941 2521 1181 2606 γεγενημένους
1202 2525 1252 2598 τίς

291 2615 322 2686 δ’
339 2615 402 2686 ούκ
413 2613 457 2684 δν
467 2623 536 2686 τῶν
547 2621 603 2687 καὶ
613 2625 754 2706 μετρίως
769 2622 990 2706 λογιζομένων
1001 2616 1123 2696 ταύτας
1137 2615 1181 2685 ἄν
1195 2636 1251 2686 σοι

290 2718 502 2801 παραινέσειε
516 2717 659 2804 μάλιστα
680 2728 918 2805 προαιρεῖσθαι
937 2724 1006 2785 τῶν
1022 2717 1177 2803 πράξεων
1190 2714 1252 2796 τὰς

289 2811 465 2901 ἀμφότερα
497 2819 616 2902 φέρειν
641 2815 710 2903 ἅμα
737 2820 926 2903 δυναμένας
951 2814 1061 2901 ὥσπερ
1087 2812 1250 2903 καρπούς,

292 2911 415 3001 ηδονύς
429 2911 469 2981 θ’
483 2912 761 3003 ὑπερβαλλούσας
778 2913 942 3003 καὶτιμὰς
957 2912 1229 2998 ἄνεξαλείπτους;

243 3035 276 3091 72
381 3010 453 3099 (λ’.)
481 3008 621 3099 Ἀπέχρη
646 3012 678 3081 δ’
707 3012 752 3084 ἄν
778 3041 835 3102 μοι
860 3013 901 3083 τοὶ
927 3018 1151 3102 προειρημένα
1174 3015 1251 3098 περὶ

290 3108 431 3196 τούτων,
444 3115 474 3178 εί
482 3108 528 3197 μὴ
539 3108 844 3202 παραλελοιπολςῆυ
854 3140 929 3182 τινα
940 3114 1054 3202 λόγον,
1067 3113 1129 3183 ούκ
1140 3113 1250 3202 ἄμνη-
1263 3117 1281 3172 d

290 3210 439 3298 μονήσας
454 3206 529 3278 ἄλλ’
542 3207 688 3298 ὀκνήσας
702 3218 824 3299 εἰπεῖν,
840 3209 881 3280 δν
894 3211 957 3301 ἤδη
968 3239 1026 3300 μοι
1038 3217 1127 3282 δοκῶ
1139 3213 1250 3300 δηλούι·
1342 3285 1343 3294 ,

290 3330 380 3379 σειν·
402 3307 493 3395 οἶμαι
507 3305 573 3396 γὰρ
584 3316 641 3379 σοί
651 3337 686 3378 τε
697 3315 884 3398 συμφέρειν
896 3309 1037 3381 ἀκούσαι
1048 3315 1122 3399 περὶ
1136 3311 1250 3382 αὐτῶν

291 3411 366 3495 έμοί
382 3433 418 3475 τε
433 3407 617 3494 προσήκειν
630 3406 713 3494 μετὰ
730 3415 932 3496 παρρησίας,
957 3407 1068 3498 ὥσπερ
1085 3419 1248 3497 εῖθισμαι,

290 3516 461 3578 ποιεῖσθαι
475 3503 555 3585 τούς
568 3505 700 3592 λόγους.

121 3658 124 3665 .
241 3624 274 3677 73
374 3603 467 3693 (λα’.)
478 3604 694 3692 Αίσθύνομαι
705 3607 771 3692 γύρ
779 3628 817 3676 σε
828 3607 1168 3690 διαβαλλόμενονύπό
1181 3618 1249 3678 τῶν
