2859 4334
324 423 386 488 244
612 427 795 487 120pr
805 427 933 487 ΤΟΤΣ
947 429 992 498 (Ι)

326 592 465 676 λέχθην·
487 587 600 674 ἐπειδὴ
616 583 648 655 δ’
665 583 708 653 ού
723 584 805 653 κατὰ
821 585 900 664 τούς
915 584 1039 667 αύτούς
1048 589 1199 674 χρόνους
1214 585 1235 654 ό
1248 613 1280 654 τε

325 695 382 774 τῆς
396 684 525 775 ἡλικίας
537 693 596 772 τῆς
611 688 690 772 ἐμῆς
705 683 821 768 καιρός
835 687 972 754 καὶτῶν
987 693 1057 754 σῶν
1072 688 1279 774 πραγμάτων

326 789 546 875 συμβέβηκεν,
561 781 635 854 άλλ’
652 782 718 871 έγύ
733 784 795 871 μὲν
810 794 1049 874 προαπείρηκα,
1067 784 1108 854 τά
1124 788 1162 854 δὲ
1173 786 1279 871 πράτ-

326 895 443 954 τεσθαι
468 891 533 952 νῦν
559 880 670 971 άκμὴν
693 891 847 969 εἴληφεν,
880 880 925 962 ὡς
956 881 1030 952 οἷόν
1063 882 1094 953 τ’
1129 887 1222 954 ἐστὶν
1246 888 1278 952 ἐκ

326 1011 394 1051 τον
409 983 604 1068 παρόντων,
628 980 718 1049 οὕτω
740 1002 792 1048 σοι
813 981 1010 1067 πειράσομαι
1033 987 1183 1069 δηλῶσαι
1208 987 1279 1066 περὶ

326 1079 447 1150 αύτων.

297 1193 316 1250 2
410 1185 480 1271 (β’,)
503 1180 587 1251 Οἶδα
601 1184 664 1268 μὲν
678 1173 759 1266 ούν,
788 1178 839 1248 ὅτι
857 1195 926 1259 τοϊς
941 1182 1192 1268 συμβουλεύειν
1209 1186 1276 1251 έπι-

327 1287 474 1369 χειροῦσι
491 1278 579 1348 πολύ
597 1283 748 1366 διαφέρει
764 1277 808 1366 μὴ
824 1279 879 1348 διά
893 1279 1098 1367 γραμμάτων
1109 1291 1279 1349 ποιεῖσθαι

328 1379 389 1468 τὴν
405 1388 591 1447 συνουσίαν
604 1375 678 1449 ἀλλ’
694 1375 818 1458 αύτούς
832 1381 1095 1466 πλησιάσαντας,
1112 1379 1155 1448 ού
1174 1382 1278 1467 μόνον

328 1478 379 1548 ότι
395 1481 469 1566 περὶ
489 1486 557 1546 τῶν
576 1475 689 1546 αύτων
710 1479 917 1566 πραγμάτων
936 1482 1021 1570 βᾷον
1039 1477 1083 1547 άν
1097 1507 1149 1558 τις
1163 1506 1279 1563 παραυ

328 1576 412 1663 πρὸς
425 1577 576 1664 παρόντα
613 1579 776 1664 φράσειεν
795 1574 816 1665 ἦ
832 1577 876 1646 δι’
897 1582 1070 1668 ἐπιστολῆς
1086 1581 1278 1668 δηλοόσειεν,

329 1675 403 1745 οὐδ’
424 1675 476 1746 ὅτι
495 1678 618 1756 πάντες
642 1692 710 1756 τοῖς
731 1682 922 1766 λεγομένοις
948 1688 1076 1766 μᾶλλον
1096 1677 1118 1765 ἢ
1141 1696 1213 1759 τοῖς
1228 1706 1280 1765 γε·

328 1779 529 1868 γραμμένοις
540 1778 746 1862 πιστεύουσι,
762 1780 895 1846 καὶτῶν
908 1781 970 1864 μὲν
986 1778 1029 1859 ὡς
1040 1781 1280 1866 είσηγημάτων,
1327 1779 1336 1810 '

301 1885 398 1948 στύν
414 1876 446 1945 δ’
471 1875 515 1955 ὡς
535 1877 731 1963 ποιημάτων
751 1885 929 1946 ποιοῦνται
950 1876 1012 1966 τὴν
1033 1877 1217 1963 ἀκρόασιν·
1241 1886 1345 1947 ἒτιεσό1

330 1979 366 2046 δὲ
383 1975 466 2062 πρὸς
482 1979 611 2056 τούτοις
625 1978 662 2044 έν
675 1977 738 2062 μὲν
757 1992 827 2055 ταις
848 1986 1042 2056 συνουσίαις
1069 1973 1114 2064 ἦν
1126 1975 1282 2066 άγνοηθη

330 2104 360 2144 τι
374 2084 442 2146 τῶν
457 2079 647 2162 λεγομένων
662 2072 740 2164 ἢμὴ
756 2083 931 2165 πιστευθῇ,
947 2075 1065 2161 παρεόν
1079 2074 1170 2144 ότόν
1181 2079 1282 2164 λόγον

331 2170 462 2256 διεξιόν
478 2171 680 2259 ἀμφοτέροις
693 2175 823 2253 τούτοις
838 2175 1018 2262 ἐπήμυνεν,
1034 2177 1071 2242 έν
1082 2177 1119 2244 δὲ
1129 2190 1199 2253 τοῖς
1211 2178 1283 2244 ἐπι-

331 2273 559 2360 στελλομένοις
574 2275 628 2340 καλ
642 2277 885 2361 γεγραμμένοις
895 2272 938 2360 ἤν
950 2302 981 2342 τι
991 2281 1103 2363 συμβῇ
1116 2282 1284 2358 τοιοῦτον,

330 2371 394 2441 ούκ
407 2380 498 2442 ἔστιν
513 2371 530 2441 ὁ
546 2374 762 2458 διορθύσων·
785 2366 930 2452 άπόντος
942 2370 1006 2459 γάρ
1017 2381 1078 2441 τοῦ
1090 2375 1284 2460 γράψαντος

330 2479 436 2558 ἔρημα
451 2479 511 2539 τοῦ
524 2473 757 2560 βοηθήσοντός
778 2475 876 2540 ἐστιν.
911 2469 951 2539 οὐ
978 2469 1045 2560 μὴν
1071 2470 1148 2542 ἀλλ’
1170 2471 1283 2558 ἐπειδὴ

330 2570 373 2640 σύ
400 2575 529 2658 μέλλεις
549 2571 663 2640 αὐτῶν
682 2578 819 2641 ἔσεσθαι
845 2569 974 2659 κριτὴς,
1000 2570 1124 2652 πολλάς
1149 2576 1285 2650 ἐλπίδας

330 2677 394 2758 ἔχω
420 2672 633 2759 φανήσεσθαι
665 2675 823 2760 λέγοντας
846 2669 932 2759 ἡμᾶς
961 2699 992 2739 τι
1023 2679 1092 2739 τῶν
1118 2673 1284 2758 δεόντων·

329 2772 475 2861 ἡγοῦμαι
489 2772 554 2861 γάρ
574 2771 706 2855 ἁπάσας
728 2773 854 2860 ἀφέντα
875 2795 912 2842 σε
932 2770 990 2852 τάς
1011 2778 1207 2860 δυσχερείας
1228 2772 1286 2851 τὰς
1342 2857 1343 2860 ¹

330 2873 571 2959 προειρημένας
581 2871 696 2952 αύταῑς
707 2888 778 2952 ταλς
790 2871 927 2957 πράξεσι
939 2874 1112 2954 προσέξειν
1119 2868 1181 2938 τόν
1187 2878 1283 2939 νοῦν.
1294 2882 1306 2933 b
1342 2881 1343 2930 λ

304 2992 320 3044 λ
414 2971 487 3059 (γ’.)
510 2978 626 3041 Καίτοι
643 2975 731 3050 τινὲς
745 2969 808 3059 ἤδη
824 2998 865 3056 με
881 2978 950 3039 τῶν
963 2974 1015 3038 σοὶ
1027 2971 1286 3055 πλησιασάντων

330 3073 489 3158 έκφοβελν
500 3072 725 3158 ἐπεχείρησαν,
737 3074 899 3157 λέγοντες,
913 3067 957 3148 ὡς
967 3067 1011 3136 σύ
1023 3065 1173 3155 τούςμὲν
1185 3077 1285 3136 κολα-

331 3170 492 3248 κεύοντας
505 3176 617 3259 τιμᾷς,
641 3177 710 3239 τῶν
732 3170 769 3239 δὲ
789 3167 1094 3257 συμβουλευόντων
1112 3193 1285 3254 καταφρο-

331 3283 406 3349 νεῑς.
431 3266 496 3354 έγά
511 3265 544 3336 δ’
564 3275 594 3338 εί
605 3269 667 3355 μὲν
681 3267 893 3355 ἀπεδεχόμην
907 3267 987 3348 τούς
1004 3269 1128 3354 λόγους
1144 3271 1285 3345 τούτους

331 3369 479 3453 ἐκείνων,
495 3367 623 3455 πολλὴν
638 3364 683 3436 άν
698 3367 841 3456 ἡσυχίαν
856 3366 960 3454 εἶχον·
986 3376 1051 3435 νῦν
1066 3365 1097 3433 δ’
1118 3364 1231 3446 ούδελς
1244 3365 1284 3433 άν
1341 3369 1342 3380 ’

333 3491 373 3550 με
388 3473 548 3548 πείσειεν,
576 3463 620 3544 άς
636 3461 711 3534 οἷόν
725 3464 750 3533 τ’
774 3470 841 3534 ἐστὶ
862 3473 1027 3534 τοσοῦτον
1041 3468 1094 3534 καλ
1113 3473 1154 3554 τῇ
1170 3466 1284 3552 γνωμῃ

333 3563 386 3631 καλ
400 3577 470 3641 ταῖς
484 3564 621 3647 πράξεσι
632 3570 827 3650 διενεγκεῖν,
844 3561 887 3632 άν
898 3566 944 3652 μή
958 3593 1007 3644 τις
1017 3572 1085 3632 τῶν
1100 3563 1164 3649 μὲν
1174 3574 1283 3648 μαδη·

334 3659 400 3745 της,
426 3669 490 3728 τῶν
509 3659 541 3726 δ’
559 3660 741 3749 άκροατής,
769 3669 837 3731 των
861 3661 891 3730 δ’
914 3661 1050 3750 εὑρετὴς
1070 3667 1218 3748 γένηται,
1234 3663 1303 3728 καλε

302 4067 432 4138 Α
