2859 4334
270 380 372 435 xxxii
665 380 873 436 PRAEFATIO

269 539 391 594 dubitari
415 555 471 597 non
493 540 586 595 debet.
623 538 760 609 Equidem
784 540 936 609 cancellos,
961 558 1032 609 quos
1054 540 1100 596 Bs.
1125 543 1286 597 recensioni

270 610 330 666 cod.
353 612 427 663 ΓΔΕ
446 610 567 677 addidit,
586 625 698 665 monere
718 611 784 679 sivi3
810 628 872 665 cunr
896 611 1024 667 enimes
1045 630 1118 681 quae
1137 614 1176 667 ibi
1195 618 1212 678 ὅ
1231 621 1286 667 223

270 685 438 745 tractantur,
458 683 600 735 recurrant
618 682 825 750 quodammodo
844 688 859 747 9
878 689 942 749 225,
966 686 1087 753 cpperet
1105 684 1286 753 scriptorem,

268 769 353 820 quum
382 752 453 805 haec
487 752 641 821 posteriora
666 753 802 807 scriberet
828 755 961 821 (quaein
985 755 1114 809 omnibus
1138 754 1288 809 codicibus

270 825 402 889 exstent),
426 839 520 891 priora
539 822 589 877 ille
606 823 664 877 iem
689 822 834 878 eliminata
856 824 994 880 habuisse.
1015 855 1048 865 -
1068 832 1120 880 222
1138 821 1287 893 ἀκρασίαν

270 896 300 950 Α.
326 894 414 947 Maius
438 894 501 947 Bu:
529 889 667 961 ἀκρόασιν
695 895 776 949 codd.
800 926 833 935 -
857 891 973 950 δύναιτο
998 912 1062 950 cum
1086 896 1132 951 Or.
1156 899 1187 951 ot
1209 899 1286 966 Aug.

270 966 343 1019 Maio
366 966 432 1020 Bis
457 961 599 1019 δύναιντο.
623 995 657 1005 -
676 971 729 1020 228
752 967 794 1027 τίς
816 959 853 1019 ἀν
875 960 895 1019 οἳ
918 964 984 1020 Bk:
1014 968 1055 1028 τίς
1078 960 1096 1021 ἃ
1121 970 1160 1036 Ε,
1183 987 1227 1029 τις
1244 965 1287 1021 οἷν

274 1040 327 1089 ΓΔ.
343 1066 377 1075 -
392 1041 444 1089 224
462 1035 596 1107 πολιτῶν]
615 1036 757 1103 σοφιστῶν
775 1036 830 1105 Bs,
849 1054 940 1091 errore
958 1038 1059 1091 ductus
1078 1037 1176 1092 Orellii
1194 1041 1287 1108 (opud

269 1123 351 1175 quem
372 1125 395 1160 v.
416 1123 434 1174 p
462 1110 533 1173 458).
553 1137 586 1146 -
606 1107 729 1175 δηλῶσαι
751 1108 780 1161 in
802 1107 827 1161 Θ
850 1107 983 1161 omissum
1008 1123 1071 1161 cum
1089 1108 1197 1163 Orellio
1215 1110 1285 1163 edd.

268 1176 313 1231 Bs.
337 1179 373 1245 (v.
400 1176 485 1231 etium
505 1176 603 1245 Turn).
622 1208 657 1217 -
675 1172 749 1246 ἡμᾶς
771 1177 828 1246 (Or.
847 1179 898 1231 Bk.
917 1177 974 1245 Bs.)
997 1183 1027 1234 et
1049 1173 1195 1246 ἑκατέροις
1218 1180 1286 1247 (Bk.

270 1248 325 1314 Bs.)
344 1266 373 1301 rn
393 1248 418 1302 Θ
436 1250 544 1301 exstare
562 1249 682 1302 testetur
700 1247 836 1313 Cobetus,
855 1268 909 1303 non
928 1245 1008 1319 ἡμῶν
1027 1252 1057 1304 et
1075 1244 1227 1318 ἑκατέρων.
1248 1282 1287 1291 -

271 1316 345 1374 inor.
365 1318 421 1372 τῶν
441 1313 534 1372 αύτῶν
555 1318 640 1373 ἕνεκα
654 1336 715 1373 σον.
730 1336 793 1374 cum
807 1318 852 1374 Or¹
867 1318 924 1383 Bs.;
944 1339 967 1373 τ.
985 1314 1047 1376 οιύτ.
1066 1319 1106 1375 ἓν.
1121 1338 1183 1375 σον.
1203 1315 1287 1377 incr.

270 1395 301 1446 A.
322 1389 418 1444 Maius.
439 1419 473 1429 -
491 1384 616 1452 ιἰτιάοαις
639 1389 750 1459 scripsi:
774 1386 806 1445 ἕν
829 1386 878 1446 ἀπ.
899 1392 930 1445 Θ.
952 1422 983 1430 -
1003 1386 1107 1452 αύτούς
1127 1390 1186 1447 Be:
1210 1390 1288 1460 πρὸς

269 1456 375 1522 αὐτούς
393 1460 426 1514 Θ.
442 1490 475 1499 -
490 1458 549 1529 ἔχει
567 1461 676 1529 scripsi:
696 1457 754 1528 εἶχε
776 1462 807 1514 Θ.
828 1492 861 1502 -
876 1457 915 1524 ῶς
933 1456 1007 1530 ἡμᾶς
1025 1477 1079 1516 om
1098 1480 1132 1531 pr
1152 1467 1178 1516 Γ
1189 1463 1286 1531 Turn,

270 1536 345 1587 recte
365 1529 517 1585 secundum
536 1530 615 1585 illum
632 1532 823 1586 recensionem
846 1535 883 1598 (v.
902 1533 1005 1601 supro).
1026 1562 1060 1573 -
1078 1538 1131 1587 226
1150 1528 1212 1587 ἀλλ’
1232 1536 1286 1588 ἴνα

269 1599 338 1673 uri]
359 1602 432 1656 mele
449 1602 520 1656 haec
534 1602 685 1657 cohaerent
703 1619 767 1655 cum
780 1603 982 1673 superioribus;
1001 1621 1100 1672 perum
1114 1604 1190 1657 enim
1202 1608 1287 1659 recte

269 1674 295 1729 ei
314 1674 362 1743 qui
381 1673 516 1727 malitiosi
534 1672 675 1742 sstutique
694 1673 811 1728 eredere
837 1673 954 1742 cupiunt
975 1678 1154 1743 opponuntur
1173 1675 1213 1730 eis
1232 1677 1285 1743 qui

270 1743 468 1825 consuetudine
488 1742 626 1798 melorum
645 1744 789 1798 hominum
811 1744 952 1814 indigent,
970 1748 1000 1799 et
1017 1744 1052 1799 de
1076 1746 1206 1800 omnibus
1225 1747 1285 1799 dis-

268 1817 368 1955 titt}
382 1814 1285 1955 tiit{tittedidit?ttddtttttntttt

268 1958 336 2027 quid
355 1957 488 2011 hocloco
507 1956 646 2011 exstitisse
665 1956 788 2022 videtur,
808 1974 870 2011 cum
889 1956 1053 2025 praesertim
1071 1958 1115 2011 his
1134 1958 1285 2012 sententiis

269 2027 475 2098 quodammodo
496 2026 628 2096 repetitio
651 2026 702 2082 fist
725 2044 834 2093 eorum,
860 2044 932 2095 quae
955 2027 985 2081 in
1007 2028 1168 2083 recensione
1185 2029 1285 2098 priore

269 2103 353 2154 antec
371 2100 426 2153 iem
445 2098 537 2167 posite
555 2101 634 2153 erunt
652 2098 679 2164 (ς
697 2100 769 2165 223).
791 2130 822 2138 -
842 2092 879 2151 ἀν
897 2103 962 2167 post
979 2100 1054 2162 τίνες
1071 2100 1135 2153 add.
1157 2103 1206 2153 ΓΔ
1226 2099 1281 2153 Bk.
1360 2121 1361 2142 ι

270 2201 302 2211 -
328 2166 403 2224 εἶναι
425 2165 564 2231 τοιούτοις
587 2168 642 2223 Seu
663 2187 690 2238 p.
714 2169 807 2224 Turn:
836 2166 911 2223 εἶναι
937 2165 1048 2231 τούτοις
1070 2170 1149 2225 codd.
1174 2201 1207 2211 -
1227 2177 1282 2225 227

269 2238 354 2303 ὄντας
376 2240 433 2294 τῶν
457 2235 501 2309 ε’ν]
526 2234 616 2294 ὄντων
641 2186 672 2297 ἀν
691 2257 725 2309 pr
746 2243 777 2308 Γ,
800 2234 886 2301 ὄντας
908 2235 940 2295 ἒν
959 2242 992 2295 Ε.
1012 2271 1044 2279 -
1064 2246 1117 2295 229
1139 2244 1282 2311 θησαυρι-

269 2310 404 2382 conivens
425 2312 473 2364 ΓΘ
491 2310 555 2365 Β1τ.τ
578 2307 765 2380 ταμιεύοντος
783 2312 834 2364 ΔΕ
853 2310 953 2365 Hevet
972 2342 1006 2350 —
1025 2316 1078 2365 230
1097 2313 1177 2379 εἴπερ
1196 2307 1227 2382 ἡ]
1255 2312 1285 2367 εἰ

268 2402 302 2452 pr
322 2386 353 2436 Γ.
374 2413 406 2421 -
425 2378 511 2436 ταύτὰ
533 2378 574 2450 (τὸ
594 2376 677 2452 αύτύ)
694 2379 749 2449 γάρ
765 2380 861 2437 Orell.:
881 2378 913 2435 τὸ
932 2378 995 2450 γάρ.
1017 2413 1048 2421 -
1064 2377 1150 2436 ταύτό
1169 2380 1239 2449 uio.
1257 2385 1283 2437 Θ
1359 2385 1360 2392 ’

270 2454 353 2509 Orell.
374 2451 419 2522 (oi.
439 2452 525 2508 etiem
543 2451 614 2520 Bk),
634 2446 737 2507 ταύτόν
756 2449 825 2520 τὲφ.
839 2450 898 2507 Ber
916 2453 999 2507 τούτο
1019 2450 1087 2538 oio.
1107 2456 1171 2507 cett.
1206 2454 1281 2508 Aliis

268 2525 358 2578 modis
385 2524 541 2579 sententies
568 2524 713 2579 subvenire
742 2524 893 2592 temptavit
918 2522 1014 2578 Debre
1043 2544 1074 2577 το
1102 2518 1157 2592 γάρ
1185 2521 1281 2579 αἴτιόν

268 2613 344 2657 τινος
363 2592 394 2651 ἐν
412 2588 502 2649 ἀποισι
520 2595 603 2649 τοῦτο
623 2589 687 2662 κτῶ,
711 2594 757 2647 vel
780 2590 952 2661 ἐργάζεσθαι
976 2611 1025 2662 pro
1049 2591 1139 2664 ἔνεργ.
1166 2612 1281 2651 manen·

269 2667 344 2722 tibus
363 2665 463 2721 ceteris
482 2682 553 2733 ques
573 2666 679 2721 tradite
701 2667 774 2719 sunt.
794 2695 827 2705 -
847 2671 897 2718 232
918 2660 1027 2727 ἐκεῖνος
1049 2664 1102 2734 μὲν
1126 2661 1181 2735 γάρ
1201 2666 1280 2719 Oret-

271 2736 332 2794 lius.
352 2768 384 2777 -
404 2731 586 2807 ἀγαπᾶσθαι]
605 2732 735 2806 ἀγασθαι
754 2737 779 2789 Θ
797 2752 861 2790 cum
883 2753 932 2805 mg
950 2737 975 2789 E
994 2752 1023 2791 rc
1040 2756 1074 2805 γρ
1096 2739 1153 2790 ΓΔ.
1173 2768 1206 2775 -
1225 2742 1281 2790 234
1358 2775 1359 2780 ,

269 2802 309 2862 ῶν
333 2807 379 2862 Or.
401 2811 450 2862 ΓΔ
467 2805 533 2863 Bk:
552 2797 588 2876 ἦν
612 2808 670 2862 ΕΘ.
692 2837 725 2847 -
749 2800 833 2872 ἀξιόιν
857 2802 932 2860 εἶναι
954 2806 1010 2860 τῶν
1029 2801 1101 2862 ‘Eis
1126 2802 1223 2876 ἄρχειν
1246 2809 1279 2861 Θ.

271 2911 303 2918 -
322 2874 448 2948 ἀνήγαγε
469 2879 501 2934 O.
516 2908 550 2918 -
566 2884 617 2933 235
636 2878 691 2932 τῶν
710 2881 774 2948 post
792 2872 905 2945 ἀνδρῶν
921 2876 983 2931 add.
1002 2881 1050 2932 ΓΔ
1063 2876 1114 2931 Bk.
1148 2877 1279 2933 Ceterum

268 2966 341 3019 quae
363 2950 411 3004 hic
428 2949 584 3003 inferuntur
606 2948 648 3005 ite
669 2948 866 3019 repetitionem
889 2964 984 3003 eorum
1009 2965 1082 3016 quue
1101 2949 1184 3003 modo
1204 2948 1282 3003 dicte
1357 2999 1358 3006 ,

269 3025 333 3076 sunt
351 3021 507 3088 continent,
530 3024 563 3075 ut
580 3021 654 3075 hunc
672 3020 766 3074 iocum
789 3024 805 3085 ξ
823 3025 963 3073 tel-2³6
982 3022 1119 3088 uppereut
1135 3036 1192 3074 non
1209 3020 1281 3073 sutis
1357 3041 1358 3046 ¹

269 3091 439 3163 perpolitum
461 3107 528 3147 esse.
565 3095 658 3161 Atque
687 3107 751 3144 oum
775 3090 871 3145 eedem
897 3106 1008 3159 prorsus
1029 3090 1113 3144 tertio
1136 3094 1282 3145 recurrent
1357 3158 1358 3163 η

270 3170 284 3229 s
303 3169 444 3219 roe-308
462 3162 507 3230 (ci.
527 3163 613 3217 etiem
632 3164 708 3231 313),
731 3161 897 3216 coniecerim
916 3160 987 3215 duos
1005 3160 1179 3217 recensiones
1197 3163 1226 3215 iu
1245 3161 1279 3215 li·
1357 3168 1358 3191 ¹

268 3235 327 3290 bris
346 3232 448 3288 nostris
468 3235 595 3288 contusos
614 3250 688 3299 esse,
707 3231 951 3301 eliminavisseque
970 3230 1133 3301 scriptorem
1152 3233 1280 3286 secundis

270 3304 342 3359 curis
362 3310 377 3370 ξ
396 3310 547 3372 231-236,
565 3304 669 3375 quippe
687 3320 760 3373 quoe
778 3304 879 3359 merito
895 3302 949 3358 sibi
968 3318 1023 3357 non
1039 3303 1108 3357 sctis
1126 3302 1274 3371 placerent

271 3407 304 3417 —
323 3374 457 3446 πολιτῶν]
480 3377 622 3444 σοφιστῶν
643 3376 667 3428 Θ
692 3392 756 3428 cum
779 3392 827 3444 mg
846 3376 871 3427 E
893 3391 922 3428 rc
946 3393 979 3441 γρ
1001 3376 1050 3427 ΓΔ
1068 3372 1154 3428 Orsll.
1174 3404 1207 3413 -
1227 3380 1281 3429 236
1356 3425 1357 3438 ,

270 3442 320 3516 τὴν
344 3449 408 3516 post
430 3441 565 3515 τοιαύτην
588 3447 651 3500 edd.
673 3449 730 3499 ΓΔ.
751 3476 783 3484 -
802 3440 902 3515 φύσιν]
926 3445 1093 3513 παραίνεσιν
1117 3446 1142 3498 h.
1162 3460 1186 3501 e.
1210 3464 1280 3514 τιρο-

269 3520 376 3587 αίρεσιν
397 3518 428 3571 Θ.
451 3548 483 3557 ·-
503 3523 554 3571 237
574 3517 622 3571 scri
640 3513 706 3579 τούς
723 3511 828 3577 τόσους
848 3516 880 3569 Θ.
897 3547 928 3554 —
944 3522 1006 3577 ταῖς
1023 3510 1079 3569 ὑπὸ
1098 3515 1154 3569 τῶν
1171 3518 1280 3585 θεσμο-

270 3589 363 3643 θετῶν
392 3591 418 3641 Γ
441 3588 503 3657 (sed
518 3590 629 3646 ,notata
656 3586 874 3676 praepositione)
901 3585 953 3639 Bk.
982 3616 1015 3627 -
1043 3582 1109 3648 τούς
1140 3581 1282 3649 ἀναιτίοις

270 3657 430 3728 ἐφεστῶτας
448 3658 482 3714 Κ.
503 3690 535 3700 -
554 3654 620 3721 τούς
642 3678 658 3711 τ
694 3653 726 3712 ἐν
751 3655 796 3712 Bs.
821 3658 913 3711 Turre
940 3653 1007 3719 τοὺς
1030 3652 1070 3711 ἐν.
1089 3686 1119 3697 ·-
1142 3662 1194 3711 239
1213 3676 1279 3711 παι·
1355 3677 1356 3714 4

271 3727 390 3799 δεύομεν
409 3727 456 3785 eici
475 3748 528 3798 τιερ
548 3729 593 3785 Or.
615 3732 664 3783 ΓΔ
682 3725 748 3781 Bk:
771 3724 976 3798 παιδευόμενοι
993 3722 1068 3796 ἀττερ
1087 3728 1120 3794 Θ,
1142 3725 1275 3782 unedred-
