2859 4334
291 401 314 463 4
564 398 913 480 [ιεοιιεᾼνουε]
936 400 984 477 (1)

292 571 355 661 μὲν
371 571 439 662 γὰρ
451 578 511 660 τής
528 577 597 640 τεόν
609 571 789 661 χρημάτων
807 565 970 661 εύπορίας
988 584 1140 658 σημεῖον,
1157 572 1259 638 τοῦτο

292 674 331 744 δὲ
347 679 408 762 τῆς
422 679 491 743 τῶν
507 672 642 762 τρόποιν
655 678 909 758 καλοκαγαθίας
921 671 1108 760 τεκμήριον.
1124 677 1205 758 τίμα
1218 668 1258 740 τό

292 775 466 864 δαιμόνων
480 769 533 843 ύελ
545 773 620 861 μὲν,
633 773 776 861 μάλιστα
789 772 829 842 δὲ
841 772 923 861 μετὰ
936 777 995 861 τής
1008 771 1152 851 πόλεως·
1167 769 1259 841 οῦτοι

291 875 357 964 γὰρ
375 876 480 958 δόξεις
505 873 573 962 ἅμα
596 900 632 944 τε
654 890 727 955 τοῖς
742 885 837 954 θεοῖς
853 873 953 944 δύειν
970 875 1029 943 καί
1045 887 1117 954 τοῖς
1140 872 1260 962 νόμοις

242 989 275 1042 14
293 979 455 1066 ἐμμένειν.
472 980 624 1056 τοιοῦτος
637 983 759 1062 γίγνου
771 974 849 1063 περὶ
865 974 946 1055 τοῦς
959 989 1083 1063 γονεῖς,
1100 978 1195 1054 οἵους
1212 969 1258 1042 ἂν
1276 1004 1292 1038 ι

292 1077 406 1161 εῦξαιο
423 1079 502 1167 περὶ
520 1081 667 1146 σεαυτόν
680 1076 842 1164 γενέσθαι
857 1077 939 1156 τούς
957 1079 1103 1144 σεαυτοῦ
1122 1079 1258 1155 παῖδας.

291 1178 386 1249 ῦσιιει
402 1182 472 1248 τῦν
489 1179 567 1266 περὶ
583 1179 622 1246 τδ
641 1181 737 1264 σῶμα
751 1183 952 1265 γυμνασίων
968 1174 1014 1265 μή
1030 1177 1072 1245 τό
1091 1176 1177 1265 πρός
1194 1174 1259 1263 τήν

291 1281 408 1370 ῥύμην
425 1275 511 1349 ἄλλδ
527 1279 568 1348 τὰ
586 1277 671 1368 πρός
683 1277 747 1366 τήν
763 1277 915 1364 ῦγίειαν·
933 1277 1058 1347 τούτου
1072 1276 1105 1346 δ’
1120 1272 1165 1346 ῦν
1183 1279 1259 1346 ἐπι-

290 1380 421 1470 τύχοις,
446 1385 479 1450 εί
494 1377 606 1468 λήγοις
629 1381 698 1448 νῦν
715 1378 834 1448 πόνον
852 1384 900 1448 ἔτι
922 1392 1042 1448 πονεῖν
1059 1379 1258 1466 δυνάμενος.
1278 1395 1295 1444 5

241 1493 274 1545 1⁶
290 1481 371 1570 μήτε
387 1481 517 1570 γέλωτα
537 1486 686 1570 προπετῆ
704 1480 824 1568 στίργε
840 1479 923 1567 μήτε
946 1480 1051 1567 λόγον
1068 1479 1148 1567 μετὰ
1166 1478 1258 1568 δρό·

291 1603 373 1664 σους
391 1581 576 1670 ἀποδέχου·
594 1581 633 1651 τό
651 1583 714 1669 μέν
732 1581 800 1669 γοὶρ
818 1577 979 1670 οἷνόητου,
995 1579 1033 1651 τό
1047 1580 1087 1649 δὲ
1103 1577 1258 1668 μανικόν.

288 1680 312 1754 ἃ
325 1699 434 1754 ποιεῖν
447 1681 601 1773 αίσηρὸν,
618 1684 727 1752 ταῦτα
744 1682 853 1770 νόμιζε
865 1682 951 1770 μηδὲ
964 1682 1075 1769 λε’γειν
1090 1681 1177 1752 εἶναι
1193 1709 1257 1751 κα-

289 1786 361 1856 λόν.
399 1792 483 1868 ἔθιζε
507 1782 652 1853 σεαυτόν
670 1781 759 1852 εἶναι
774 1781 820 1871 μή
839 1783 1050 1873 σκυθρωπόν
1067 1782 1153 1852 όλλᾶ
1171 1783 1258 1852 σύν-

289 1904 393 1955 νουν·
408 1879 454 1955 δι’
471 1888 580 1955 ἐκεῖνο
592 1884 657 1972 μὲν
668 1885 735 1975 γὰρ
749 1881 917 1974 αύδόδης,
931 1885 986 1954 διδ
1000 1884 1040 1954 δὲ
1052 1889 1153 1954 τοῦτο
1166 1883 1253 1975 φρό-

289 2013 385 2075 νιμος
397 1985 482 2055 εἶναι
496 1984 610 2066 δόξεις.
628 1983 715 2074 ήγοῦ
730 1985 872 2074 μάλιστα
885 1992 1018 2078 σεαυτῷ
1032 1985 1172 2075 πρέπειν
1183 1983 1257 2075 [κό-

290 2085 387 2176 σμον]
409 2085 589 2175 αἰσχύνην,
607 2087 840 2177 δικαιοσύνην,
860 2087 1104 2177 σωφροσύνην·
1123 2086 1256 2167 τούτοις
1274 2104 1293 2152 b

289 2187 357 2277 γὰρ
374 2185 479 2257 ῦπασι
495 2192 592 2256 δοκεῖ
606 2199 808 2277 κοσμεῖσθαι
826 2187 865 2257 τό
883 2194 953 2257 τόν
969 2189 1144 2273 νεωτέρων
1160 2179 1257 2276 ἦδος.

241 2311 272 2362 ισ
289 2289 456 2380 μηδέποτε
472 2287 579 2377 μηδὲν
603 2288 747 2378 αἰσχρόν
763 2289 905 2376 ποιήσας
922 2295 1029 2372 ἔλπιζε
1046 2289 1176 2376 λήσειν·
1199 2289 1259 2358 καλ

289 2390 355 2477 γὰρ
368 2386 412 2459 διν
424 2389 506 2470 τοῦς
519 2386 644 2470 ἄλλους
655 2389 781 2480 λύθης,
795 2396 927 2482 σεαυτῷ
941 2390 1156 2476 συνειδήσεις.
1175 2389 1258 2472 τούς

289 2493 353 2579 μὲν
364 2489 468 2573 δεούς
479 2488 605 2580 φοβοῦ,
617 2493 698 2571 τούς
709 2490 748 2560 δὲ
756 2506 870 2577 γονεῖς
882 2498 975 2580 τίμα,
989 2491 1071 2572 τοῦς
1085 2491 1125 2560 δὲ
1134 2497 1258 2579 φίλους

290 2592 473 2680 αῖσγύνου,
490 2606 563 2672 τοῖς
576 2589 615 2661 δὲ
627 2591 745 2679 νόμοις
758 2599 892 2662 πείδου.
916 2592 978 2674 τοὶς
990 2585 1117 2680 ήδονόις
1129 2590 1258 2681 δήρευε

289 2693 350 2774 τοὶς
362 2694 443 2782 μετὰ
456 2691 573 2782 δόξης·
591 2692 706 2783 τέρψις
716 2691 913 2786 γύρσύντῷ
927 2699 1021 2785 καλῷ
1029 2692 1092 2780 μὲν
1105 2691 1255 2783 ῦριστον,
1273 2726 1290 2760 ο

241 2808 272 2858 1'1
290 2793 373 2864 ἄνευ
387 2794 427 2864 δὲ
438 2795 561 2864 τούτου
574 2794 745 2865 κάκιστον.
769 2793 916 2882 εὐλαβοῦ
927 2793 989 2876 τοὶς
1002 2793 1174 2883 διαβολδς,
1192 2791 1257 2865 κᾶν

290 2900 429 2976 ψευδεῖς
444 2886 539 2964 ὦσιν·
560 2899 597 2964 οί
605 2894 672 2984 γῦρ
691 2898 811 2965 πολλοὶ
823 2894 886 2984 τήν
898 2895 962 2984 μὲν
974 2893 1139 2984 ἀλήθειαν
1152 2894 1258 2982 ἄγνο-

290 3001 379 3082 οῦσι,
394 2995 479 3082 πρός
494 2996 532 3065 δὲ
544 2994 608 3083 τήν
621 2999 726 3078 δόξαν
739 2996 998 3086 ἀποβλέπουσιν.
1016 2994 1151 3065 ἅπαντα
1164 2996 1258 3066 δόκει

289 3111 399 3166 ποιεῖν
413 3095 458 3177 ιός
471 3100 597 3185 μηδένα
611 3097 740 3184 λήσειν·
755 3100 813 3168 καλ
826 3097 893 3186 γάρ
906 3093 950 3166 ἂν
963 3105 1157 3184 παραυτίκα
1169 3097 1256 3187 κρύ·

290 3212 370 3288 φης,
384 3195 529 3286 ὕστερον
542 3196 698 3286 όφδήσει.
721 3198 863 3287 μάλιστα
876 3195 910 3266 δ’
926 3192 971 3266 ῦν
984 3197 1212 3287 εύδοκιμοίης,
1224 3207 1259 3271 εί

291 3307 426 3385 φαίνοιο
443 3303 552 3368 ταῦτα
568 3297 614 3388 μή
633 3299 806 3388 πράττων,
828 3295 850 3367 ῦ
867 3313 939 3378 τοῖς
956 3298 1069 3380 ἄλλοις
1087 3296 1130 3368 ῦν
1148 3300 1256 3391 πρότ-
1276 3315 1294 3365 δ

241 3413 273 3464 18
289 3420 406 3471 τουσιν
426 3399 614 3493 ἐπιτιμῴης.
651 3399 711 3469 ε’ύν
729 3391 770 3490 ᾖς
788 3401 998 3488 φιλομαθής,
1016 3406 1084 3470 ἔσει
1100 3409 1258 3488 πολυμα-

289 3501 365 3589 δής.
391 3498 493 3589 ῦμεν
512 3505 702 3588 ἐπίστασαι,
721 3503 826 3570 ταῦτα
844 3501 1051 3589 διαφύλαττε
1067 3516 1141 3584 ταῖς
1157 3504 1259 3590 μελό-

290 3628 373 3691 ταις,
391 3598 412 3672 ῦ
430 3604 470 3671 δὲ
486 3604 532 3691 μή
548 3601 759 3690 μεμάθηκας,
777 3601 1014 3691 προσλόμβανε
1027 3616 1101 3684 ταῖς
1120 3603 1258 3693 ἐπιστή-

290 3723 382 3790 μαις·
397 3703 521 3792 ὁμοίως
534 3705 601 3793 γὰρ
614 3705 756 3791 αἰσχρὸν
769 3700 964 3774 όιιούσαντα
977 3702 1141 3792 χρήσιμον
1154 3704 1259 3789 λόγον
