2859 4334
304 402 363 464 114
577 408 757 465 ΙΣΟΚΡΑ
768 409 824 464 TO
836 409 895 465 w:
912 414 972 477 (15)

301 562 447 631 δυνατόν
466 566 626 648 μάλιστα,
649 569 724 648 περὶ
740 559 789 631 όν
809 562 870 649 τὴν
885 573 1002 650 ψῆφον
1023 576 1171 634 οίσονσι.
1195 566 1246 627 καί

299 661 345 748 μὴ
359 674 551 731 πλανᾶσθαι
569 672 608 753 τῇ
623 670 754 751 διανοίᾳ
775 660 853 749 μηδ’
875 661 1076 749 ἀμφιγνοεῖν
1096 663 1175 739 τούς
1189 660 1249 728 τα-

252 787 285 841 53
299 769 388 847 ληθὴ
409 765 573 848 λέγοντας.
604 769 634 829 εἰ
653 764 715 847 μὲν
737 769 854 829 τοίνυν
874 760 1082 849 ἠγωνιζόμην
1105 762 1150 839 ὡς
1172 761 1245 841 περὶ

299 860 433 942 πράξεις
448 860 541 939 τινός
555 859 770 947 ἡμαρτηκὼς,
798 858 860 927 οὐκ
885 857 928 926 δυ
954 856 1023 939 οἷός
1051 859 1081 927 τ’
1097 854 1143 947 ἦν
1163 863 1247 927 ἰδεῖν

299 956 378 1042 ὑμίν
394 956 496 1037 αύτόις
506 974 696 1045 παρασχεῖν,
713 956 786 1026 ἀλλ’
800 957 988 1044 ἀναγκαίως
1000 958 1084 1043 εἰχεν
1098 959 1244 1038 εἰκάζον-

297 1082 355 1135 τας
381 1054 467 1143 ὑμᾶς
490 1060 526 1124 έκ
551 1066 618 1124 των
646 1059 829 1143 εἰρημένων
854 1058 1126 1143 διαγιγνώσκειν,
1154 1055 1274 1133 όπωςε

298 1157 437 1241 ἐτύχετε,
455 1160 609 1241 περὶτῶν
619 1161 877 1243 πεπραγμένων
900 1156 1011 1242 ἐπειδη
1027 1158 1063 1224 δὲ
1079 1158 1154 1237 περὶ
1169 1152 1248 1232 τούς

298 1256 421 1341 λόγους
438 1261 500 1341 ἔχω
515 1255 576 1342 την
590 1263 707 1339 αἰτίαν,
726 1255 815 1341 οἶμαι
833 1262 961 1341 μᾶλλον
973 1255 1054 1341 ύμῖν
1069 1258 1247 1341 ἐμφανιεῖν

249 1379 284 1433 54
296 1352 358 1438 τὴν
373 1350 545 1438 ἀλήθειαν.
570 1351 694 1432 αὐτούς
714 1352 778 1439 γὰρ
802 1352 880 1438 ὑμῖν
901 1358 995 1432 δείξω
1017 1352 1094 1431 τούς
1113 1355 1246 1439 εἰρημέ-

298 1478 379 1531 νους
393 1450 451 1519 ὑπ’
468 1458 551 1539 ἐμοῦ
573 1455 626 1521 καὶ
640 1458 907 1539 γεγραμμένους,
929 1450 1006 1518 ὥστ’
1024 1450 1065 1518 ού
1081 1452 1246 1531 δοξόσαν-

301 1579 354 1632 τες
375 1551 457 1620 ἄλλα
476 1561 592 1639 σαφῶς
605 1555 737 1636 εἰδότες,
747 1552 866 1620 όπολοί
876 1554 964 1630 τινές
974 1558 1046 1635 εἰσι,
1058 1542 1120 1638 ἔην
1130 1557 1248 1635 ψῆφον

298 1660 405 1718 οἰσετε
431 1654 506 1735 περὶ
532 1649 653 1718 αὐτῶν.
687 1650 835 1727 ἅπαντας
859 1650 921 1736 μὲν
952 1644 1016 1716 ούν
1047 1648 1100 1717 διὰ
1130 1653 1249 1726 τέλους
1262 1675 1305 1727 321

298 1758 403 1819 εἰπεῖν
418 1748 480 1817 ούκ
496 1747 540 1817 όν
556 1757 732 1837 δυναίμην·
763 1748 780 1817 ὁ
806 1748 870 1835 γόιρ
891 1753 1011 1841 χρόνος
1032 1747 1049 1815 ὁ
1067 1752 1249 1834 δεδομένος

294 1846 373 1936 ἡμῖν
389 1845 499 1934 ὀλίγος
516 1852 620 1917 ἐστίν·
645 1848 755 1933 ὥσπερ
768 1848 803 1915 δὲ
816 1857 882 1915 των
898 1854 1046 1932 καρπῶν,
1061 1850 1248 1933 ἐξενεγκεῖν

294 1949 436 2013 ἑκάστου
451 1952 565 2033 δεῖγμα
587 1949 794 2032 πειράσομαι.
819 1946 940 2033 μικρόν
952 1946 1017 2033 γὰρ
1029 1951 1128 2033 μέρος
1139 1944 1247 2014 ἀκού-

295 2068 411 2125 σαντες
428 2050 549 2135 όηιδίως
563 2055 599 2116 τό
614 2045 645 2116 τ’
665 2046 747 2133 ἐμόν
761 2041 846 2133 ἦθος
858 2062 1027 2131 γνωριείτε
1039 2050 1092 2114 καί
1103 2053 1172 2112 τῶν
1183 2046 1243 2113 λό-

246 2173 280 2224 55
296 2172 367 2233 γων
389 2146 450 2233 την
473 2150 619 2234 δύναμιν
642 2146 801 2215 ἁπάντων
826 2149 1031 2232 μαθήσεσθε.
1061 2150 1175 2230 δέομαι
1205 2148 1245 2212 δὲ

296 2254 363 2311 των
377 2245 535 2323 πολλάκις
551 2243 793 2331 ἆνεγνωκότων
804 2244 843 2311 τὰ
856 2248 1017 2329 μέλλοντα
1030 2245 1243 2331 ῥηθήσεσθαι

295 2341 338 2429 μη
357 2348 462 2427 ζητεῖν
479 2347 515 2410 ἐν
535 2352 579 2433 τῷ
601 2346 742 2429 παρόντι
756 2339 835 2426 παρ’
859 2347 941 2429 ἐμοῦ
957 2342 1094 2422 καινούς
1108 2344 1243 2428 λόγους,

295 2440 373 2529 μηδ’
392 2440 535 2528 όχίηρόν
550 2471 590 2529 με
607 2451 763 2530 νομίζειν,
783 2441 831 2510 ότι
848 2446 933 2529 λέγω
948 2442 1027 2533 τοὺς
1041 2444 1142 2511 πύλαι
1157 2441 1240 2525 παρ’
1256 2467 1272 2519 b

296 2540 375 2628 ύμῖν
396 2545 729 2630 διατεθρυλημένονς.
754 2550 784 2611 εἰ
796 2543 857 2627 μὲν
870 2540 934 2628 γὰρ
951 2547 1107 2625 ἐπίδειξιν
1122 2543 1243 2610 ποιού-

295 2667 394 2726 μενος
417 2647 532 2728 έλεγον
551 2641 690 2727 αύτούς,
715 2643 848 2719 εἰκότως
872 2638 915 2709 όίν
936 2640 1023 2727 εἰχον
1045 2640 1106 2727 τὴν
1132 2648 1243 2709 αἰτίαν

295 2739 434 2824 ταύτην·
461 2747 526 2806 νῦν
541 2745 576 2808 δὲ
593 2741 789 2827 κρινόμενος
804 2744 857 2807 καί
869 2741 1081 2824 κινδυνεύων
1092 2738 1240 2825 ἀναγκό-

246 2866 279 2920 ςς
297 2843 390 2922 ζομαι
405 2846 548 2922 χρῆσθαι
565 2848 686 2908 τοῦτον
701 2838 761 2906 τόν
775 2840 900 2921 τρόπον
913 2837 1033 2918 αὐτοῖς,
1058 2838 1186 2925 καὶγὰρ
1198 2836 1242 2905 δν

294 2934 431 3000 πόντων
452 2946 524 3020 εἰην
547 2938 883 3023 καταγελαστότατος,
910 2944 941 3005 εἰ
967 2945 1028 3004 τοῦ
1051 2937 1239 3022 κατηγόρου

293 3032 548 3119 διαβάλλοντος,
573 3034 623 3101 ὅτι
639 3037 812 3114 τοιούτους
833 3038 953 3121 γράφω
975 3037 1111 3122 λόγους,
1138 3037 1240 3103 orna)

293 3131 354 3218 την
377 3133 477 3200 πόλιν
500 3136 684 3220 βλάπτουσι
708 3138 763 3201 καί
783 3134 861 3212 τούς
882 3140 1065 3220 νεωτέρους
1082 3140 1239 3220 διαφθεί-

295 3251 403 3317 ρουσι,
418 3229 462 3298 δι’
480 3235 601 3318 ἑτέρων
615 3240 772 3319 ποιοίμην
794 3231 856 3320 την
876 3233 1071 3319 αἰτιολογίαν,
1087 3231 1161 3314 ἐξόν
1176 3229 1238 3300 αύ-

296 3331 372 3409 τούς
394 3334 535 3411 δείξαντι
557 3334 697 3410 τούτους
722 3331 958 3401 ἀπολύσασθαι
986 3329 1048 3418 την
1076 3328 1267 3417 διαβολὴνι

293 3430 354 3511 τὴν
368 3434 550 3515 λεγομένην
564 3434 638 3514 περὶ
652 3430 755 3518 ἡμῶν.

365 3544 463 3628 ’Ῥμᾶς
486 3540 549 3629 μὲν
572 3531 637 3609 ούν
661 3536 743 3619 ἀξιῶ
767 3566 822 3625 μοι
846 3536 902 3606 διό
932 3542 1041 3610 ,ταῦτα
1074 3542 1228 3625 συγγνω-

291 3674 357 3734 μην
388 3652 473 3731 ἔχειν
505 3646 559 3710 καὶ
592 3640 845 3724 συναγωνιστᾶς
873 3647 1069 3727 γίγνεσθαι,
1099 3656 1170 3722 τοίς
1200 3637 1230 3709 δ’
