2859 4334
443 399 574 456 ΚΑΤΑ
593 398 832 456 ΛΟΧΙΤΟΥ.
1050 392 1112 458 235

125 575 143 626 λ
242 557 308 640 (ε’.)
335 553 537 640 Θαυμαστόν
558 552 589 621 δ’
616 561 646 624 εί
658 553 738 633 τούς
760 563 822 641 μὲν
837 558 888 623 ἐπὶ
902 561 961 640 τῆς
975 551 1111 640 ὀλιγαρ-

156 662 228 741 χίας
243 653 446 743 ὑβρίσαντας
461 652 574 734 άξίους
590 653 744 722 θανάτου
758 658 915 740 νομίζετε,
933 649 1013 731 τούς
1027 650 1059 720 δ’
1072 657 1110 721 ἐν

157 759 364 842 δημοκρατίᾳ
388 750 481 821 ταῦτ’
509 756 648 831 ἐκείνοις
669 753 927 839 ἐπιτηδεύοντας
951 749 1109 837 ἀζημίους

156 849 313 936 άφήσετε.
337 857 444 920 καίτοι
466 855 601 930 δικαίως
615 846 659 918 άν
673 857 823 934 μείζονος
838 843 931 919 οὗτοι
951 857 1110 938 τιμωρίας

156 948 372 1035 τυγχάνοιεν·
408 949 645 1035 φανερώτερον
675 948 741 1034 γάρ
771 952 1017 1017 ἐπιδείκνυνται
1048 947 1110 1034 τὴν

157 1047 272 1116 αὑτῶν
285 1055 461 1134 πονηρίαν.
484 1048 575 1129 ὅστις
598 1047 664 1135 γάρ
683 1057 749 1116 νῦν
763 1058 869 1139 τολμᾷ
891 1063 1108 1136 παρανομεῖν,

157 1146 209 1215 ὅτ’
222 1145 286 1215 οὐκ
303 1153 423 1232 ἔξεστι,
447 1156 481 1216 τί
492 1146 562 1216 ποτ’
578 1145 623 1216 άν
638 1152 804 1235 ἐποίησεν,
823 1146 880 1218 ὅθ’
898 1154 932 1217 οί
942 1156 1133 1234 κρατοῦν-ι

157 1273 210 1324 τες
227 1254 285 1332 τῆς
305 1246 432 1326 πόλεως
452 1251 507 1315 καὶ
527 1247 626 1334 χάριν
648 1245 737 1334 εἰχον
757 1262 824 1327 τοῖς
838 1245 878 1315 τά
893 1245 1019 1316 τοιαῦτ’
1034 1251 1109 1328 ἐξα-

156 1345 405 1431 μαρτάνουσινς
494 1407 497 1413 ,

122 1456 142 1504 5
239 1441 305 1521 (ς’.)
318 1441 414 1524 Ἴσως
428 1437 492 1513 οὖν
504 1452 643 1532 [λοχίτης
655 1448 854 1534 ἐπιχειρήσει
867 1446 988 1534 μικρὸν
1000 1462 1109 1516 ποιεῖν

156 1540 194 1610 τό
209 1551 357 1629 πρᾶγμα,
373 1545 545 1630 διασύρων
559 1543 621 1631 τὴν
635 1553 837 1632 κατηγορίαν
846 1548 907 1630 Ἰκαὶ
924 1550 1047 1632 λέγων,
1063 1543 1108 1624 ώς

157 1639 260 1711 οὐδὲν
280 1645 317 1710 ἐκ
337 1651 406 1712 τών
425 1653 565 1732 πληγῶν
584 1643 691 1713 κακόν
711 1652 854 1728 ἔπαθον,
873 1642 957 1714 άλλά
977 1651 1109 1732 μείζους

156 1749 319 1830 ποιοῦμαι
333 1741 412 1823 τούς
425 1745 547 1832 λόγους
560 1743 583 1832 ἢ
598 1743 681 1814 κατά
698 1743 762 1832 την
776 1744 872 1826 άξίαν
885 1753 954 1813 τῶν
967 1771 1106 1832 γεγενη-

155 1847 277 1929 μένων.
329 1843 396 1931 (ζ.)
414 1842 495 1932 ’λδγώ
520 1843 551 1913 δ’
578 1852 608 1914 εί
622 1849 685 1933 μὲν
701 1851 844 1933 μηδεμία
859 1853 992 1932 προσην
1008 1845 1107 1933 ὕβρις

155 1955 224 2020 τοῖς
237 1944 499 2028 πεπραγμένοις,
521 1941 584 2010 οὐκ
605 1943 649 2010 άν
669 1941 744 2012 ποτ’
768 1949 927 2029 είσὴλδον
943 1950 988 2023 είς
1003 1941 1105 2028 ὑμᾶς·

155 2048 222 2108 νῦν
236 2039 265 2108 δ’
282 2041 344 2127 οὐχ
356 2040 442 2129 ὑπὲρ
452 2049 509 2128 τῆς
522 2041 624 2128 άλλης
633 2044 760 2131 βλάβης
771 2050 827 2129 της
839 2045 875 2111 ἐκ
888 2050 956 2110 τών
966 2051 1103 2129 πληγων
1115 2055 1132 2110 d

155 2141 338 2227 γενομένης
352 2139 425 2211 ἀλλ’
446 2139 534 2227 ὑπὲρ
548 2149 605 2228 τῆς
620 2147 728 2221 αίκίας
745 2145 870 2228 καὶτῆς
887 2139 1016 2229 άτιμίας
1035 2143 1106 2229 ἥκω

123 2237 235 2323 6παρ’
253 2238 358 2308 αὐτοῦ
375 2244 472 2327 δίκην
485 2243 684 2328 ληψόμενος,
698 2239 785 2324 ὑπὲρ
802 2235 850 2308 ών
868 2242 1028 2327 προσήκει
1039 2256 1107 2320 τοὶς

154 2342 348 2421 ἐλευθέροις
353 2337 484 2424 μάλιστ’
499 2338 689 2425 ὀργίζεσθαι
700 2344 916 2436 καλμεγίβτης
928 2343 1106 2426 τυγχάνειν

153 2427 323 2522 τιμωρίας.
347 2434 415 2520 ὁρῶ
431 2435 463 2504 δ’
476 2436 573 2524 ὑμᾶς,
590 2437 745 2507 όταυτου
756 2437 953 2525 καταγνῶθ’
971 2444 1099 2524 ίεροσυ
1180 2513 1183 2518 ,

153 2542 231 2603 λίαν
245 2531 268 2620 ἢ
283 2533 429 2621 κλοπὴν,
453 2534 496 2604 οὐ
522 2536 606 2622 πρὸς
627 2535 664 2605 τό
688 2542 831 2625 μέγεθος
857 2531 905 2605 ών
919 2535 963 2605 άν
978 2538 1105 2625 λάβωσι

153 2631 216 2720 τὴν
230 2639 364 2720 τίμησιν
382 2639 606 2721 ποιουμένους
625 2634 699 2705 ἀλλ’
726 2636 848 2724 ὁμοίως
862 2636 1023 2705 ἁπάντων
1038 2638 1105 2705 θά-

154 2760 258 2803 νατον
289 2737 633 2825 καταγιγνώσκοντας,
660 2742 716 2806 καὶ
751 2745 943 2824 νομίζοντας
974 2743 1105 2806 δίκαιον

154 2832 240 2902 εἶναι
255 2831 335 2912 τούς
349 2849 416 2914 τοῖς
433 2833 546 2914 αὐτοῖς
561 2842 671 2923 ἔργοις
693 2839 940 2923 ἐπιχειροῦντας
957 2851 1027 2915 ταις
1042 2834 1105 2904 αὐ-

122 2947 222 3010 τταλς
247 2938 374 3019 ζημίαις
401 2936 610 3015 κολάζεσθαι.
643 2934 705 3022 χρὴ
733 2943 849 3003 τοίνυν
872 2938 927 3004 καὶ
948 2939 1022 3021 περὶ
1038 2942 1133 3003 τῶνε

151 3028 360 3117 ὑβριζόντων
379 3030 441 3118 την
461 3031 567 3120 αὐτὴν
590 3034 730 3121 γνώμην
754 3041 851 3126 ἔχειν,
864 3038 917 3102 καί
938 3032 982 3121 μη
1004 3040 1102 3100 τοῦτο

151 3143 302 3215 σκοπεῖν,
321 3128 409 3217 είμὴ
421 3132 555 3217 σφόδρα
566 3140 770 3217 συνέκοψαν,
786 3132 860 3203 ἀλλ’
878 3141 908 3202 εί
917 3132 978 3201 τόυ
995 3133 1103 3218 νόμον
1154 3155 1157 3208 j

150 3229 358 3314 παρέβησαν,
374 3228 453 3316 μηδ’
472 3229 557 3317 ὑπὲρ
571 3239 633 3298 τοῦ
654 3231 877 3318 συντυχόντος
898 3232 1006 3318 μόνον
1026 3229 1100 3298 ἀλλ’

150 3324 238 3411 ὑπὲρ
252 3325 400 3407 ἅπαντος
413 3337 474 3397 τοῦ
487 3331 616 3414 τρόπον
633 3335 732 3416 δίκην
746 3327 827 3415 παρ’
843 3328 956 3398 αὐτῶν
972 3331 1103 3416 λαμβά-

151 3453 242 3512 νειν,
264 3429 555 3515 ἐνθυμουμένους,
572 3428 624 3498 ότι
638 3432 798 3511 πολλάκις
811 3432 875 3519 ἤδη
889 3435 1003 3519 μικραὶ
1020 3459 1104 3520 προ-

119 3542 137 3594 8
149 3525 271 3612 φάσεις
284 3528 440 3613 μεγάλων
456 3536 569 3596 κακῶν
587 3539 689 3597 αίτιαι
700 3530 870 3616 γεγόνασι,
885 3534 940 3598 καὶ
953 3531 1038 3615 διότι
1050 3527 1105 3599 διά
1119 3545 1167 3601 ³97

151 3625 231 3704 τούς
251 3628 388 3694 τύπτειν
403 3636 594 3714 τολμῶντας
615 3635 661 3707 είς
683 3627 775 3698 τοῦτ’
797 3627 861 3716 ἤδη
890 3631 977 3708 τινὲς
1000 3627 1103 3717 ὀργῆς
