2859 4334
312 400 373 463 142
593 403 908 461 ιΣοιιοκιονΣ
925 407 988 477 (ιιι
1011 400 1014 406 ’

310 568 367 647 τῆς
388 572 529 650 ταραχῆς
551 564 689 648 ταύτης,
721 558 783 629 ούκ
807 559 936 646 ἀλόγως
960 560 1034 630 ἀλλ’
1059 566 1095 630 ἐκ
1119 573 1189 632 τῶν
1217 571 1265 633 εί·

310 662 418 728 κότων
436 661 723 749 ὑπολογισάμενος
740 664 794 728 καὶ
812 662 1142 748 παραμυθησάμενος
1160 666 1266 749 ἐμαυ-

247 782 294 837 ιοο
309 760 385 828 τόν·
407 763 487 841 τούς
503 788 539 829 τε
555 760 620 849 γάρ
638 763 791 839 ἐπιεικεῖς
805 758 918 844 ὑμῶν,
941 758 1025 845 πρός
1048 758 1177 845 οὕσπερ
1199 758 1265 847 ἐγώ

310 860 488 946 ποιήσομαι
506 859 584 939 τοῦς
606 860 744 947 λόγους,
766 857 955 946 ἠπιστάμην
977 859 1039 928 ούκ
1061 865 1264 947 ἐμμένοντας
1279 865 1309 919 89

310 974 379 1038 ταῖς
397 960 508 1040 δόξαις
526 974 595 1037 ταῖς
611 956 734 1037 άδίκως
752 962 1024 1046 ἐγγεγενημέναις
1042 960 1115 1031 ἀλλ’
1141 966 1262 1028 ἐπακο-

309 1066 519 1137 λουθοῦντας
536 1074 605 1137 ταῖς
623 1055 795 1143 άληθείαις
813 1062 866 1125 καί
878 1065 1185 1147 μεταπειθομένους
1197 1059 1262 1127 ῦπο

310 1165 377 1225 τών
395 1161 562 1246 λεγόντοιν
580 1157 619 1226 τά
639 1162 765 1241 δίκαια,
788 1159 850 1244 τήν
868 1185 902 1225 τε
915 1168 1121 1244 φιλοσοφίαν
1132 1164 1167 1226 ἐκ
1180 1169 1262 1227 πολ-

311 1265 380 1325 λῶν
409 1260 560 1345 ἐνόμιζον
583 1260 756 1336 ἐπιδείξειν
779 1257 900 1335 άδίκως
922 1261 1261 1345 διαβεβλημένην,καί

310 1356 396 1425 πολύ
413 1354 456 1424 άν
476 1359 686 1442 δικαιοτέρως
705 1354 928 1443 ἀγαπωμένην
945 1356 1051 1444 αὐτὴν
1067 1354 1258 1444 ἢμισουμέ.

308 1485 380 1543 νην.
404 1463 467 1543 ἐγω
479 1460 515 1525 δὲ
527 1460 581 1524 καὶ
593 1464 657 1523 νῦν
669 1462 715 1524 ἐτι
728 1456 852 1542 ταύτην
863 1454 925 1542 τὴν
936 1456 1083 1543 γνώμην.

245 1574 289 1630 171
394 1556 465 1625 Ούκ
483 1555 577 1636 άξιον
596 1556 631 1624 δὲ
650 1555 852 1642 θαυμάζειν,
877 1566 910 1624 εί
923 1583 953 1623 τι
970 1564 1038 1624 τῶν
1056 1564 1170 1624 καλῶν
1189 1560 1258 1625 ἐπι-

309 1658 524 1742 τηδευμάτων
538 1654 694 1742 ἠγνόηται
708 1657 763 1723 καὶ
775 1658 982 1744 διαλέληθεν,
995 1654 1068 1723 οὐδ’
1083 1664 1114 1723 εἰ
1124 1661 1259 1735 διεψευ-

309 1757 424 1842 σμένοι
442 1754 529 1833 τινὲς
547 1752 652 1821 αὐτοῦ
669 1754 889 1840 τυγχάνουσι·
912 1753 1047 1840 καὶγὰρ
1066 1759 1140 1838 περὶ
1164 1754 1261 1841 ἡμῶν

308 1851 420 1921 αύτών
438 1857 491 1921 καὶ
511 1857 584 1940 περὶ
602 1852 713 1922 άλλων
731 1854 935 1940 πραγμάτων
946 1851 1189 1941 άναριθμητων
1200 1853 1261 1921 ού-

309 1980 372 2031 τως
392 1960 520 2039 ἐηοντες
537 1950 581 2020 άν
599 1951 804 2038 εὑρεθεῖμεν.
838 1951 858 2040 ἡ
877 1951 941 2039 γάρ
961 1955 1057 2031 πόλις
1068 1951 1165 2040 ἡμῶν
1177 1963 1261 2021 πολ-

307 2059 376 2118 λῶν
396 2050 538 2136 ἀγαθοῖν
555 2058 640 2119 αίτία
658 2054 711 2119 καὶ
733 2059 799 2119 νῦν
815 2044 900 2119 ούσα
918 2054 972 2120 καλ
984 2052 1151 2136 πρότερον
1163 2078 1260 2138 γεγε-

306 2156 431 2239 νημένη
450 2154 505 2220 καὶ
522 2166 588 2231 τοῖς
606 2161 752 2230 πολίταις
769 2154 823 2220 καὶ
845 2166 912 2229 τοῖς
930 2151 1041 2229 άλλοις
1050 2148 1185 2236 Ἕλλησι
1204 2153 1260 2217 καὶ

306 2260 439 2320 πολλῶν
462 2250 595 2338 ἡδονῶν
618 2254 765 2338 γέμουσα
787 2250 878 2318 τοῦτ’
904 2257 968 2336 ἔχει
985 2251 1258 2317 δυσκολώτατον·

242 2366 289 2423 Ιῖθ
307 2349 361 2418 διά
380 2348 443 2436 γάρ
460 2347 497 2416 τό
515 2353 657 2436 μέγεθος
677 2352 731 2417 καὶ
748 2346 785 2417 τό
806 2356 935 2433 πλῆθος
953 2354 1019 2414 τών
1032 2346 1260 2415 ἐνοικούντων

307 2448 370 2517 ούκ
389 2447 593 2527 εύσύνοπτός
611 2454 700 2516 ἐστιν
719 2446 793 2516 οὐδ’
807 2447 961 2535 άκριβης,
974 2445 1049 2515 ἀλλ’
1063 2446 1175 2533 ώσπερ
1186 2475 1257 2534 χει-

306 2548 470 2635 μάρρους,
494 2545 583 2625 ὅπως
594 2544 637 2614 άν
649 2549 789 2615 ἕκαστον
801 2544 1017 2634 ὑπολαβοῦσα
1029 2549 1110 2634 τύχη
1122 2550 1176 2613 καὶ
1188 2554 1258 2613 τῶν

306 2646 500 2731 ἀνθρώπων
512 2652 643 2715 καὶτῶν
655 2647 874 2733 πραγμάτων,
895 2644 984 2712 οὕτω
996 2645 1188 2731 κατήνεγκε,
1200 2648 1257 2713 καὶ
1345 2671 1346 2732 j

305 2750 408 2827 δόξαν
425 2752 525 2826 ἐνίοις
542 2746 602 2833 τὴν
616 2751 771 2815 ἐναντίαν
782 2755 839 2833 τῆς
850 2747 1083 2832 προσηκούσης
1094 2748 1257 2833 περιέθη-

242 2858 289 2913 Ιῖῖ
304 2872 376 2915 κεν·
397 2844 479 2929 ὅπερ
496 2850 550 2914 καὶ
568 2855 607 2934 τῇ
624 2850 756 2935 παιδείᾳ
774 2846 877 2932 ταύτῃ
894 2847 1112 2933 συμβέβηκεν.
1137 2838 1185 2912 ών
1197 2849 1255 2922 ἐν·
1345 2895 1346 2924 ,

304 2948 543 3031 θυμουμένους
570 2944 631 3029 χρη
660 2942 803 3030 μηδενός
831 2945 1023 3029 πράγματος
1044 2944 1127 3011 άνευ
1149 2946 1256 3030 λόγου

305 3044 603 3128 καταγιγνώσκειν,
622 3040 701 3128 μηδ’
721 3039 843 3127 ὁμοίως
860 3046 1048 3110 διακεῖσθαι
1061 3041 1256 3135 δικάζοντας

305 3140 415 3224 ώσπερ
435 3143 471 3207 ἐν
488 3155 558 3218 ταῖς
576 3145 674 3217 ίδίαις
693 3146 875 3226 διατριβαῖς
894 3138 976 3208 άλλδ
995 3146 1256 3227 διακριβοῦσθαι

304 3245 378 3325 περὶ
397 3241 538 3308 ἑκάστου
556 3242 609 3307 καὶ
627 3238 689 3326 τὴν
705 3238 869 3324 άλήθειαν
882 3247 1003 3326 ζητεῖν,
1021 3245 1255 3327 μεμνημένους
1269 3264 1307 3317 89

303 3349 370 3409 τῶν
388 3338 500 3426 όρκων
519 3340 574 3407 καὶ
590 3346 657 3406 τών
674 3339 805 3425 νόμων,
823 3337 904 3408 καθ’
925 3336 984 3417 οῦς
1001 3341 1256 3423 συνεληλύθατε

303 3438 501 3516 δικάσοντες.
531 3444 599 3506 ἐστι
611 3436 642 3504 δ’
657 3437 698 3505 οῦ
710 3442 784 3524 περὶ
796 3446 925 3525 μικρῶν
937 3436 1018 3505 οὔθ’
1030 3435 1048 3505 ὁ
1062 3437 1159 3523 λόγος
1170 3438 1254 3507 οὔθ’

304 3537 321 3625 ἡ
341 3543 463 3620 κρίσις,
483 3538 519 3603 ἐν
531 3529 551 3625 ᾖ
564 3541 791 3623 καθέσταμεν,
810 3535 893 3605 ἀλλά
905 3539 981 3621 περὶ
992 3543 1060 3603 τῶν
1071 3546 1253 3622 μεγίστων·

302 3636 343 3703 ού
361 3636 425 3720 γάρ
443 3638 517 3718 περὶ
536 3641 618 3721 ἐμοῦ
635 3641 767 3723 μέλλετε
784 3638 890 3722 μόνον
907 3634 969 3722 τὴν
986 3642 1101 3718 ψῆφον
1114 3642 1254 3705 διοίσειν
