2859 4334
273 387 337 449 νον
559 390 945 468 nonarum)

207 562 257 619 118
271 553 406 631 γίστονς
431 557 545 628 οίκους
568 556 637 616 νῦν
651 545 821 635 Ἑλλήνων
841 550 1031 635 κέκτηνται·
1062 548 1230 621 κάκείνων

272 649 336 730 μέν
348 644 407 727 τάς
419 643 619 735 ἀκροπόλεις
630 642 726 715 ἀλλοι
736 645 824 724 τινὲς
834 642 887 715 ἀεὶ
896 650 1103 735 κατέχουσιν,
1118 646 1230 719 ὄντων

273 744 386 827 αύτοίς
400 750 503 817 πλέον
517 752 706 832 τρισχιλίων
720 748 850 813 ίππέωυ
866 748 921 814 καὶ
935 754 1127 817 πελταστῶν
1143 745 1258 817 ἀνα-1)

274 846 464 933 ριθμήτων,
482 834 576 913 οὗτοι
591 842 628 913 δέ
642 841 768 931 μικρὰν
782 843 931 931 δύναμιν
946 850 1076 932 ἔχοντες
1088 843 1151 934 τήν
1163 843 1229 915 αῦ-

272 950 340 1014 τάν
353 943 444 1024 ὅπως
455 943 637 1032 βούλονται
652 946 856 1011 διοικοῦσιν·
876 942 1032 1028 καὶπρὸς
1048 944 1181 1023 τούτοις
1196 948 1230 1012 οί

272 1043 334 1131 μέν
352 1049 469 1130 σφίσιν
484 1040 598 1122 αύτοῖς
611 1047 833 1129 πολεμοῦσιν,
855 1033 950 1109 ούτοι
965 1044 1002 1112 δὲ
1017 1040 1141 1129 μεταξύ
1157 1049 1228 1111 Πε-

271 1147 505 1229 λοποννησίων
525 1144 582 1211 καὶ
598 1147 757 1229 Θηβαίων
777 1143 832 1209 καὶ
848 1147 906 1227 τής
922 1138 1083 1228 ἡμετέροις
1098 1141 1228 1221 πόλεως

172 1268 175 1273 ·
206 1247 256 1305 119
271 1246 443 1320 οἰκοῦντες
452 1239 591 1327 εἰρήνην
602 1238 740 1327 ἄγοντες
751 1244 971 1309 διατελοῦσιν.
991 1234 1036 1328 ἢν
1045 1238 1112 1327 γάρ
1122 1247 1227 1309 ταῦτα

271 1340 326 1407 καὶ
339 1336 380 1406 τά
397 1345 535 1406 τοιαῦτα
550 1341 689 1423 διεξίητε
706 1335 791 1423 πρὸς
804 1334 891 1425 ὑμᾶς
904 1334 1045 1423 αύτούς,
1066 1336 1227 1425 εὑρήσετε

270 1435 332 1525 τήν
352 1444 415 1524 μέν
434 1435 617 1505 ἀκολασίαν
637 1444 692 1505 καί
711 1433 775 1523 τήν
789 1434 891 1523 ύβριν
907 1443 975 1505 νῦν
988 1443 1103 1505 κακοῦν
1116 1442 1226 1505 αἰτίαν

270 1540 489 1625 γιγνομένην,
515 1534 577 1623 τήν
597 1535 634 1605 δὲ
655 1536 884 1622 σωφροσύνην
904 1542 973 1605 τῶν
991 1533 1148 1623 ἀγαθῦν·
1180 1532 1254 1622 ήνο

270 1632 365 1723 ὑμεῖς
385 1635 438 1703 ἐπὶ
457 1635 520 1721 μὲν
540 1640 608 1701 τῦν
632 1637 775 1703 ίδιωτῦν
798 1636 978 1722 ἐπαινεῖτε,
1002 1636 1059 1705 καλ
1078 1640 1227 1723 νομίζετε

270 1732 349 1812 τοῦς
371 1732 476 1820 ταύτη
495 1735 688 1819 χρωμένους
710 1730 942 1818 ἀσφαλέστατα
963 1740 1022 1822 ζῆν
1041 1738 1097 1803 καλ
1115 1741 1227 1823 βελτί-

271 1853 370 1911 στους
384 1829 468 1900 εἶναι
483 1837 552 1899 τῶν
568 1837 728 1918 πολιτῶν,
744 1828 781 1899 τό
798 1832 835 1901 δέ
849 1831 969 1902 κοινδν
983 1830 1079 1921 ἡμῶν
1093 1830 1157 1903 ούκ
1173 1844 1228 1902 ot·

206 1945 254 2001 12⁰
271 1942 352 2001 εσθε
366 1936 439 2001 δεῖν
458 1940 613 2001 τοιοῦτον
635 1934 909 2019 παρασκευάζειν.
935 1939 1042 2002 καίτοι
1061 1934 1226 2021 προσήκει

269 2030 329 2111 τάς
344 2028 464 2119 ἀρετάς
478 2028 594 2101 ἀσκεῖν
607 2032 663 2101 καὶ
677 2027 736 2110 τάς
751 2037 867 2110 κακίας
880 2031 1023 2119 φεύγειν
1035 2028 1124 2100 πολύ
1137 2037 1225 2118 μᾶλ-

270 2141 332 2201 λον
342 2145 414 2211 ταῖς
423 2127 595 2219 πόλεσινή
604 2146 672 2212 τοῖς
683 2132 839 2212 ίδιύταις.
858 2129 945 2220 ἀνήρ
955 2127 1225 2219 μένγάράσεβής

270 2233 325 2300 καί
339 2227 486 2317 πονηρὸς
498 2228 601 2317 τυχὸν
616 2227 660 2299 ἀν
675 2232 821 2318 φθάσειε
833 2232 1031 2318 τελευτήσας
1044 2232 1125 2320 κρδκ
1141 2234 1226 2299 δοῦ-

270 2356 326 2398 ναι
346 2332 445 2416 δίκην
464 2336 532 2397 τῶν
553 2326 813 2418 ἡμαρτημένων·
835 2335 872 2401 ac
891 2329 928 2400 δέ
948 2330 1062 2410 πόλεις
1081 2326 1137 2399 διά
1158 2326 1254 2415 τήνδ

270 2427 461 2499 ἀθανασίαν
476 2423 683 2515 ὑπομένουσι
699 2431 756 2497 καί
768 2426 826 2507 τάς
839 2426 929 2516 παρά
945 2436 1013 2498 νῦν
1027 2426 1224 2516 ἀνθρώπων

270 2529 323 2596 καί
338 2523 398 2606 τάς
411 2523 502 2612 παρά
516 2535 584 2595 τῶν
596 2534 690 2597 θεῶν
703 2533 870 2615 τιμωρίας.

204 2634 248 2687 1²1
352 2624 451 2713 (λθ.)
466 2615 530 2693 Ὧν
544 2626 821 2713 ἐνθυμουμένους
834 2621 898 2714 χρή
911 2624 956 2713 μή
973 2628 1148 2713 προσέχειν
1159 2622 1223 2694 τάν

270 2730 354 2793 νοῦν
375 2736 444 2803 τοῖς
464 2725 502 2791 έν
524 2730 570 2813 τῷ
589 2722 733 2807 παρόντι
751 2724 814 2811 μέν
836 2727 1077 2812 χαριζομένοις,
1103 2728 1165 2794 τοῦ
1184 2724 1223 2791 δδ

269 2826 446 2909 μέλλοντος
460 2821 586 2907 χρόνον
602 2826 768 2909 μηδεμίαν
787 2825 977 2909 ἐπιμέλειαν
996 2825 1223 2909 ποιουμένοις,

269 2919 352 3007 μηδὲ
371 2932 440 2999 τοῖς
460 2928 572 3005 φιλεῖν
591 2920 654 3005 μέν
669 2917 730 2989 τὸν
743 2924 852 3008 δήμου
865 2920 1072 3013 φύσκουσιν,
1084 2919 1168 3007 ὅλην
1184 2920 1222 2989 δέ

268 3015 330 3106 τήν
348 3016 449 3087 πόλιν
468 3020 740 3106 λυμαινομένοις·
768 3017 812 3099 ὡς
828 3020 884 3087 καλ
903 3018 1084 3107 πρότερον,
1107 3016 1221 3107 έιιιδή

268 3118 459 3203 παρέλαβον
468 3118 502 3187 οί
505 3123 651 3185 τοιοῦτοι
657 3116 720 3204 τήν
726 3119 846 3186 έπδτοῦ
852 3118 1000 3206 βήματος
1008 3121 1249 3204 ommam

269 3220 314 3295 είς
330 3214 498 3303 τοσαύτην
512 3212 633 3286 ἄνοιαν
650 3216 846 3304 προήγαγον
862 3215 925 3304 τήν
940 3215 1040 3286 πόλιν
1056 3214 1140 3284 ἀστε
1154 3239 1220 3283 τοι·

267 3310 471 3401 θεῖναύτήν,
482 3306 603 3403 οἷοίπερ
617 3310 722 3406 ὀλίγον
730 3313 896 3402 πρότερον
907 3313 1219 3403 ύμῖνδιηγησύμην.

203 3430 251 3483 121
267 3410 290 3481 δ
302 3417 358 3484 καί
371 3413 510 3483 πάντων
524 3411 655 3501 μάλιστ’
669 3412 713 3482 ἀν
727 3440 776 3493 τις
789 3415 1010 3503 θαυμάσειεν,
1024 3411 1076 3483 ὅτι
1086 3438 1222 3502 προγει-

268 3517 400 3601 ρίζεσθε
414 3510 634 3601 δημαγωγούς
645 3510 776 3593 αύτούς
785 3511 847 3601 τήν
859 3510 964 3602 αύτήν
975 3513 1115 3603 γνώμην
1125 3517 1221 3600 διον
1240 3524 1292 3581 181

268 3622 406 3689 ταςτυῖς
415 3611 565 3698 μεγύλην
574 3609 637 3698 τήν
646 3614 747 3681 πόλιν
757 3613 936 3699 ποιήσασιν
942 3611 1027 3683 ἀλλά
1035 3609 1114 3693 τούς
1120 3608 1221 3700 ὅμοια
