2859 4334
395 396 819 461 monfflfflwa
1026 395 1085 461 15⁷

152 566 218 641 ζον
230 556 320 628 εἶναι
330 558 457 646 ταύτην
468 557 530 647 τήν
541 559 745 627 κατάστασιν
754 554 777 647 ἢ
787 556 850 646 τήν
861 555 918 627 διά
930 564 994 627 τοῦ
1004 565 1087 644 λαγ·

151 660 241 727 ἱνειν
252 665 474 747 γιγνομένην·
487 660 525 726 έν
535 657 598 745 μέν
606 656 672 745 γάρ
682 664 723 747 τῇ
733 658 899 746 κληρώσει
909 655 972 745 τήν
982 658 1087 745 τύχην

151 758 332 847 γαβεάσειν
352 762 407 828 καί
429 759 591 839 πολλάκις
614 760 783 846 λήνεσθαι
806 758 865 839 τάς
883 756 987 846 ἀρχάς
1007 755 1086 837 τοὺς

150 864 319 945 λιγαρχίας
334 860 602 945 ἐπιθυμοῦντας,
627 860 665 927 έν
682 857 720 927 δὲ
735 864 782 948 τῷ
797 864 994 942 προκρίνειν
1008 853 1088 937 τούς

150 961 391 1043 ιιεικεστάτους
419 957 481 1030 τόν
504 964 612 1049 δήμου
636 967 774 1031 ἔσεσθαι
802 961 924 1048 κόριον
952 964 1089 1035 έλέσδαι
1103 1001 1121 1037 ο

150 1064 200 1146 ,ἀς
214 1064 419 1151 ἀγαπῶντας
435 1061 579 1150 μάλιστα
596 1060 658 1163 τήν
670 1064 893 1131 καθεστῶσαν
904 1072 1085 1136 πολιτείαν.

149 1166 198 1252 ι’.)
221 1174 345 1234 Αίτιον
367 1163 398 1234 δ’
414 1160 460 1254 ήν
479 1174 541 1235 τοῦ
561 1177 665 1235 ταντα
686 1179 756 1245 τοῖς
775 1174 910 1246 πολλοῖς
930 1168 1085 1252 ἀρέσκειν

149 1267 177 1332 ιλ
193 1261 240 1351 μή
258 1264 505 1352 περιμαχήτους
519 1263 605 1334 είναι
615 1260 675 1343 τάς
686 1260 808 1350 ἀρχάς,
825 1262 876 1333 ὅτι
887 1267 1086 1353 μεμαθηκό-

148 1390 175 1443 ες
194 1356 287 1450 ήσαν
307 1363 506 1449 ἐργάζεσθαι
526 1366 579 1431 καλ
596 1365 792 1449 φείδεσθαι,
809 1364 865 1431 καλ
879 1363 925 1451 μή
940 1371 1007 1432 τών
1022 1365 1085 1451 μέν

148 1470 260 1533 ἵκείωυ
271 1459 417 1549 ἀμελεῖν,
429 1476 497 1542 τοῖς
507 1460 540 1531 δ’
550 1461 738 1548 ἀλλοτρίοις
748 1462 991 1551 ἐπιβουλεύειν,
1002 1462 1082 1551 μηδ’

147 1592 156 1630 ι
173 1570 245 1630 τῶν
262 1565 433 1647 δημοσίων
448 1560 488 1629 τά
505 1559 639 1649 σφέτερ’
656 1560 770 1631 αὐτῶν
785 1567 935 1649 διυικιίυ,
956 1560 1031 1633 ἀλλ’
1048 1566 1085 1632 έκ

147 1671 192 1731 ὗν
201 1658 354 1740 ἑκάστοις
362 1658 594 1747 ὑπαρχόντων,
603 1673 637 1732 εί
641 1688 722 1731 ποτε
731 1662 872 1750 δεήσειε,
881 1676 950 1743 τοίς
957 1677 1086 1744 κοινοῖς

147 1771 294 1844 ταρκείν,
315 1754 395 1845 μηδ’
412 1756 651 1849 ἀκριβέστερον
669 1764 793 1831 είδέυαι
807 1758 867 1840 τάς
883 1762 921 1830 έκ
933 1767 1004 1829 τών
1018 1757 1082 1843 ἀρ-

146 1866 224 1927 είων
238 1859 428 1945 προσόδους
443 1856 465 1947 ή
479 1858 538 1942 τάς
554 1863 591 1931 έκ
605 1869 675 1931 τῶν
691 1866 789 1931 ἰδίων
804 1864 1005 1949 γιγνομένας
1018 1857 1111 1932 πάι-δ

146 1972 201 2037 οῖς.
220 1955 310 2026 οὕτω
322 1962 343 2025 δ
347 1956 539 2046 ’ἀπείχοντο
550 1961 683 2046 σφόδρα
693 1968 762 2028 τῶν
772 1969 829 2048 τῆς
839 1960 986 2045 πόλεως,
999 1957 1084 2027 ὥστε

145 2056 359 2142 αλεκώτερου
373 2051 418 2146 ήν
434 2061 472 2127 έν
487 2062 627 2138 ἐκείνοις
642 2072 710 2138 τοῖς
726 2060 861 2146 χρόνοις
874 2052 989 2143 εὗρείν
1004 2056 1085 2139 τοάς

145 2158 355 2245 ῖουλομένους
369 2157 484 2247 ἀρχειν
497 2155 519 2246 ή
533 2166 599 2227 νῦν
612 2154 692 2237 τούς
705 2161 811 2245 μηδὲν
824 2159 1021 2246 δεομένους·
1041 2157 1084 2229 οδ

145 2256 192 2344 ἀρ
203 2261 366 2345 ἐμπορίαν
376 2256 460 2329 ἀλλά
469 2264 682 2345 λειτουργίαν
692 2257 845 2345 ἐνόμιζον
854 2256 940 2328 εἶναι
947 2258 1084 2347 τὴντῶν

145 2362 252 2423 ιοιυῶν
264 2358 463 2443 ἐπιμέλειαν,
475 2354 551 2425 οὐδ’
561 2353 627 2424 ἀπό
639 2363 697 2443 τῆς
707 2356 841 2443 πρώτης
850 2352 975 2444 ἡμέρας
986 2356 1084 2428 έσκό·

145 2479 218 2522 ιουν
232 2455 401 2542 έλβόντες,
417 2466 451 2526 εί
457 2485 489 2525 τι
500 2462 612 2544 λῆμμα
623 2460 908 2541 παραλελοίπασιν
918 2460 953 2524 οί
961 2455 1084 2540 πρότι-

145 2578 190 2621 ιου
204 2551 377 2640 ἄρχοντες,
394 2552 479 2625 ἀλλὰ
495 2552 582 2625 πολι)
597 2562 727 2643 μᾶλλον
741 2565 775 2623 εί
786 2582 876 2634 τινος
889 2555 1083 2643 πράγματος

145 2653 373 2742 εατημελήκασι
389 2661 459 2723 τών
478 2659 571 2734 τέλος
585 2662 673 2741 ἔχειν
687 2652 963 2741 κατεπειγόντων.
988 2650 1034 2733 ώς
1048 2656 1112 2721 oze

145 2757 301 2844 ῐυντόμως
317 2764 439 2844 είπείν,
462 2762 583 2827 ἐκείνοι
603 2756 820 2844 διεγνωκότες
839 2748 945 2844 ήσαν,
966 2751 1019 2823 ὅτι
1034 2756 1087 2822 δελ

145 2853 190 2925 ’δν
204 2855 265 2941 μέν
280 2861 390 2944 δήμου
406 2856 519 2941 ὥσπερ
539 2855 711 2940 τύραννον
725 2855 929 2923 καθιστάναι
943 2849 1003 2933 κάς
1019 2848 1082 2938 ἀρ-

145 2951 188 3038 ςάς
196 2956 251 3025 καλ
261 2956 413 3037 κολάζειν
422 2953 501 3035 τοδς
510 2954 798 3042 ἐξαμαρτάνοντας
807 2956 862 3022 καλ
871 2959 1001 3038 κρίνειν
1008 2953 1085 3038 περλ

145 3064 197 3123 :dv
216 3052 559 3142 ἀμφισβητουμένων,
581 3052 660 3132 τοὺς
673 3056 711 3122 δὲ
727 3051 852 3140 σχολήν
866 3050 963 3140 ἀγειν
977 3057 1081 3121 δυνα-
1102 3071 1152 3124 146

145 3157 252 3233 ιένους
262 3158 316 3223 καλ
328 3162 404 3243 βίον
415 3153 535 3224 ίκανδυ
545 3155 769 3241 κεκτημένους
779 3156 1007 3240 ἐπιμελεῖσθαι
1015 3158 1083 3219 τῶν

145 3261 253 3322 ιοινώυ
268 3251 380 3338 ὥσπερ
396 3255 540 3339 οἰκέτας,
564 3257 619 3321 καί
635 3258 786 3332 δικαίους
798 3256 862 3340 μέν
880 3254 1084 3339 γενομένους

145 3356 338 3421 ἷπαιυελσβαι
351 3358 406 3421 καλ
419 3356 572 3440 στέργειν
584 3352 689 3441 ταάτη
699 3360 740 3442 τή
750 3359 845 3441 τιμή,
860 3358 971 3429 κακῶς
981 3351 1018 3418 δέ
1030 3353 1082 3418 δι-

145 3456 328 3537 κκήσαντας
341 3458 502 3539 μηδεμιᾶς
513 3451 715 3539 συγγνώμης
725 3451 905 3537 τυγχάνειν
915 3446 1001 3518 ἀλλά
1012 3462 1083 3527 ταῖς

145 3569 296 3633 ιεγίσταις
306 3556 434 3636 ζημίαις
444 3558 665 3635 περιπίπτειν.
681 3556 789 3619 καίτοι
798 3545 920 3628 πώςάν
929 3574 979 3626 τις
988 3544 1083 3630 εὕροι

145 3650 251 3734 ταύτης
264 3653 481 3737 βεβαιοτέραν
495 3646 517 3733 ή
535 3652 748 3734 δικαιοτέραν
762 3654 1005 3733 δημοκρατίαν,
1027 3652 1084 3730 τής
