2859 4334
487 409 864 469 ΠΑΝΗΓΤΡΙΚΟΣ.
1113 409 1154 473 55

196 575 234 636 ἐκ
243 573 375 636 τούτων
385 575 455 636 τῶν
465 574 574 653 ίργων
584 572 633 635 έτι
643 574 773 654 μᾶλλον
784 567 1019 657 εὐδοκίμησαν.
1035 568 1077 640 ού
1089 568 1152 654 γὰρ

195 664 285 751 παρὰ
301 666 426 753 μικρὸν
439 669 600 753 ἐποίησαν
613 662 698 734 ἀλλὰ
712 673 875 735 τοσούτου
889 666 948 748 τὰς
961 669 1062 756 τύχας
1076 673 1153 738 ε’κα-

194 768 302 854 τέρων
316 764 534 853 μετήλλαξαν,
552 761 639 832 ὅσθ’
658 761 677 830 ὁ
694 764 756 851 μὲν
771 768 933 835 ἱκετεύειν
948 765 1036 854 ἡμᾶς
1050 764 1177 848 ἀξιῶ-ε

193 884 254 943 σας
265 871 324 953 βίᾳ
334 871 404 931 τῶν
413 865 547 949 έχδρῶν
555 858 686 930 ἀπανθ’
693 861 786 930 ὅσων
795 865 919 952 έδεήδη
926 865 1149 951 διαπραξόμε-

192 989 253 1043 νος
267 960 435 1049 ἀπῆλθεν,
457 957 661 1045 Εὐρυσθεύς
674 960 711 1028 δέ
725 962 904 1047 βιάσεσθαι
919 963 1152 1050 προσδοκήσας

191 1060 297 1141 αύτδς
310 1060 515 1148 αἰχμάλωτος
527 1060 709 1147 γενόμενος
720 1063 828 1146 ἱκέτης
838 1059 1037 1148 ἠναγκάσθη
1049 1087 1149 1130 κατα-

147 1180 178 1234 σο
190 1169 329 1248 στῆναι,
355 1163 411 1229 καὶ
430 1169 477 1252 τῷ
490 1160 553 1246 μέν
566 1157 827 1245 ύπερενεγκόντι
846 1157 909 1246 τήν
928 1157 1151 1246 ἀνθρωπίνην

192 1263 319 1350 φύσιν,
343 1258 381 1340 ὃς
401 1263 437 1328 έιι
456 1257 542 1340 Διός
562 1263 625 1347 μέν
645 1257 810 1347 γεγονῶς,
835 1265 883 1328 έτι
903 1263 940 1329 δὲ
953 1260 1080 1348 θνητός
1101 1257 1150 1330 ῶν

189 1367 281 1430 θεοῦ
295 1358 413 1445 ἀρόμην
427 1366 517 1445 ἔσχε,
531 1360 639 1452 τούτῳ
652 1361 715 1445 μὲν
726 1358 910 1427 έπιτάττων
920 1363 975 1428 καὶ
985 1365 1148 1447 λυμαινό-

190 1487 296 1550 μενος
315 1460 447 1529 ἅπαντα
467 1458 528 1527 τόν
549 1459 674 1547 χρόνον
694 1461 893 1543 διετέλεσεν,
915 1456 1029 1544 ἐπειδή
1052 1456 1084 1526 δ’
1103 1466 1148 1540 είς
1163 1479 1197 1532 σε

189 1561 281 1651 ἡμᾶς
304 1561 501 1648 ἐξήμαρτεν,
531 1565 578 1640 είς
600 1560 770 1645 τοσαύτην
792 1561 930 1643 κατέστη
951 1556 1148 1645 μεταβολήν,

191 1658 275 1728 ὥστ’
291 1663 344 1728 ἐπὶ
357 1673 425 1739 τοῖς
438 1661 533 1727 παισὶ
545 1671 615 1737 τοῖς
629 1661 762 1726 ἐκείνου
780 1655 964 1743 γενόμενος
984 1658 1148 1725 ἐπονειδί-

190 1781 278 1838 στως
292 1757 352 1826 τόν
367 1764 443 1846 βίον
457 1757 679 1844 ἐτελεύτησεν.

143 1875 173 1930 61
278 1857 359 1941 (ις’.)
380 1863 524 1925 Πολλῶν
544 1852 577 1922 δ’
598 1852 825 1942 ὑπαρχουσῶν
844 1853 926 1942 ἡμῖν
947 1852 1148 1943 εὐεργεσιῶν

190 1963 242 2036 εἰς
251 1954 315 2043 τήν
328 1954 430 2025 πόλιν
444 1953 507 2042 τήν
519 1958 797 2042 Λακεδαιμονίων
812 1958 888 2040 περὶ
902 1955 1025 2042 ταύτης
1041 1955 1147 2042 μόνης

189 2084 248 2143 μοι
269 2059 479 2143 συμβέβηκεν
500 2061 620 2123 είπετν·
643 2051 802 2141 ἀφορμήν
823 2052 888 2142 γὰρ
909 2054 1069 2140 λαβόντες
1084 2052 1146 2142 τήν

189 2153 236 2223 δι’
252 2153 349 2240 ἡμῶν
363 2152 477 2234 αὐτοῖς
489 2158 676 2242 γενομένην
688 2159 857 2239 σωτηρίαν
868 2156 903 2220 οί
910 2151 1074 2240 πρόγονοι
1083 2156 1146 2240 μέν

188 2261 259 2322 τῶν
277 2260 345 2321 νῦν
365 2258 402 2322 έν
421 2258 646 2340 Λακεδαίμονι
667 2252 935 2340 βασιλευόντων,
957 2259 1090 2340 ἔκγονοι
1113 2251 1144 2320 δ’

183 2353 405 2440 Ἡρακλέους,
427 2360 598 2439 κατῆλθον
611 2354 674 2439 μὲν
688 2357 735 2431 είς
749 2352 1030 2440 Πελοπόννησον,
1048 2357 1145 2422 κατέ·
1159 2366 1176 2419 b

188 2475 271 2540 σχον
285 2448 318 2518 δ’
326 2451 448 2538 ’Ἆργος
461 2455 516 2520 καὶ
529 2456 764 2538 Λακεδαίμονα
778 2454 833 2521 καὶ
847 2453 1044 2540 Μεσσήνην,
1059 2460 1145 2521 οίκι-

188 2552 264 2620 σταλ
274 2550 312 2618 δὲ
322 2547 482 2637 Σπάρτης
492 2553 657 2638 ἐγένοντο,
668 2554 724 2618 καὶ
735 2557 804 2618 τῶν
814 2551 992 2636 παρόντων
1003 2549 1144 2638 ἀγαθῶν

139 2664 173 2716 σε
187 2648 304 2729 αύτοϊς
317 2646 477 2716 ἁπάντων
491 2645 629 2736 ἀρχηγοὶ
643 2652 855 2733 κατέστησαν.
880 2641 928 2717 ύν
945 2652 1046 2737 ἐχρῆν
1059 2652 1144 2717 ἐκεί·
1160 2703 1166 2719 .

186 2773 270 2827 νους
289 2749 523 2834 μεμνημένους
546 2744 706 2834 μηδέποτ’
729 2754 776 2826 είς
798 2746 860 2833 τήν
880 2748 995 2833 χῶραν
1018 2747 1143 2833 ταύτην

181 2851 374 2935 εἰσβαλεῖν,
400 2850 433 2929 έξ
450 2836 490 2934 ἧς
514 2846 720 2936 ὁρμηθέντες
742 2849 911 2935 τοσαύτην
928 2847 1148 2934 εὐδαιμονίαν

180 2946 441 3035 κατεκτήσαντο,
454 2946 533 3035 μηδ’
548 2957 598 3028 είς
607 2948 794 3027 κινδύνους
801 2947 1002 3018 καθιστάναι
1010 2943 1074 3035 τήν
1083 2947 1147 3017 πό·

182 3056 235 3115 λιν
247 3047 312 3134 τήν
326 3041 416 3134 ύπὲρ
430 3055 500 3116 τῶν
512 3055 646 3118 παίδων
663 3056 734 3118 τῶν
741 3047 946 3137 Ἡρακλέους
960 3053 1148 3136 προκινδυ-

184 3148 367 3233 νεύσασαυ,
382 3147 466 3235 μηδὲ
475 3161 544 3226 τοῖς
554 3147 618 3234 μὲν
627 3144 687 3215 ἀπ’
699 3149 831 3216 ἐκείνου
841 3146 998 3233 γεγονόσι
1009 3147 1140 3215 διδόναι
1152 3173 1167 3212 c

182 3247 246 3337 τήν
264 3253 455 3337 βασιλείαν,
475 3244 538 3334 τήν
553 3247 590 3314 δδ
604 3254 651 3337 τῷ
665 3246 755 3333 γένει
770 3253 827 3333 τῆς
849 3252 1012 3330 σωτηρίας
1031 3252 1140 3315 αίτίαν

133 3361 170 3416 ⁶³
184 3340 294 3414 οὖσαν
309 3343 486 3414 δουλεύειν
500 3342 615 3423 αύτοῑς
625 3341 752 3424 ἀξιοῦν.
776 3350 806 3413 ελ
820 3345 856 3412 δὲ
871 3347 924 3411 δεῖ
933 3347 992 3422 τὰς
1005 3344 1140 3431 χάριτας

182 3445 239 3513 καὶ
253 3440 313 3523 τάς
327 3447 502 3524 ἐπιεικείας
514 3441 697 3522 ἀνελόντας
711 3446 763 3512 έττλ
778 3441 842 3529 τήν
853 3441 1022 3510 ὑπόθεσιν
1036 3445 1139 3513 πάλιν

182 3545 384 3610 ἐπανελθεῖν
399 3544 454 3610 καὶ
474 3540 535 3610 τδν
555 3540 792 3630 ἀκριβέστατον
808 3548 875 3609 τῶν
891 3543 1003 3626 λόγων
1023 3547 1138 3628 εἰπεῖν,

182 3644 226 3707 ού
240 3641 281 3726 δή
295 3664 364 3708 που
378 3640 522 3725 πάτριόν
536 3643 627 3709 ἐστιν
637 3638 793 3728 ἡγεῖσθαι
803 3638 883 3719 τούς
893 3640 1059 3726 ἐπήλυδας
1069 3646 1138 3708 τῶν
