2859 4334
504 425 827 484 ΝΙΚΟΚΛΗΣ
1078 423 1121 486 29

170 585 376 670 πρῶτονμὲν
398 581 460 669 τὴν
484 587 654 649 πολιτείαν
674 578 738 668 τὴν
757 589 934 704 πῳροῦσαν
956 581 1001 662 ὥς
1023 582 1149 664 ἀξιόνο

171 679 290 750 ἐστιν’
269 689 405 769 αγαπᾶν
427 678 470 750 οῦ
485 681 592 768 μόνον
612 677 668 748 διὰ
689 677 753 768 τὴν
771 677 942 802 ἀνάγκηῳ,
967 679 1087 752 οῦδ’“
1066 707 1118 750 οτι

89 778 100 801 ‘''
168 804 268 848 ταντα
277 805 337 847 τον
349 805 475 865 χρονον
487 803 567 866 μετα
578 803 701 866 ταυτης
712 785 883 866 οίκουμεν,
892 775 997 850 αλλ
977 805 1029 848 οτι
1038 787 1118 867 βελ

88 863 250 964 ιλτίστη
264 887 334 945 τῶν
349 885 527 946 πολιτειῶν
538 878 643 964 ἐστὶν,
660 876 807 946 ίπενθΗ
785 903 831 958 ως
840 876 905 964 ἀγοὶ
917 879 1044 965 ταύτην
1055 885 1118 966 ίχω

102 1055 103 1060 ¹
165 975 218 1061 τήν
232 975 341 1063 ἀρχὴν
363 973 405 1044 οὐ
420 975 623 1062 παρανόμως
637 973 712 1046 οὐδ’
728 975 908 1099 ἀλλοτρίαν
922 976 995 1048 ἀλλ’
1018 977 1118 1058 ὁσίως

88 1158 90 1168 ⁴
164 1079 211 1142 καλ
225 1079 363 1152 δικαίως
378 1077 434 1142 καὶ
449 1075 505 1144 διά
519 1071 599 1153 τοῦς
614 1071 681 1156 λε’
661 1082 765 1163 αρχῆς
781 1076 974 1163 προγόνους
987 1104 1042 1146 και
1031 1078 1115 1146 διά

87 1181 89 1202 ’
162 1171 216 1240 τόν
229 1174 359 1255 πατέρα
373 1175 429 1241 καλ
446 1170 491 1242 δι’
508 1173 663 1260 ἐμαυτόν.
686 1175 818 1244 τοῦτον
833 1173 898 1261 γάρ
913 1181 1118 1259 προαποδει-

96 1277 97 1283 ’
162 1277 308 1357 χθέντων
322 1279 372 1351 τίς
382 1270 445 1340 οῦκ
456 1270 557 1352 αὐτὸς
568 1271 674 1342 αὑτοῦ
685 1272 935 1360 καταγνώσεται
947 1272 1011 1361 τὴν
1021 1283 1116 1362 μεγί-
1131 1301 1146 1340 e

163 1393 237 1459 στηυ
252 1379 392 1459 ζημίαν,
408 1368 452 1440 ἀν
466 1372 511 1459 μὴ
526 1378 692 1460 πειθαρχῇ
704 1386 774 1452 τοῖς
787 1369 848 1442 ὑπ’
867 1375 950 1460 ἐμοῦ
963 1380 1116 1458 συμβου-

162 1479 309 1539 λευθεῑσι
324 1473 380 1540 καὶ
395 1481 672 1557 προσταχθείσινς

129 1587 151 1639 14
239 1567 309 1658 (ε’.)
328 1574 413 1656 Περλ
426 1571 488 1655 μὲν
502 1559 567 1638 οῦν
580 1576 649 1638 σῦν
662 1577 857 1653 πολιτειῶν,
876 1572 1037 1637 ἐντεῦθεν
1052 1567 1117 1654 γὰρ

162 1665 404 1756 ὑποτιθέμενος
416 1665 584 1757 ἦρξάμην,
601 1667 692 1756 οἶμαι
703 1676 785 1738 πᾶσι
797 1674 910 1738 δοκείν
922 1667 1117 1738 δεινότατον

161 1769 216 1854 μὲν
234 1765 373 1837 εἶναιτὸ
387 1775 457 1836 τῶν
472 1765 584 1836 αάτῦν
599 1766 777 1849 ἀξιοῦσθαι
791 1766 871 1847 τοῦς
884 1765 1048 1855 χρηστοὺς
1061 1770 1118 1836 καὶ

161 1866 233 1948 τοῦς
258 1864 450 1953 πονηροάς,
478 1868 691 1936 δικαιότατον
717 1869 755 1936 δλ
775 1865 813 1936 τό
838 1872 1019 1954 διωρίσθαι
1041 1870 1116 1953 περὶ

160 1965 288 2034 τούτων
299 1968 358 2034 καλ
369 1964 414 2052 μὴ
427 1962 507 2043 τοῦς
516 1963 697 2052 ἀνομοίους
706 1972 776 2034 τάν
787 1961 914 2052 ὁμοίων
924 1965 1115 2053 τυγχάνειν,

159 2063 238 2134 ἀλλά
255 2068 313 2133 καὶ
328 2065 486 2150 πράττειν
501 2069 556 2134 καί
571 2072 732 2153 τιμᾶσθαι
751 2062 836 2133 κατὰ
850 2062 913 2153 τὴν
927 2061 1022 2146 ἀξίαν
1036 2066 1145 2134 ἑκά-(1

123 2183 146 2234 15
159 2187 265 2244 στοας.
289 2169 327 2233 αί
340 2165 404 2250 μὲν
419 2171 537 2234 τοίνυν
552 2162 738 2251 ὀλιγαρχίαι
751 2167 807 2232 καλ
825 2169 1043 2250 δημοκρατίαι
1057 2160 1116 2243 τάς

159 2268 313 2351 ἰσότητας
327 2277 396 2342 τοῖς
411 2265 584 2350 μετέχουσι
604 2270 673 2332 τῦυ
692 2271 870 2332 πολιτειῶν
890 2270 1039 2350 ζητοῦσι,
1060 2265 1115 2332 καλ

158 2363 248 2433 τοῦτ’
267 2360 442 2449 εὐδοκιμεῖ
452 2360 533 2449 παρ’
550 2359 681 2448 αὐταῖς,
698 2357 742 2449 ἢν
756 2365 861 2448 μηδὲν
874 2365 986 2444 ἕτερος
1001 2366 1116 2448 ἑτέρου

159 2463 300 2549 δύνηται
312 2465 415 2529 πλέον
426 2467 529 2547 ἔχειν·
545 2458 643 2539 ῦτοϊς
654 2475 815 2547 πονηροῖς
826 2465 1001 2546 συμφέρον
1010 2462 1114 2528 ἐστίν·

158 2565 190 2628 αί
208 2561 249 2628 δὲ
269 2566 448 2645 μοναρχίαι
468 2569 624 2628 πλεῖστον
637 2561 700 2646 μὲν
722 2561 863 2645 νέμουσι
882 2565 929 2648 τῷ
945 2566 1114 2649 βελτίστῳ,

158 2662 304 2750 δευτέρῳ
314 2655 353 2726 δὲ
363 2661 411 2748 τῷ
423 2656 495 2744 μετ’
503 2662 646 2744 ἐκεῖνον,
662 2667 761 2751 τρίτῳ
777 2662 814 2728 δὲ
830 2661 886 2728 καὶ
902 2659 1046 2748 τετάρτῳ
1062 2659 1117 2726 καὶ

156 2772 221 2836 τοῖς
243 2757 362 2837 ἀλλοις
380 2755 464 2826 κατά
484 2757 546 2824 τὸν
565 2755 671 2825 αὐτόν
689 2755 803 2843 λόγον.
837 2760 893 2825 καὶ
908 2753 1003 2824 ταῦτ’
1021 2761 1051 2823 εί
1070 2751 1115 2841 μὴ

156 2861 329 2940 πανταχοῦ
344 2858 562 2941 καθέστηκεν,
580 2851 664 2924 ἀλλά
675 2855 714 2922 τό
727 2880 766 2940 γε
779 2855 933 2941 βούλημα
945 2861 1004 2939 τῆς
1017 2862 1115 2923 πολι·
1131 2885 1146 2921 e

120 2972 144 3025 16
155 2965 245 3034 τείας
255 2954 414 3022 τοιοῦτόν
426 2957 523 3024 ἐστιν.
541 2959 596 3026 καὶ
606 2958 669 3041 μὲν
680 2954 722 3043 δὴ
733 2960 853 3041 διορᾶν
863 2954 987 3035 καὶτάς
997 2956 1116 3042 φύσεις

155 3063 223 3123 τῶν
243 3051 440 3140 ἀνθρώπων
455 3058 509 3124 καλ
529 3054 589 3134 τάς
603 3055 739 3141 πράξεις
758 3051 903 3132 ἀπαντες
920 3047 965 3121 ἀν
983 3051 1042 3132 τὰς
1055 3079 1116 3121 τυ-

155 3157 321 3239 ραννίδας
331 3160 461 3239 μᾶλλον
472 3151 725 3240 ὁμολογήσειαν.
748 3158 856 3222 καίτοι
870 3155 919 3230 τίς
930 3149 994 3218 οὐκ
1004 3146 1049 3219 ἀν
1061 3155 1116 3218 δέ·

156 3258 248 3333 ξαιτο
272 3260 342 3319 τῶν
365 3243 405 3320 εὖ
427 3253 649 3339 φρονούντων
669 3251 825 3337 τοιαύτης
849 3255 1017 3328 πολιτείας
1037 3274 1116 3334 μετ-

157 3357 263 3438 έχειν,
279 3353 316 3418 ἐν
331 3343 353 3440 ᾗ
369 3350 413 3438 μη
430 3351 579 3438 διαλησει
596 3349 738 3438 χρηστὸς
754 3345 819 3434 ἀν,
837 3357 966 3434 μᾶλλον
980 3343 1002 3434 ἢ
1018 3351 1162 3434 φέρε-δυ

157 3462 240 3520 σθαι
252 3448 335 3536 μετά
347 3457 408 3518 τοῦ
419 3451 572 3538 πλήθους
583 3450 627 3538 μὴ
642 3450 929 3538 γιγνωσκόμενος,
944 3445 1059 3526 ὁποῖός
1070 3454 1118 3526 τίς

158 3553 268 3630 ἔστενε
296 3547 379 3618 ἀλλά
395 3547 461 3636 μην
481 3552 536 3619 καλ
550 3553 740 3637 πραοτέραν
754 3548 904 3639 τοσοότῳ
925 3550 1060 3626 δικαίως
1073 3542 1118 3615 ἀν

158 3645 266 3733 αὐτὴν
285 3645 370 3716 εἶναι
390 3655 583 3734 κρίνοιμεν,
607 3648 740 3737 ὅσῳπερ
758 3646 844 3734 όᾷόν
858 3651 950 3716 ἐστιν
965 3645 1041 3725 ἑνός
1054 3643 1116 3714 ἀνΦ
