2859 4334
468 421 737 480 ΦΙΛΙΠΠΟΣ.
1031 415 1092 480 11³

147 584 322 674 δυνάμεως·
345 591 412 652 νῦν
433 583 470 651 δέ
490 587 662 670 φοβοῦμαι
682 581 730 668 μή
751 606 839 659 τινες
853 577 1116 665 ἐπιτιμήσωσινε

146 681 229 770 ἡμῖν,
237 683 267 749 ελ
275 678 382 766 μηδὲν
387 675 522 747 πάποτε
530 674 843 766 μεταχειρισάμενος
852 677 1093 762 τύνστρατιω-

144 788 242 850 τικύν
254 788 317 848 νῦν
330 778 488 871 τολμάην
502 781 555 847 σολ
568 791 747 862 παραινεῖν
760 783 806 868 τῷ
818 785 954 846 πλείστα
965 777 1021 846 καὶ
1033 778 1092 862 μέ-

143 900 233 956 γιστα
251 880 528 969 διαπεπραγμένῳ
548 874 633 944 κατά
654 877 815 964 πόλεμον.
839 873 923 944 ύστε
937 879 1013 962 περὶ
1029 878 1092 963 μὲν

140 981 264 1047 τούτων
276 974 378 1046 ούδὲν
392 975 484 1064 οἶμαι
498 982 570 1045 δεῖν
582 983 686 1045 πλείω
700 978 821 1062 λέγειν.
845 975 938 1064 (με’.)
957 977 1041 1062 Περὶ
1056 976 1092 1043 δὲ

138 1085 206 1146 ταῖν
220 1073 493 1164 άλλυν,ἡγοῦμαι
509 1074 571 1145 τάν
587 1102 623 1143 τε
643 1077 770 1161 πατέρα
785 1096 850 1145 σου
865 1074 996 1146 καὶτὸν
1012 1102 1092 1162 κτη-

138 1176 281 1263 σύμενον
296 1172 359 1261 την
374 1181 549 1262 βασιλείαν
563 1177 620 1243 καὶ
635 1171 697 1243 τδν
712 1181 773 1243 τοῦ
790 1179 912 1262 γένους
932 1172 1092 1262 άρχηγδν,

137 1282 167 1344 ελ
178 1282 225 1365 τῷ
237 1274 299 1361 μέν
312 1283 363 1360 ελη
378 1276 494 1361 θέμις,
516 1278 552 1342 οἱ
563 1274 600 1343 δέ
618 1275 766 1361 δύναμιν
780 1274 929 1363 λάβοιεν,
946 1282 1015 1343 τῶν
1029 1273 1092 1342 αύ-

134 1381 204 1441 τῶν
223 1368 266 1440 δν
286 1373 417 1441 τούτων
436 1377 598 1460 γενέσθαι
620 1375 853 1463 συμβούλους,
879 1365 992 1460 ύυπερ
1015 1373 1120 1459 ἐγύ.δ

131 1478 260 1559 χρῶμαι
275 1473 311 1538 δὲ
332 1478 521 1558 τεκμηρίοις
535 1473 569 1552 ἐξ
590 1462 640 1538 οἶν
661 1474 948 1560 διαπεπραγμένοι
968 1471 1093 1558 τυγχά-

131 1590 261 1637 νουσιν.
283 1566 352 1636 ὅτε
364 1567 430 1656 γάρ
447 1568 556 1656 πατήρ
574 1589 639 1638 σου
654 1567 740 1656 πρὸς
755 1567 815 1650 τὰς
827 1570 942 1650 πόλεις
956 1569 1090 1654 ταύτας,

130 1664 183 1748 αἷς
200 1671 252 1736 σοὶ
265 1675 418 1756 παραινῶ
431 1671 608 1755 προσέχειν
620 1666 683 1737 τὸν
691 1676 790 1754 νοῦν,
805 1666 890 1755 πρὸς
899 1666 1031 1748 ἁπάσας
1041 1672 1092 1735 ολ-

129 1774 230 1846 κείως
245 1763 347 1852 εἶχεν·
369 1764 390 1834 ὅ
403 1793 439 1834 τε
453 1765 660 1853 κτησάμενος
672 1765 737 1854 τὴν
747 1764 865 1855 ἀρχὴν,
881 1773 993 1854 μεῖζον
1005 1791 1092 1853 φρο-

128 1865 236 1952 νήσας
250 1871 319 1932 τῶν
333 1862 440 1933 αὑτοῦ
454 1872 602 1935 πολιτῶν
613 1869 669 1934 καλ
678 1872 860 1953 μοναρχίας
869 1866 1091 1954 ἐπιθυμήσας,
1106 1905 1112 1932 ι

127 1961 193 2049 οὐχ
207 1960 332 2049 ὁμοίως
346 1962 570 2050 ἐβουλεύσατο
581 1979 651 2044 τοῖς
660 1962 747 2051 πρὸς
756 1962 816 2044 τάς
826 1966 983 2046 τοιαύτας
993 1974 1073 2053 φιλο

124 2070 238 2151 τιμίας
254 2060 472 2150 ὁρμωμένοις.
495 2069 531 2132 οἱ
544 2065 608 2151 μὲν
620 2062 686 2152 γάρ
704 2066 743 2132 ἐν
758 2078 831 2144 ταῖς
844 2062 959 2133 αὑτοῖν
973 2065 1091 2134 πόλεσι

125 2162 262 2240 στάσεις
275 2165 331 2230 καὶ
344 2159 489 2248 ταραχάς
502 2164 559 2231 καὶ
572 2161 706 2250 σφαγὰς
719 2167 937 2250 ἐμποιοῦντες
948 2167 1091 2233 ἐκτῶντο
1102 2193 1118 2230 ο

125 2361 214 2439 ἷλως
229 2368 334 2445 εἴασε,
349 2357 412 2446 τὴν
426 2358 459 2429 δ’
472 2363 510 2429 έν
521 2366 720 2454 Μακεδονία
731 2371 906 2450 βασιλείαν
917 2378 1093 2449 κατασχεῖν

126 2457 363 2544 ἐπεθύμησεν·
380 2456 540 2546 ἠπίστατο
550 2458 616 2547 γάρ
630 2458 710 2541 τούς
724 2459 957 2549 μένἝλληύας
970 2459 1033 2530 οὐκ
1046 2467 1094 2530 εἰ·

126 2562 316 2645 λισμένους
331 2557 516 2648 ὑπομένειν
531 2558 590 2641 τάς
604 2569 803 2650 μοναρχίας,
827 2561 906 2642 τούς
921 2559 954 2630 δ’
970 2561 1093 2640 ἄλλους

127 2658 160 2726 ού
177 2660 401 2745 δυναμένους
414 2657 500 2728 άυευ
509 2668 567 2746 τῆς
576 2661 733 2748 τοιαύτης
745 2665 942 2740 δυναστείας
953 2666 1093 2728 διοικεῖν
1112 2673 1159 2724 104

127 2757 182 2827 τὸν
198 2765 284 2847 βίον
299 2755 361 2826 τὸν
371 2762 537 2846 σφέτερον
547 2756 670 2828 αὐτῶν.
693 2763 749 2828 καὶ
759 2760 824 2845 γάρ
836 2785 888 2827 τοι
899 2761 1025 2846 συνέβη
1036 2757 1092 2827 διά

129 2858 151 2925 ’ὀ
168 2863 313 2944 γνῶναι
327 2857 549 2943 περὶτούτων
561 2855 668 2926 αύτὸν
678 2863 771 2937 ἰδίως
781 2861 836 2926 καὶ
846 2856 908 2945 τὴν
918 2866 1092 2946 βασιλείαν

128 2964 336 3044 εγευῆσθαι
359 2955 448 3027 πολύ
471 2964 540 3026 τῶν
563 2956 676 3028 ἄλλων
696 2961 961 3045 ἐξηλλαγμένην·
989 2957 1093 3045 μόνος

131 3056 183 3142 ἂρ
200 3064 279 3125 τῶν
287 3053 459 3144 Ἑλλήνων
470 3055 531 3144 οὐχ
541 3055 721 3144 ὁμοφύλου
732 3062 852 3146 γένους
863 3056 978 3145 ἄρχειν
990 3054 1092 3137 ἄξιά-

129 3185 176 3236 ας
185 3156 558 3243 μόνοςκαὶδιαφυγεῖν
565 3153 726 3244 ἠδυνήθη
733 3155 812 3236 τούς
821 3157 1004 3234 κινδύνους
1014 3151 1093 3233 τούς

131 3259 193 3342 ερὶ
209 3252 279 3334 τάς
289 3263 473 3343 μοναρχίας
482 3259 712 3343 γιγνομένους.
735 3252 963 3343 τούςμένγάρ
975 3257 1092 3330 ἐντοῖς

130 3364 254 3441 λλησι
270 3356 430 3424 τοιοῦτόν
444 3382 476 3423 τι
491 3356 806 3440 διαπεπραγμένους
821 3351 980 3437 εὕροιμεν
994 3346 1038 3418 άν
1050 3346 1092 3418 ού

130 3457 228 3523 ένον
246 3451 377 3533 αὐτούς
391 3455 665 3540 διεφθαρμένους
681 3449 766 3521 άλλά
786 3451 841 3519 καὶ
857 3448 894 3518 τό
912 3453 1010 3534 γένος
1026 3445 1118 3517 νεά-δ

130 3564 180 3622 ὃν
192 3558 232 3635 ἐξ
244 3550 449 3639 άνδρύποιυ
459 3549 702 3639 ἠφανισμένον,
715 3553 845 3620 ἐκεῖνον
856 3545 888 3617 δ’
897 3545 1002 3616 αὐτόν
1014 3547 1044 3616 τ’
1054 3557 1091 3616 έν

199 3679 376 3718 ιεοοευιτεε.
389 3664 409 3716 1.
921 3662 940 3715 Β
