<?xml version="1.0" encoding="UTF-8"?>
<!DOCTYPE html PUBLIC "-//W3C//DTD XHTML 1.0 Transitional//EN"
    "http://www.w3.org/TR/xhtml1/DTD/xhtml1-transitional.dtd">
<html xmlns="http://www.w3.org/1999/xhtml" xml:lang="en" lang="en">
 <head>
  <title>
</title>
<meta http-equiv="Content-Type" content="text/html;charset=utf-8" />
  <meta name='ocr-system' content='tesseract 3.04.00' />
  <meta name='ocr-capabilities' content='ocr_page ocr_carea ocr_par ocr_line ocrx_word'/>
</head>
<body>
  <div class='ocr_page' id='page_1' title='image "./orationes00isgoog_0075.png"; bbox 0 0 2859 4334; ppageno 0'>
   <div class='ocr_carea' id='block_1_1' title="bbox 437 431 1130 496">
    <p class='ocr_par' dir='ltr' id='par_1_1' title="bbox 437 431 1130 496">
     <span class='ocr_line' id='line_1_1' title="bbox 437 431 1130 496; baseline 0.009 -6"><span class='ocrx_word' id='word_1_1' title='bbox 437 432 567 491; x_wconf 86' lang='grc' dir='ltr'><em>ΠΡΟΣ</em></span> <span class='ocrx_word' id='word_1_2' title='bbox 586 432 860 495; x_wconf 75' lang='grc' dir='ltr'><em>ΝΙΚΟΚΑΕΑ.</em></span> <span class='ocrx_word' id='word_1_3' title='bbox 1090 431 1130 496; x_wconf 82' lang='grc'><strong><em>13</em></strong></span> 
     </span>
    </p>
   </div>
   <div class='ocr_carea' id='block_1_2' title="bbox 133 602 1162 1404">
    <p class='ocr_par' dir='ltr' id='par_1_2' title="bbox 170 602 1131 696">
     <span class='ocr_line' id='line_1_2' title="bbox 170 602 1131 696; baseline 0.005 -25"><span class='ocrx_word' id='word_1_4' title='bbox 170 630 237 674; x_wconf 88' lang='grc' dir='ltr'><strong><em>νειν</em></strong></span> <span class='ocrx_word' id='word_1_5' title='bbox 253 604 397 674; x_wconf 66' lang='grc' dir='ltr'><strong><em>καὶτῶν</em></strong></span> <span class='ocrx_word' id='word_1_6' title='bbox 410 602 524 675; x_wconf 79' lang='grc' dir='ltr'><strong><em>ἄλλων</em></strong></span> <span class='ocrx_word' id='word_1_7' title='bbox 537 609 708 694; x_wconf 74' lang='grc' dir='ltr'><strong><em>σοφιστῶν</em></strong></span> <span class='ocrx_word' id='word_1_8' title='bbox 726 615 763 677; x_wconf 81' lang='grc' dir='ltr'><strong><em>εί</em></strong></span> <span class='ocrx_word' id='word_1_9' title='bbox 769 633 802 676; x_wconf 87' lang='grc' dir='ltr'><strong><em>τι</em></strong></span> <span class='ocrx_word' id='word_1_10' title='bbox 813 604 976 696; x_wconf 78' lang='grc' dir='ltr'><strong><em>χρήσιμον</em></strong></span> <span class='ocrx_word' id='word_1_11' title='bbox 993 607 1131 696; x_wconf 77' lang='grc' dir='ltr'><strong><em>εἰρήκα-</em></strong></span> 
     </span>
    </p>

    <p class='ocr_par' dir='ltr' id='par_1_3' title="bbox 133 701 1162 1404">
     <span class='ocr_line' id='line_1_3' title="bbox 133 701 1131 796; baseline 0.004 -23"><span class='ocrx_word' id='word_1_12' title='bbox 133 717 156 767; x_wconf 77' lang='lat'><strong><em>52</em></strong></span> <span class='ocrx_word' id='word_1_13' title='bbox 169 727 218 774; x_wconf 88' lang='grc' dir='ltr'><strong><em>σιν</em></strong></span> <span class='ocrx_word' id='word_1_14' title='bbox 236 701 512 792; x_wconf 84' lang='grc' dir='ltr'><strong><em>ιἰναγιγυόσκειν.</em></strong></span> <span class='ocrx_word' id='word_1_15' title='bbox 538 705 651 795; x_wconf 76' lang='grc' dir='ltr'><strong><em>όνπερ</em></strong></span> <span class='ocrx_word' id='word_1_16' title='bbox 663 705 730 796; x_wconf 84' lang='grc' dir='ltr'><strong><em>γάρ</em></strong></span> <span class='ocrx_word' id='word_1_17' title='bbox 742 703 806 795; x_wconf 76' lang='grc' dir='ltr'><strong><em>την</em></strong></span> <span class='ocrx_word' id='word_1_18' title='bbox 822 707 979 796; x_wconf 76' lang='grc' dir='ltr'><strong><em>μέλιτταν</em></strong></span> <span class='ocrx_word' id='word_1_19' title='bbox 996 703 1131 796; x_wconf 77' lang='grc' dir='ltr'><strong><em>ἐρῶμεν</em></strong></span> 
     </span>
     <span class='ocr_line' id='line_1_4' title="bbox 170 802 1127 897; baseline 0.003 -22"><span class='ocrx_word' id='word_1_20' title='bbox 170 802 220 894; x_wconf 77' lang='grc' dir='ltr'><strong><em>ἐφ’</em></strong></span> <span class='ocrx_word' id='word_1_21' title='bbox 240 805 375 876; x_wconf 78' lang='grc' dir='ltr'><strong><em>ἅπαντα</em></strong></span> <span class='ocrx_word' id='word_1_22' title='bbox 393 806 455 895; x_wconf 80' lang='grc' dir='ltr'><strong><em>μέν</em></strong></span> <span class='ocrx_word' id='word_1_23' title='bbox 478 806 521 876; x_wconf 84' lang='grc' dir='ltr'><strong><em>τά</em></strong></span> <span class='ocrx_word' id='word_1_24' title='bbox 538 806 754 897; x_wconf 77' lang='grc' dir='ltr'><strong><em>βλαστήματα</em></strong></span> <span class='ocrx_word' id='word_1_25' title='bbox 775 808 1043 897; x_wconf 71' lang='grc' dir='ltr'><strong><em>καθιζάνουσαν,</em></strong></span> <span class='ocrx_word' id='word_1_26' title='bbox 1067 805 1127 896; x_wconf 70' lang='grc' dir='ltr'><strong><em>ἀφ’</em></strong></span> 
     </span>
     <span class='ocr_line' id='line_1_5' title="bbox 170 906 1131 998; baseline -0.001 -21"><span class='ocrx_word' id='word_1_27' title='bbox 170 906 310 978; x_wconf 76' lang='grc' dir='ltr'><strong><em>ἑκάστου</em></strong></span> <span class='ocrx_word' id='word_1_28' title='bbox 328 906 367 978; x_wconf 79' lang='grc' dir='ltr'><strong><em>δὲ</em></strong></span> <span class='ocrx_word' id='word_1_29' title='bbox 385 906 428 977; x_wconf 83' lang='grc' dir='ltr'><strong><em>τά</em></strong></span> <span class='ocrx_word' id='word_1_30' title='bbox 444 909 600 998; x_wconf 89' lang='grc' dir='ltr'><strong><em>βέλτιστα</em></strong></span> <span class='ocrx_word' id='word_1_31' title='bbox 616 907 875 998; x_wconf 86' lang='grc' dir='ltr'><strong><em>λαμβάνουσαν,</em></strong></span> <span class='ocrx_word' id='word_1_32' title='bbox 895 906 986 979; x_wconf 71' lang='grc' dir='ltr'><strong><em>οὕτω</em></strong></span> <span class='ocrx_word' id='word_1_33' title='bbox 1004 913 1060 978; x_wconf 77' lang='grc' dir='ltr'><strong><em>δεῖ</em></strong></span> <span class='ocrx_word' id='word_1_34' title='bbox 1073 909 1131 978; x_wconf 82' lang='grc' dir='ltr'><strong><em>καλ</em></strong></span> 
     </span>
     <span class='ocr_line' id='line_1_6' title="bbox 168 1004 1131 1101; baseline 0.001 -24"><span class='ocrx_word' id='word_1_35' title='bbox 168 1008 247 1089; x_wconf 74' lang='grc' dir='ltr'><strong><em>τούς</em></strong></span> <span class='ocrx_word' id='word_1_36' title='bbox 255 1014 409 1090; x_wconf 74' lang='grc' dir='ltr'><strong><em>παιδείας</em></strong></span> <span class='ocrx_word' id='word_1_37' title='bbox 423 1004 648 1100; x_wconf 79' lang='grc' dir='ltr'><strong><em>ὀρεγομένους</em></strong></span> <span class='ocrx_word' id='word_1_38' title='bbox 654 1007 1023 1101; x_wconf 75' lang='grc' dir='ltr'><strong><em>μηθενόςμένάπείρως</em></strong></span> <span class='ocrx_word' id='word_1_39' title='bbox 1032 1016 1131 1098; x_wconf 77' lang='grc' dir='ltr'><strong><em>ἐχειν,</em></strong></span> 
     </span>
     <span class='ocr_line' id='line_1_7' title="bbox 167 1108 1131 1238; baseline 0.002 -60"><span class='ocrx_word' id='word_1_40' title='bbox 167 1111 385 1198; x_wconf 89' lang='grc' dir='ltr'><strong><em>πανταχόθεν</em></strong></span> <span class='ocrx_word' id='word_1_41' title='bbox 402 1108 499 1180; x_wconf 72' lang='grc' dir='ltr'><strong><em>δὲ</em></strong></span> <span class='ocrx_word' id='word_1_42' title='bbox 459 1139 501 1180; x_wconf 88' lang='grc' dir='ltr'><strong><em>τα</em></strong></span> <span class='ocrx_word' id='word_1_43' title='bbox 519 1111 661 1200; x_wconf 79' lang='grc' dir='ltr'><strong><em>χρήσιμα</em></strong></span> <span class='ocrx_word' id='word_1_44' title='bbox 679 1111 869 1238; x_wconf 79' lang='grc' dir='ltr'><strong><em>σμλλέγειν.</em></strong></span> <span class='ocrx_word' id='word_1_45' title='bbox 890 1111 987 1201; x_wconf 86' lang='grc' dir='ltr'><strong><em>μόλις</em></strong></span> <span class='ocrx_word' id='word_1_46' title='bbox 1003 1112 1070 1202; x_wconf 83' lang='grc' dir='ltr'><strong><em>γάρ</em></strong></span> <span class='ocrx_word' id='word_1_47' title='bbox 1088 1108 1131 1181; x_wconf 84' lang='grc' dir='ltr'><strong><em>άυ</em></strong></span> 
     </span>
     <span class='ocr_line' id='line_1_8' title="bbox 165 1208 1162 1302; baseline 0.001 -22"><span class='ocrx_word' id='word_1_48' title='bbox 165 1239 211 1293; x_wconf 89' lang='grc' dir='ltr'><strong><em>τις</em></strong></span> <span class='ocrx_word' id='word_1_49' title='bbox 226 1208 446 1301; x_wconf 85' lang='grc' dir='ltr'><strong><em>ἐκταύτης”</em></strong></span> <span class='ocrx_word' id='word_1_50' title='bbox 408 1239 466 1301; x_wconf 87' lang='grc' dir='ltr'><strong><em>της</em></strong></span> <span class='ocrx_word' id='word_1_51' title='bbox 481 1212 711 1302; x_wconf 74' lang='grc' dir='ltr'><strong><em>ἐπιμελείας</em></strong></span> <span class='ocrx_word' id='word_1_52' title='bbox 674 1238 735 1294; x_wconf 83' lang='grc' dir='ltr'><strong><em>τας</em></strong></span> <span class='ocrx_word' id='word_1_53' title='bbox 748 1214 807 1300; x_wconf 79' lang='grc' dir='ltr'><strong><em>τῆς</em></strong></span> <span class='ocrx_word' id='word_1_54' title='bbox 816 1210 953 1300; x_wconf 83' lang='grc' dir='ltr'><strong><em>φύσεως</em></strong></span> <span class='ocrx_word' id='word_1_55' title='bbox 964 1210 1130 1302; x_wconf 87' lang='grc' dir='ltr'><strong><em>άμαρτίιις</em></strong></span> <span class='ocrx_word' id='word_1_56' title='bbox 1147 1241 1162 1275; x_wconf 80' lang='grc' dir='ltr'><strong><em>ι</em></strong></span> 
     </span>
     <span class='ocr_line' id='line_1_9' title="bbox 167 1313 423 1404; baseline 0.008 -22"><span class='ocrx_word' id='word_1_57' title='bbox 167 1313 423 1404; x_wconf 76' lang='grc' dir='ltr'><strong><em>ἐπικρατήσειεν.</em></strong></span> 
     </span>
    </p>
   </div>
   <div class='ocr_carea' id='block_1_3' title="bbox 547 1478 751 1488">
    <p class='ocr_par' dir='ltr' id='par_1_4' title="bbox 547 1478 751 1488">
     <span class='ocr_line' id='line_1_10' title="bbox 547 1478 751 1488; baseline 0 0"><span class='ocrx_word' id='word_1_58' title='bbox 547 1478 751 1488; x_wconf 70' lang='lat' dir='ltr'>——a—-—-</span> 
     </span>
    </p>
   </div>
   <div class='ocr_carea' id='block_1_4' title="bbox 440 1645 861 1842">
    <p class='ocr_par' dir='ltr' id='par_1_5' title="bbox 440 1645 861 1842">
     <span class='ocr_line' id='line_1_11' title="bbox 629 1645 668 1714; baseline 0 0"><span class='ocrx_word' id='word_1_59' title='bbox 629 1645 668 1714; x_wconf 67' lang='lat'><em>2</em></span> 
     </span>
     <span class='ocr_line' id='line_1_12' title="bbox 440 1776 861 1842; baseline 0 -4"><span class='ocrx_word' id='word_1_60' title='bbox 440 1777 571 1839; x_wconf 85' lang='grc' dir='ltr'><strong><em>ΠΡΟΣ</em></strong></span> <span class='ocrx_word' id='word_1_61' title='bbox 594 1776 861 1842; x_wconf 80' lang='grc' dir='ltr'><em>ΝΙΚΟΚΛΕΑ.</em></span> 
     </span>
    </p>
   </div>
   <div class='ocr_carea' id='block_1_5' title="bbox 240 2013 1184 2112">
    <p class='ocr_par' dir='ltr' id='par_1_6' title="bbox 240 2013 1184 2112">
     <span class='ocr_line' id='line_1_13' title="bbox 240 2013 1184 2112; baseline -0.006 -20"><span class='ocrx_word' id='word_1_62' title='bbox 240 2019 281 2111; x_wconf 90' lang='grc' dir='ltr'><strong><em>(α</em></strong></span> <span class='ocrx_word' id='word_1_63' title='bbox 279 2017 446 2112; x_wconf 87' lang='grc' dir='ltr'><strong><em>’.)οί</em></strong></span> <span class='ocrx_word' id='word_1_64' title='bbox 406 2046 471 2109; x_wconf 89' lang='grc' dir='ltr'><strong><em>μεν</em></strong></span> <span class='ocrx_word' id='word_1_65' title='bbox 488 2013 713 2107; x_wconf 72' lang='grc' dir='ltr'><strong><em>εἰωθότες,</em></strong></span> <span class='ocrx_word' id='word_1_66' title='bbox 686 2047 713 2088; x_wconf 91' lang='grc' dir='ltr'><strong><em>ω</em></strong></span> <span class='ocrx_word' id='word_1_67' title='bbox 732 2019 928 2108; x_wconf 71' lang='grc' dir='ltr'><strong><em>Νικόκλεις,</em></strong></span> <span class='ocrx_word' id='word_1_68' title='bbox 945 2032 1016 2100; x_wconf 83' lang='grc' dir='ltr'><strong><em>τοῖς</em></strong></span> <span class='ocrx_word' id='word_1_69' title='bbox 1033 2027 1132 2108; x_wconf 88' lang='grc' dir='ltr'><strong><em>βασι·</em></strong></span> <span class='ocrx_word' id='word_1_70' title='bbox 1151 2035 1184 2086; x_wconf 75' lang='grc' dir='ltr'><strong><em>ιλ</em></strong></span> 
     </span>
    </p>
   </div>
   <div class='ocr_carea' id='block_1_6' title="bbox 163 2116 1133 2315">
    <p class='ocr_par' dir='ltr' id='par_1_7' title="bbox 163 2116 1133 2315">
     <span class='ocr_line' id='line_1_14' title="bbox 163 2116 1128 2248; baseline -0.005 -54"><span class='ocrx_word' id='word_1_71' title='bbox 163 2128 284 2194; x_wconf 84' lang='grc' dir='ltr'><strong><em>λεύσιν</em></strong></span> <span class='ocrx_word' id='word_1_72' title='bbox 296 2120 395 2248; x_wconf 80' lang='grc' dir='ltr'><strong><em>ύμῖν</em></strong></span> <span class='ocrx_word' id='word_1_73' title='bbox 396 2118 576 2209; x_wconf 78' lang='grc' dir='ltr'><strong><em>ἐσθῆτας’</em></strong></span> <span class='ocrx_word' id='word_1_74' title='bbox 554 2146 649 2210; x_wconf 86' lang='grc' dir='ltr'><strong><em>αγειν</em></strong></span> <span class='ocrx_word' id='word_1_75' title='bbox 661 2148 684 2208; x_wconf 91' lang='grc' dir='ltr'><strong><em>η</em></strong></span> <span class='ocrx_word' id='word_1_76' title='bbox 666 2116 855 2210; x_wconf 78' lang='grc' dir='ltr'><strong><em>χαλκόν“</em></strong></span> <span class='ocrx_word' id='word_1_77' title='bbox 836 2148 857 2209; x_wconf 92' lang='grc' dir='ltr'><strong><em>η</em></strong></span> <span class='ocrx_word' id='word_1_78' title='bbox 869 2119 1001 2209; x_wconf 81' lang='grc' dir='ltr'><strong><em>χρυσόν</em></strong></span> <span class='ocrx_word' id='word_1_79' title='bbox 1015 2125 1128 2210; x_wconf 87' lang='grc' dir='ltr'><strong><em>είργα·</em></strong></span> 
     </span>
     <span class='ocr_line' id='line_1_15' title="bbox 163 2214 1133 2315; baseline -0.003 -21"><span class='ocrx_word' id='word_1_80' title='bbox 163 2227 290 2315; x_wconf 80' lang='grc' dir='ltr'><strong><em>σμένον</em></strong></span> <span class='ocrx_word' id='word_1_81' title='bbox 308 2219 331 2310; x_wconf 77' lang='grc' dir='ltr'>ἢ</span> <span class='ocrx_word' id='word_1_82' title='bbox 346 2250 417 2292; x_wconf 88' lang='grc' dir='ltr'><strong><em>των</em></strong></span> <span class='ocrx_word' id='word_1_83' title='bbox 434 2220 548 2291; x_wconf 79' lang='grc' dir='ltr'><strong><em>ἄλλων</em></strong></span> <span class='ocrx_word' id='word_1_84' title='bbox 565 2248 599 2290; x_wconf 89' lang='grc' dir='ltr'><strong><em>τι</em></strong></span> <span class='ocrx_word' id='word_1_85' title='bbox 615 2217 856 2292; x_wconf 79' lang='grc' dir='ltr'><strong><em>τῶντοιούτων</em></strong></span> <span class='ocrx_word' id='word_1_86' title='bbox 872 2222 1063 2312; x_wconf 79' lang='grc' dir='ltr'><strong><em>κτημάτων,</em></strong></span> <span class='ocrx_word' id='word_1_87' title='bbox 1083 2214 1133 2291; x_wconf 79' lang='grc' dir='ltr'><strong><em>όν</em></strong></span> 
     </span>
    </p>
   </div>
   <div class='ocr_carea' id='block_1_7' title="bbox 128 2321 1184 3831">
    <p class='ocr_par' dir='ltr' id='par_1_8' title="bbox 162 2321 1184 2616">
     <span class='ocr_line' id='line_1_16' title="bbox 163 2321 1184 2415; baseline -0.006 -19"><span class='ocrx_word' id='word_1_88' title='bbox 163 2325 262 2396; x_wconf 85' lang='grc' dir='ltr'><strong><em>αότοὶ</em></strong></span> <span class='ocrx_word' id='word_1_89' title='bbox 272 2323 337 2412; x_wconf 66' lang='grc' dir='ltr'><strong><em>μέν</em></strong></span> <span class='ocrx_word' id='word_1_90' title='bbox 347 2327 474 2403; x_wconf 81' lang='grc' dir='ltr'><strong><em>ἐνδεεῖς</em></strong></span> <span class='ocrx_word' id='word_1_91' title='bbox 492 2326 591 2415; x_wconf 79' lang='grc' dir='ltr'><strong><em>εἰσὶν,</em></strong></span> <span class='ocrx_word' id='word_1_92' title='bbox 605 2321 753 2412; x_wconf 80' lang='grc' dir='ltr'><strong><em>όμεῖςθέ</em></strong></span> <span class='ocrx_word' id='word_1_93' title='bbox 765 2331 954 2412; x_wconf 81' lang='grc' dir='ltr'><strong><em>πλουτεῖτε,</em></strong></span> <span class='ocrx_word' id='word_1_94' title='bbox 967 2330 1046 2393; x_wconf 89' lang='grc' dir='ltr'><strong><em>λίαν</em></strong></span> <span class='ocrx_word' id='word_1_95' title='bbox 1057 2328 1133 2393; x_wconf 81' lang='grc' dir='ltr'><strong><em>ἐδο-</em></strong></span> <span class='ocrx_word' id='word_1_96' title='bbox 1152 2339 1184 2390; x_wconf 81' lang='grc' dir='ltr'><strong><em>ιο</em></strong></span> 
     </span>
     <span class='ocr_line' id='line_1_17' title="bbox 162 2421 1134 2514; baseline -0.002 -18"><span class='ocrx_word' id='word_1_97' title='bbox 162 2431 223 2510; x_wconf 78' lang='grc' dir='ltr'><strong><em>ξαν</em></strong></span> <span class='ocrx_word' id='word_1_98' title='bbox 238 2424 335 2495; x_wconf 85' lang='grc' dir='ltr'><strong><em>ειναί</em></strong></span> <span class='ocrx_word' id='word_1_99' title='bbox 340 2451 396 2514; x_wconf 93' lang='grc' dir='ltr'><strong><em>μοι</em></strong></span> <span class='ocrx_word' id='word_1_100' title='bbox 408 2437 616 2512; x_wconf 83' lang='grc' dir='ltr'><strong><em>καταφανεῖς</em></strong></span> <span class='ocrx_word' id='word_1_101' title='bbox 631 2450 673 2492; x_wconf 94' lang='grc' dir='ltr'><strong><em>ον</em></strong></span> <span class='ocrx_word' id='word_1_102' title='bbox 663 2421 782 2493; x_wconf 75' lang='grc' dir='ltr'><strong><em>’δόσιν</em></strong></span> <span class='ocrx_word' id='word_1_103' title='bbox 794 2422 870 2492; x_wconf 78' lang='grc' dir='ltr'><strong><em>ἀλλ’</em></strong></span> <span class='ocrx_word' id='word_1_104' title='bbox 884 2427 1050 2514; x_wconf 75' lang='grc' dir='ltr'><strong><em>ἐμπορίαν</em></strong></span> <span class='ocrx_word' id='word_1_105' title='bbox 1059 2449 1134 2494; x_wconf 91' lang='grc' dir='ltr'><strong><em>ποι-</em></strong></span> 
     </span>
     <span class='ocr_line' id='line_1_18' title="bbox 163 2522 1135 2616; baseline -0.002 -20"><span class='ocrx_word' id='word_1_106' title='bbox 163 2527 306 2616; x_wconf 82' lang='grc' dir='ltr'><strong><em>ούμενοι</em></strong></span> <span class='ocrx_word' id='word_1_107' title='bbox 322 2525 380 2595; x_wconf 80' lang='grc' dir='ltr'><strong><em>καὶ</em></strong></span> <span class='ocrx_word' id='word_1_108' title='bbox 393 2523 481 2594; x_wconf 78' lang='grc' dir='ltr'><strong><em>πολύ</em></strong></span> <span class='ocrx_word' id='word_1_109' title='bbox 494 2523 735 2614; x_wconf 76' lang='grc' dir='ltr'><strong><em>τεχνικώτερον</em></strong></span> <span class='ocrx_word' id='word_1_110' title='bbox 752 2522 840 2594; x_wconf 80' lang='grc' dir='ltr'><strong><em>αὐτά</em></strong></span> <span class='ocrx_word' id='word_1_111' title='bbox 853 2530 1049 2606; x_wconf 74' lang='grc' dir='ltr'><strong><em>πωλοῦντες</em></strong></span> <span class='ocrx_word' id='word_1_112' title='bbox 1066 2527 1135 2595; x_wconf 76' lang='grc' dir='ltr'><strong><em>τόν</em></strong></span> 
     </span>
    </p>

    <p class='ocr_par' dir='ltr' id='par_1_9' title="bbox 133 2619 1167 3424">
     <span class='ocr_line' id='line_1_19' title="bbox 133 2619 1135 2718; baseline 0.001 -25"><span class='ocrx_word' id='word_1_113' title='bbox 133 2644 146 2693; x_wconf 78' lang='grc' dir='ltr'><strong><em>ε</em></strong></span> <span class='ocrx_word' id='word_1_114' title='bbox 162 2624 430 2718; x_wconf 89' lang='grc' dir='ltr'><strong><em>ὁμολογούντων</em></strong></span> <span class='ocrx_word' id='word_1_115' title='bbox 442 2624 662 2712; x_wconf 82' lang='grc' dir='ltr'><strong><em>καπηλεύειν·</em></strong></span> <span class='ocrx_word' id='word_1_116' title='bbox 680 2619 860 2715; x_wconf 80' lang='grc' dir='ltr'><strong><em>ἡγησάμην</em></strong></span> <span class='ocrx_word' id='word_1_117' title='bbox 873 2623 907 2696; x_wconf 79' lang='grc' dir='ltr'><strong><em>θ’</em></strong></span> <span class='ocrx_word' id='word_1_118' title='bbox 922 2621 965 2695; x_wconf 77' lang='grc' dir='ltr'><strong><em>ἂν</em></strong></span> <span class='ocrx_word' id='word_1_119' title='bbox 974 2625 1135 2712; x_wconf 81' lang='grc' dir='ltr'><strong><em>γενέσθω</em></strong></span> 
     </span>
     <span class='ocr_line' id='line_1_20' title="bbox 160 2724 1133 2818; baseline -0.005 -18"><span class='ocrx_word' id='word_1_120' title='bbox 160 2728 296 2818; x_wconf 86' lang='grc' dir='ltr'><strong><em>ταύτην</em></strong></span> <span class='ocrx_word' id='word_1_121' title='bbox 308 2733 492 2814; x_wconf 85' lang='grc' dir='ltr'><strong><em>καλλίστην</em></strong></span> <span class='ocrx_word' id='word_1_122' title='bbox 505 2724 639 2816; x_wconf 72' lang='grc' dir='ltr'><strong><em>δωρεάν</em></strong></span> <span class='ocrx_word' id='word_1_123' title='bbox 651 2728 709 2796; x_wconf 87' lang='grc' dir='ltr'><strong><em>καλ</em></strong></span> <span class='ocrx_word' id='word_1_124' title='bbox 723 2726 978 2816; x_wconf 76' lang='grc' dir='ltr'><strong><em>χρησιμωτάτην</em></strong></span> <span class='ocrx_word' id='word_1_125' title='bbox 990 2728 1050 2796; x_wconf 77' lang='grc' dir='ltr'><strong><em>καὶ</em></strong></span> <span class='ocrx_word' id='word_1_126' title='bbox 1067 2727 1133 2814; x_wconf 87' lang='grc' dir='ltr'><strong><em>μά-</em></strong></span> 
     </span>
     <span class='ocr_line' id='line_1_21' title="bbox 160 2829 1134 2918; baseline -0.003 -17"><span class='ocrx_word' id='word_1_127' title='bbox 160 2840 260 2902; x_wconf 88' lang='grc' dir='ltr'><strong><em>λιστα</em></strong></span> <span class='ocrx_word' id='word_1_128' title='bbox 270 2830 471 2918; x_wconf 81' lang='grc' dir='ltr'><strong><em>πρέπουσαν</em></strong></span> <span class='ocrx_word' id='word_1_129' title='bbox 482 2830 558 2917; x_wconf 83' lang='grc' dir='ltr'><strong><em>ἐμοί</em></strong></span> <span class='ocrx_word' id='word_1_130' title='bbox 564 2854 599 2897; x_wconf 91' lang='grc' dir='ltr'><strong><em>τε</em></strong></span> <span class='ocrx_word' id='word_1_131' title='bbox 609 2832 732 2898; x_wconf 78' lang='grc' dir='ltr'><strong><em>δοῦναι</em></strong></span> <span class='ocrx_word' id='word_1_132' title='bbox 739 2829 797 2897; x_wconf 77' lang='grc' dir='ltr'><strong><em>καὶ</em></strong></span> <span class='ocrx_word' id='word_1_133' title='bbox 810 2829 864 2897; x_wconf 80' lang='grc' dir='ltr'><strong><em>σοὶ</em></strong></span> <span class='ocrx_word' id='word_1_134' title='bbox 878 2835 1008 2918; x_wconf 81' lang='grc' dir='ltr'><strong><em>λαβεῖν,</em></strong></span> <span class='ocrx_word' id='word_1_135' title='bbox 1026 2833 1059 2898; x_wconf 80' lang='grc' dir='ltr'><strong><em>εί</em></strong></span> <span class='ocrx_word' id='word_1_136' title='bbox 1068 2833 1134 2898; x_wconf 78' lang='grc' dir='ltr'><strong><em>θν-</em></strong></span> 
     </span>
     <span class='ocr_line' id='line_1_22' title="bbox 159 2926 1135 3022; baseline -0.004 -20"><span class='ocrx_word' id='word_1_137' title='bbox 159 2929 442 3022; x_wconf 85' lang='grc' dir='ltr'><strong><em>νηθείηνόρλσαι,</em></strong></span> <span class='ocrx_word' id='word_1_138' title='bbox 456 2936 565 3000; x_wconf 88' lang='grc' dir='ltr'><strong><em>ποίων</em></strong></span> <span class='ocrx_word' id='word_1_139' title='bbox 579 2929 851 3018; x_wconf 77' lang='grc' dir='ltr'><strong><em>ἐπιτηδευμάτων</em></strong></span> <span class='ocrx_word' id='word_1_140' title='bbox 864 2926 1066 3020; x_wconf 81' lang='grc' dir='ltr'><strong><em>ὀρεγόμενος</em></strong></span> <span class='ocrx_word' id='word_1_141' title='bbox 1077 2930 1135 3000; x_wconf 82' lang='grc' dir='ltr'><strong><em>καλ</em></strong></span> 
     </span>
     <span class='ocr_line' id='line_1_23' title="bbox 159 3024 1134 3122; baseline -0.001 -20"><span class='ocrx_word' id='word_1_142' title='bbox 159 3044 273 3104; x_wconf 89' lang='grc' dir='ltr'><strong><em>τίνων</em></strong></span> <span class='ocrx_word' id='word_1_143' title='bbox 292 3027 430 3122; x_wconf 82' lang='grc' dir='ltr'><strong><em>[ἔργων]</em></strong></span> <span class='ocrx_word' id='word_1_144' title='bbox 449 3027 657 3120; x_wconf 88' lang='grc' dir='ltr'><strong><em>άπεχόμενος</em></strong></span> <span class='ocrx_word' id='word_1_145' title='bbox 681 3024 793 3121; x_wconf 83' lang='grc' dir='ltr'><strong><em>ἄριστ’</em></strong></span> <span class='ocrx_word' id='word_1_146' title='bbox 812 3026 856 3099; x_wconf 80' lang='grc' dir='ltr'><strong><em>ἂν</em></strong></span> <span class='ocrx_word' id='word_1_147' title='bbox 872 3030 930 3099; x_wconf 80' lang='grc' dir='ltr'><strong><em>καὶ</em></strong></span> <span class='ocrx_word' id='word_1_148' title='bbox 953 3029 1015 3119; x_wconf 75' lang='grc' dir='ltr'><strong><em>τὴν</em></strong></span> <span class='ocrx_word' id='word_1_149' title='bbox 1033 3030 1134 3101; x_wconf 86' lang='grc' dir='ltr'><strong><em>πόλιν</em></strong></span> 
     </span>
     <span class='ocr_line' id='line_1_24' title="bbox 160 3129 1167 3221; baseline -0.008 -19"><span class='ocrx_word' id='word_1_150' title='bbox 160 3133 650 3221; x_wconf 77' lang='grc' dir='ltr'><strong><em>καλτὴνβασιλείανθιοικοίης.</em></strong></span> <span class='ocrx_word' id='word_1_151' title='bbox 669 3129 895 3221; x_wconf 73' lang='grc' dir='ltr'><strong><em>τούςμὲνγάρ</em></strong></span> <span class='ocrx_word' id='word_1_152' title='bbox 911 3131 1047 3213; x_wconf 84' lang='grc' dir='ltr'><strong><em>ίόιάτας</em></strong></span> <span class='ocrx_word' id='word_1_153' title='bbox 1061 3133 1133 3203; x_wconf 76' lang='grc' dir='ltr'><strong><em>ἐστὶ</em></strong></span> <span class='ocrx_word' id='word_1_154' title='bbox 1149 3144 1167 3194; x_wconf 80' lang='lat' dir='ltr'>b</span> 
     </span>
     <span class='ocr_line' id='line_1_25' title="bbox 161 3230 1133 3322; baseline -0.005 -16"><span class='ocrx_word' id='word_1_155' title='bbox 161 3233 276 3306; x_wconf 83' lang='grc' dir='ltr'><strong><em>πολλά</em></strong></span> <span class='ocrx_word' id='word_1_156' title='bbox 302 3232 343 3301; x_wconf 84' lang='grc' dir='ltr'><strong><em>τά</em></strong></span> <span class='ocrx_word' id='word_1_157' title='bbox 367 3233 591 3320; x_wconf 75' lang='grc' dir='ltr'><strong><em>παιδεύοντα,</em></strong></span> <span class='ocrx_word' id='word_1_158' title='bbox 614 3232 759 3322; x_wconf 83' lang='grc' dir='ltr'><strong><em>μάλιστα</em></strong></span> <span class='ocrx_word' id='word_1_159' title='bbox 781 3231 845 3322; x_wconf 70' lang='grc' dir='ltr'><strong><em>μέν</em></strong></span> <span class='ocrx_word' id='word_1_160' title='bbox 867 3230 906 3302; x_wconf 84' lang='grc' dir='ltr'><strong><em>τό</em></strong></span> <span class='ocrx_word' id='word_1_161' title='bbox 929 3231 975 3320; x_wconf 77' lang='grc' dir='ltr'><strong><em>μὴ</em></strong></span> <span class='ocrx_word' id='word_1_162' title='bbox 997 3237 1133 3321; x_wconf 83' lang='grc' dir='ltr'><strong><em>τρυφάν</em></strong></span> 
     </span>
     <span class='ocr_line' id='line_1_26' title="bbox 161 3328 1133 3424; baseline -0.001 -19"><span class='ocrx_word' id='word_1_163' title='bbox 161 3331 244 3405; x_wconf 88' lang='grc' dir='ltr'><strong><em>άλλ’</em></strong></span> <span class='ocrx_word' id='word_1_164' title='bbox 262 3332 510 3420; x_wconf 78' lang='grc' dir='ltr'><strong><em>ἀναγκάζεσθαι</em></strong></span> <span class='ocrx_word' id='word_1_165' title='bbox 527 3334 606 3423; x_wconf 75' lang='grc' dir='ltr'><strong><em>περὶ</em></strong></span> <span class='ocrx_word' id='word_1_166' title='bbox 624 3337 684 3403; x_wconf 79' lang='grc' dir='ltr'><strong><em>τοῦ</em></strong></span> <span class='ocrx_word' id='word_1_167' title='bbox 697 3339 777 3424; x_wconf 84' lang='grc' dir='ltr'><strong><em>βίον</em></strong></span> <span class='ocrx_word' id='word_1_168' title='bbox 794 3328 877 3403; x_wconf 87' lang='grc' dir='ltr'><strong><em>καθ’</em></strong></span> <span class='ocrx_word' id='word_1_169' title='bbox 894 3331 1037 3420; x_wconf 81' lang='grc' dir='ltr'><strong><em>ἑκάστην</em></strong></span> <span class='ocrx_word' id='word_1_170' title='bbox 1048 3339 1133 3420; x_wconf 86' lang='grc' dir='ltr'><strong><em>βου·</em></strong></span> 
     </span>
    </p>

    <p class='ocr_par' dir='ltr' id='par_1_10' title="bbox 128 3430 1136 3624">
     <span class='ocr_line' id='line_1_27' title="bbox 128 3430 1134 3524; baseline 0.002 -23"><span class='ocrx_word' id='word_1_171' title='bbox 128 3451 143 3501; x_wconf 77' lang='grc' dir='ltr'><strong><em>ε</em></strong></span> <span class='ocrx_word' id='word_1_172' title='bbox 160 3437 331 3508; x_wconf 86' lang='grc' dir='ltr'><strong><em>λεύεσθαι</em></strong></span> <span class='ocrx_word' id='word_1_173' title='bbox 347 3433 409 3523; x_wconf 73' lang='grc' dir='ltr'><strong><em>τὴν</em></strong></span> <span class='ocrx_word' id='word_1_174' title='bbox 426 3431 567 3524; x_wconf 81' lang='grc' dir='ltr'><strong><em>ἡμέραν,</em></strong></span> <span class='ocrx_word' id='word_1_175' title='bbox 585 3433 692 3504; x_wconf 71' lang='grc' dir='ltr'><strong><em>ἔπειθ’</em></strong></span> <span class='ocrx_word' id='word_1_176' title='bbox 708 3439 746 3505; x_wconf 85' lang='grc' dir='ltr'><strong><em>οί</em></strong></span> <span class='ocrx_word' id='word_1_177' title='bbox 753 3434 863 3522; x_wconf 92' lang='grc' dir='ltr'><strong><em>νόμοι,</em></strong></span> <span class='ocrx_word' id='word_1_178' title='bbox 880 3431 962 3503; x_wconf 87' lang='grc' dir='ltr'><strong><em>καθ’</em></strong></span> <span class='ocrx_word' id='word_1_179' title='bbox 977 3430 1038 3515; x_wconf 69' lang='grc' dir='ltr'><strong><em>οὓς</em></strong></span> <span class='ocrx_word' id='word_1_180' title='bbox 1055 3435 1134 3504; x_wconf 77' lang='grc' dir='ltr'><strong><em>ἕκα-</em></strong></span> 
     </span>
     <span class='ocr_line' id='line_1_28' title="bbox 160 3533 1136 3624; baseline -0.003 -16"><span class='ocrx_word' id='word_1_181' title='bbox 160 3559 237 3610; x_wconf 90' lang='grc' dir='ltr'><strong><em>στοι</em></strong></span> <span class='ocrx_word' id='word_1_182' title='bbox 263 3535 517 3624; x_wconf 87' lang='grc' dir='ltr'><strong><em>πολιτευόμενοι</em></strong></span> <span class='ocrx_word' id='word_1_183' title='bbox 535 3536 782 3623; x_wconf 87' lang='grc' dir='ltr'><strong><em>τυγχάνουσιν,</em></strong></span> <span class='ocrx_word' id='word_1_184' title='bbox 809 3541 857 3605; x_wconf 78' lang='grc' dir='ltr'><strong><em>έτι</em></strong></span> <span class='ocrx_word' id='word_1_185' title='bbox 873 3533 907 3604; x_wconf 79' lang='grc' dir='ltr'><strong><em>θ’</em></strong></span> <span class='ocrx_word' id='word_1_186' title='bbox 926 3533 948 3623; x_wconf 80' lang='grc' dir='ltr'><strong><em>ἡ</em></strong></span> <span class='ocrx_word' id='word_1_187' title='bbox 966 3540 1136 3624; x_wconf 82' lang='grc' dir='ltr'><strong><em>παρρησία</em></strong></span> 
     </span>
    </p>

    <p class='ocr_par' dir='ltr' id='par_1_11' title="bbox 135 3636 1137 3831">
     <span class='ocr_line' id='line_1_29' title="bbox 135 3636 1137 3727; baseline -0.005 -18"><span class='ocrx_word' id='word_1_188' title='bbox 135 3683 138 3690; x_wconf 86' lang='lat'>·</span> <span class='ocrx_word' id='word_1_189' title='bbox 159 3641 221 3710; x_wconf 79' lang='grc' dir='ltr'><strong><em>καὶ</em></strong></span> <span class='ocrx_word' id='word_1_190' title='bbox 241 3638 282 3708; x_wconf 85' lang='grc' dir='ltr'><strong><em>τό</em></strong></span> <span class='ocrx_word' id='word_1_191' title='bbox 301 3641 460 3727; x_wconf 68' lang='grc' dir='ltr'><strong><em>φανεροῖς</em></strong></span> <span class='ocrx_word' id='word_1_192' title='bbox 479 3639 599 3719; x_wconf 86' lang='grc' dir='ltr'><strong><em>ἐξεῖναι</em></strong></span> <span class='ocrx_word' id='word_1_193' title='bbox 615 3651 687 3718; x_wconf 88' lang='grc' dir='ltr'><strong><em>τοῖς</em></strong></span> <span class='ocrx_word' id='word_1_194' title='bbox 704 3663 741 3706; x_wconf 88' lang='grc' dir='ltr'><strong><em>τε</em></strong></span> <span class='ocrx_word' id='word_1_195' title='bbox 757 3643 868 3724; x_wconf 82' lang='grc' dir='ltr'><strong><em>φίλοις</em></strong></span> <span class='ocrx_word' id='word_1_196' title='bbox 887 3637 1063 3723; x_wconf 79' lang='grc' dir='ltr'><strong><em>ἐπιπλῆξαι</em></strong></span> <span class='ocrx_word' id='word_1_197' title='bbox 1078 3636 1137 3707; x_wconf 77' lang='grc' dir='ltr'><strong><em>καί</em></strong></span> 
     </span>
     <span class='ocr_line' id='line_1_30' title="bbox 157 3731 1136 3831; baseline -0.006 -20"><span class='ocrx_word' id='word_1_198' title='bbox 157 3755 236 3823; x_wconf 85' lang='grc' dir='ltr'><strong><em>τοῖς</em></strong></span> <span class='ocrx_word' id='word_1_199' title='bbox 254 3742 391 3831; x_wconf 85' lang='grc' dir='ltr'><strong><em>ἐχθροῖς</em></strong></span> <span class='ocrx_word' id='word_1_200' title='bbox 404 3739 583 3810; x_wconf 78' lang='grc' dir='ltr'><strong><em>ἐπιθέσθαι</em></strong></span> <span class='ocrx_word' id='word_1_201' title='bbox 593 3752 669 3819; x_wconf 90' lang='grc' dir='ltr'><strong><em>ταῖς</em></strong></span> <span class='ocrx_word' id='word_1_202' title='bbox 681 3731 837 3825; x_wconf 82' lang='grc' dir='ltr'><strong><em>άλλήλων</em></strong></span> <span class='ocrx_word' id='word_1_203' title='bbox 844 3735 1037 3826; x_wconf 72' lang='grc' dir='ltr'><strong><em>ἁμαρτίαις·</em></strong></span> <span class='ocrx_word' id='word_1_204' title='bbox 1050 3737 1136 3822; x_wconf 84' lang='grc' dir='ltr'><strong><em>πρὸς</em></strong></span> 
     </span>
    </p>
   </div>
   <div class='ocr_carea' id='block_1_8' title="bbox 0 0 1434 4334">
    <p class='ocr_par' dir='ltr' id='par_1_12' title="bbox 0 0 1434 4334">
     <span class='ocr_line' id='line_1_31' title="bbox 0 0 1434 4334; baseline 0 1"><span class='ocrx_word' id='word_1_205' title='bbox 0 0 1434 4334; x_wconf 95' lang='lat' dir='ltr'><strong><em> </em></strong></span> 
     </span>
    </p>
   </div>
  </div>
 </body>
</html>
