2859 4334
267 380 310 444 40
560 379 880 442 ιεοιιεεεονε
899 385 943 462 (ι)

269 562 491 643 λειτουργίαις
499 553 557 620 καὶ
566 567 638 633 τοῖς
652 553 765 632 ἄλλοις
779 551 919 633 τολςύπ’
933 555 1015 641 έμοῦ
1027 575 1241 641 προσταττο·
1351 635 1352 658 ¹

219 674 250 725 οῖ
268 657 391 743 μένοις.
409 657 610 742 προτρέπετε
622 654 702 735 τούς
710 654 896 743 νεωτέρους
911 651 962 745 ἐπ’
973 652 1097 742 ἀρετὴν
1109 655 1154 742 μὴ
1168 653 1240 742 μύ-
1351 681 1352 718 1

269 783 331 824 νον
345 759 591 845 παραινοῦντες
609 752 694 823 ἀλλὰ
708 757 765 824 καὶ
778 757 856 843 περὶ
869 748 929 835 τὰς
943 756 1077 841 προέξεις
1094 753 1238 825 ῦποδετ-

269 856 429 937 κνύοντες
443 855 578 943 αὐτοῖς,
603 860 698 937 οἵους
716 855 803 926 εἶναι
822 856 884 945 χρὴ
902 855 983 936 τούς
1007 855 1134 944 ἄνδρας
1150 856 1239 937 τοῦς
1351 881 1352 886 ’

270 957 435 1044 ἀγαθούς.
455 958 630 1027 διδάσκετε
641 957 725 1037 τούς
738 963 862 1038 παῖδας
875 956 956 1038 τοῦς
965 957 1150 1047 ύμετέρους
1163 956 1236 1026 αῦ-
1260 984 1281 1018 e

269 1062 339 1127 τῶν
345 1058 597 1145 βασιλεύεσθαι,
611 1060 668 1126 καὶ
680 1061 758 1147 περὶ
766 1058 828 1146 τὴν
836 1063 1015 1128 παίδευσιν
1021 1059 1083 1146 τὴν
1097 1058 1239 1146 εἰρημέ-

269 1186 334 1247 νην
346 1157 465 1242 ἐθίζετ’
480 1158 605 1238 αύτούς
615 1159 662 1240 ύς
674 1159 818 1248 μάλιστα
829 1165 1025 1248 διατρίβειν·
1039 1155 1082 1247 ἢν
1091 1160 1156 1248 γὰρ
1170 1185 1240 1228 κα-

213 1265 216 1272 ’
272 1267 338 1339 λώς
364 1257 526 1348 ἄρχεσθαι
547 1261 700 1347 μύθοισι,
726 1265 860 1330 πολλῶν
885 1259 999 1348 ἄρχειν
1017 1261 1240 1349 δυνήσονται,

271 1363 328 1430 καὶ
342 1363 453 1430 πιστοὶ
466 1362 528 1449 μέν
547 1359 644 1441 ὄντες
660 1362 718 1430 καὶ
736 1367 858 1431 δίκαιοι
874 1363 1052 1449 μεθέξουσι
1069 1367 1138 1430 τῶν
1150 1355 1239 1450 ἡμε-

270 1464 379 1552 τέρων
403 1460 565 1549 ἀγαθῶν,
596 1464 694 1531 κακοὶ
719 1462 757 1531 δλ
780 1461 954 1550 γενόμενοι
975 1464 1240 1532 κινδυνεύσουσι

222 1585 254 1634 σε
272 1565 350 1653 περὶ
366 1568 437 1632 τῶν
449 1562 682 1652 ὑπαρχόντων.
701 1567 858 1651 μέγιστον
872 1563 1011 1653 ἡγεῖσθε
1027 1565 1084 1633 καὶ
1098 1563 1236 1652 βεβαιό-
1258 1571 1296 1620 ³⁹

271 1690 372 1734 τατον
400 1679 470 1744 τοῖς
495 1664 589 1733 παισὶ
615 1669 764 1734 πλοῦτον
788 1665 1020 1754 παραδώσειν,
1050 1661 1093 1753 ἢν
1117 1665 1238 1745 αὐτοῖς

178 1761 180 1765 ’
273 1766 426 1853 δύνησθε
435 1765 498 1852 τὴν
507 1765 672 1854 ἡμετέραν
681 1763 819 1834 εῦνοιαν
828 1772 1048 1834 καταλείπειν.
1063 1764 1233 1834 δθλιωτύ·
1305 1845 1310 1853 Ι

273 1893 354 1946 τους
367 1864 507 1953 ἡγεῖσθε
520 1867 577 1934 καὶ
590 1867 892 1954 δυστυχεστάτους,
906 1861 980 1935 ὅσοι
993 1869 1072 1956 περὶ
1084 1866 1164 1947 τούς
1178 1891 1236 1935 πι-

166 2034 168 2039 .
207 2046 217 2066 -„
275 1964 1234 2057 στεύσανταςἄπιστοιγεγύνασιν·ύνάγκηγᾶρτοδςτοιού-

272 2093 353 2148 τους
378 2067 522 2155 ἀθύμως
545 2075 680 2155 ἔχοντας
704 2071 762 2138 καὶ
779 2069 1013 2157 φοβουμένους
1030 2066 1161 2138 ἅπαντα
1178 2069 1237 2136 καλ

273 2168 379 2258 μηδὲν
391 2172 521 2257 μᾶλλον
534 2169 752 2250 πιστεύοντας
769 2186 839 2252 τοῖς
852 2164 963 2257 φίλοις
977 2164 998 2256 ἢ
1015 2185 1086 2250 τοῖς
1101 2173 1236 2258 έχθροῖς

223 2290 256 2339 59
273 2270 335 2339 τδν
353 2274 526 2340 ἐπίλοιπον
539 2269 664 2359 χρόνον
677 2271 814 2358 διάγειν.
838 2275 974 2358 ζηλοῦτε
986 2270 1032 2358 μὴ
1044 2271 1125 2351 τούς
1138 2280 1235 2339 πλεῖ-

274 2391 335 2441 στα
353 2372 576 2459 κεκτημένους
594 2369 679 2440 ἀλλά
696 2371 779 2452 τούς
791 2371 897 2460 μηδὲν
916 2371 1022 2440 κακδν
1036 2378 1151 2459 σφίσιν
1168 2370 1233 2440 αύ-
1251 2389 1270 2438 b

273 2488 344 2553 τοῖς
359 2471 571 2552 συνειδότας·
590 2471 673 2559 μετὰ
686 2471 753 2562 γὰρ
766 2473 920 2562 τοιαύτης
939 2476 1048 2561 ψυχῆς
1066 2467 1173 2560 ἥδιστ’
1193 2471 1236 2540 ἄν

274 2601 323 2655 τις
337 2573 477 2643 δύναιτο
488 2572 550 2642 τδν
558 2581 636 2662 βίον
645 2579 829 2662 διαγαγεῖν.
852 2573 897 2663 μὴ
912 2574 974 2661 τὴν
987 2581 1110 2643 κακίαν
1123 2584 1236 2643 οἴεσθε

275 2676 446 2745 δύνασθαι
458 2675 522 2763 μὲν
535 2682 639 2744 πλείω
652 2677 712 2762 τῆς
725 2675 844 2764 ἀρετῆς
859 2674 1015 2764 ὠφελεῖν,
1029 2675 1067 2744 τδ
1082 2674 1113 2743 δ’
1130 2673 1236 2763 ὄνομα

275 2777 537 2866 δυσχερέστερον
555 2782 660 2863 ἔχειν,
684 2774 760 2845 ἀλλ’
780 2781 864 2846 οἵων
881 2802 944 2866 περ
961 2771 1138 2865 δνομεὶτυν
1156 2778 1234 2845 έκα·

276 2900 357 2947 στον
369 2881 439 2947 τῶν
452 2879 657 2967 πραγμύτων
670 2878 841 2966 τετύχηκε,
858 2878 1015 2958 τοιαύτας
1029 2877 1169 2964 ἡγεῖσθε
1180 2876 1235 2944 καλ

225 2998 258 3047 ου
274 2977 335 3059 τας
344 2978 503 3066 δυνάμεις
517 2978 632 3048 αὐτῶν
646 2975 741 3047 εἶναι.
760 2976 806 3066 μὴ
815 2989 976 3067 φθονεῖτε
988 2994 1059 3060 τοῖς
1069 2975 1150 3067 παρ’
1163 2979 1235 3066 ἐμοὶ

276 3079 508 3169 πρωτεύουσιν
523 3076 596 3148 ἀλλ’
614 3077 813 3167 ἆμιλλᾶσθε,
826 3082 884 3149 καὶ
897 3085 1059 3169 πειρᾶσθε
1071 3076 1234 3168 χρηστούς

276 3179 365 3270 ὑμᾶς
378 3178 506 3260 αύτοῦς
519 3181 721 3268 παρέχοντες
736 3183 928 3264 ἐξισοῦσθαι
940 3197 1011 3261 τοῖς
1026 3181 1233 3270 προέχουσιν.
1251 3211 1265 3245 ε

277 3291 387 3370 φιλεῖν
404 3292 520 3352 οἴεσθε
534 3287 607 3351 δεῖν
624 3283 682 3350 καὶ
699 3287 798 3370 τιμᾶν
811 3281 938 3371 οῦσπερ
952 3277 996 3351 ἂν
1011 3279 1092 3372 [καλ]
1107 3279 1125 3349 δ
1140 3287 1233 3365 βασι-

277 3384 367 3471 λεῦς,
382 3388 439 3452 ἵνα
452 3385 509 3452 καὶ
518 3381 598 3472 παρ’
613 3386 694 3471 ἐμοῦ
704 3384 891 3472 τυγχάνητε
899 3386 967 3451 τῶν
978 3382 1092 3452 αὐτῶν
1100 3381 1233 3452 τούτων.

277 3482 334 3556 old
352 3511 414 3574 περ
433 3485 510 3573 περὶ
523 3483 690 3571 παρόντος
707 3512 774 3569 μου
793 3486 916 3572 λέγετε,
933 3486 1070 3553 τοιαῦτα
1086 3484 1144 3552 καὶ
1162 3483 1235 3567 περὶ

227 3603 255 3650 ει
277 3585 422 3666 ἀπόντος
436 3600 602 3675 φρονεῖτε.
620 3586 682 3675 τὴν
697 3581 833 3656 εῦνοιαν
845 3584 908 3674 τὴν
921 3584 1007 3674 πρδς
1021 3583 1109 3673 ἡμᾶς
1124 3586 1235 3664 ἐντοῖς

278 3696 386 3777 έργοις
405 3690 625 3757 ένδείκνυσθε
638 3689 768 3776 μᾶλλον
785 3681 805 3774 ἢ
822 3701 893 3767 τοῖς
911 3686 1031 3774 λόγοις.
1058 3681 1228 3771 δι’πύσχον.
