2859 4334
525 396 839 454 ΠΛΑΤΑΙΚΟΣ.
1114 396 1155 458 ’91

203 554 331 632 πόλεως
347 551 368 640 ἢ
384 554 513 621 τούτων
533 569 644 640 τυχεῖν
666 555 812 640 ὁμόρους
834 555 933 624 ὄνταη
970 563 1003 627 oc
1016 566 1077 644 μέν
1092 564 1157 643 γάρ

204 649 266 736 ὑφ’
284 650 381 737 ὑμῶν
395 650 478 719 κατά
495 655 616 736 κράτος
630 652 769 730 ἁλόντες
785 652 892 733 εὐθὺς
907 659 969 742 μὲν
986 654 1158 742 ἁρμοστοῦ

205 756 259 819 καὶ
288 757 440 830 δουλείας
462 750 721 837 ἀπηλλάγησαν,
750 761 815 821 νῦν
838 757 872 822 δὲ
894 763 955 823 τοῦ
977 761 1158 841 συνεδρίου

204 854 259 920 καὶ
276 859 333 940 τῆς
347 855 540 935 ἐλευθερίας
551 856 761 937 μετέχουσιν·
785 858 819 921 οί
828 855 1007 922 δὲ’τούτων
1018 862 1188 941 πλησίονι,

204 958 375 1029 οίκοῦντες
389 956 424 1018 ολ
435 953 498 1036 μἐν
508 951 609 1018 οὐδὲν
623 945 723 1037 ἦττον
735 960 802 1019 τῶν
814 951 1065 1039 ἀργυρωνήτων
1077 960 1155 1021 δον-

204 1050 360 1132 λεῦουσι,
389 1048 468 1127 τοῦς
483 1054 514 1117 δ’
534 1049 575 1116 οὐ
597 1050 765 1135 πρότερον
787 1054 973 1119 παύσονται
1013 1057 1092 1135 πρὶν
1115 1048 1159 1119 ἀν

153 1171 188 1225 19
203 1147 311 1226 οὕτως
323 1147 433 1231 ὥσπερ
447 1147 533 1234 ἡμᾶς
544 1154 719 1217 διαθῶσιν.
743 1153 797 1217 καὶ
810 1158 1085 1236 Λακεδαιμονίων
1097 1150 1159 1236 μὲν

202 1256 465 1334 κατηγοροῦσιν,
504 1248 555 1316 ὅτι
590 1247 652 1334 τὴν
686 1255 859 1335 Καδμείαν
891 1256 1074 1334 κατέλαβον
1104 1255 1157 1319 καὶ

202 1343 357 1431 φρουρὰς
373 1353 419 1425 είς
433 1344 491 1426 τάς
511 1348 624 1426 πόλεις
639 1355 859 1432 καθίστασαν,
875 1347 969 1416 αὐτοὶ
984 1347 1016 1415 δ’
1034 1347 1075 1415 οὐ
1087 1348 1158 1434 φά-

204 1455 307 1522 λακας
325 1449 569 1531 είσπίμποντες,
586 1442 671 1512 ἀλλά
687 1452 755 1510 νῦν
766 1447 828 1530 μὲν
840 1445 879 1512 τά
892 1454 979 1531 τείχη
992 1446 1159 1513 κατασκά-

203 1573 356 1626 πτοντες,
382 1543 461 1625 τοῦς
477 1544 508 1612 δ’
525 1544 633 1631 ἀρδην
654 1544 881 1625 ἀπολλῦοντες
908 1545 1009 1614 οὐδὲν
1031 1559 1158 1615 οίονται

203 1642 320 1711 δεινόν
334 1658 454 1729 ποιεῖν,
473 1641 547 1712 ἀλλ’
566 1650 611 1721 είς
626 1642 718 1710 τοῦτ’
737 1642 973 1731 ἀναισχυντίας
988 1647 1185 1732 ἐληλυθὼς

202 1764 275 1825 σιν,
300 1741 383 1811 ὥστε
403 1750 461 1829 τῆς
483 1744 545 1827 μὲν
561 1740 675 1809 αὑτων
692 1751 855 1829 σωτηρίας
869 1744 948 1823 τούς
963 1746 1158 1831 συμμάχους

203 1840 355 1919 ἅπαντας
376 1840 531 1922 ἀξιοῦσιν
555 1845 801 1928 ἐπιμελεῖσθαι,
821 1850 877 1930 τῆς
900 1847 935 1910 δὲ
958 1852 1024 1911 τῶν
1045 1842 1158 1911 ἀλλων

150 1964 190 2012 ἐο
204 1949 358 2018 δουλείας
374 1938 498 2018 αὑτοὺς
513 1951 652 2024 κυρίους
670 1950 881 2011 καθιστᾶσιν.
904 1951 1009 2011 καίτοι
1029 1952 1077 2023 τίς
1094 1944 1157 2012 οὐκ

203 2039 248 2110 ἀν
262 2045 412 2128 μισήσειε
424 2040 485 2129 τὴν
495 2044 625 2109 τούτων
637 2048 843 2128 πλεονεξίαν,
856 2051 891 2111 οἳ
900 2052 967 2109 τῶν
979 2046 1041 2130 μὲν
1051 2042 1157 2112 ἀσθε-

202 2146 369 2224 νεστέρων
381 2140 495 2228 άρχειν
506 2148 648 2227 ζητοῦσι,
661 2158 729 2221 τοῖς
741 2146 776 2209 δὲ
788 2151 972 2227 κρείττοσιν
985 2156 1059 2211 ίσον
1071 2151 1158 2229 ἔχειν
1219 2186 1243 2219 χ

203 2251 332 2309 οἴονται
350 2246 438 2320 δεῖν,
463 2243 518 2307 καὶ
539 2249 578 2328 τῇ
599 2246 661 2325 μὲν
675 2240 819 2331 ὑμετέρᾳ
841 2244 934 2311 πόλει
956 2252 1012 2329 τῆς
1028 2252 1088 2329 γης
1101 2251 1159 2328 τῆς

203 2336 263 2406 ὑπ’
284 2337 459 2419 Ὠρωπίων
481 2343 660 2426 δεδομένης
683 2348 893 2425 φθονοῦσιν,
921 2340 1015 2409 αὐτοὶ
1040 2343 1076 2410 δὲ
1101 2349 1157 2432 βίᾳ

202 2434 267 2522 τὴν
281 2435 459 2521 ἀλλοτρίαν
474 2440 587 2522 χώραν
602 2444 861 2524 κατανέμονται;

148 2558 183 2607 ·21
290 2537 354 2624 (ι’.)
379 2539 441 2604 Καὶ
462 2536 546 2621 πρὸς
565 2554 633 2616 τοῖς
656 2539 769 2617 ἀλλοις
788 2554 901 2619 κακοῖς
918 2546 1090 2627 λέγουσιν,
1114 2539 1188 2620 ὡςδ

204 2634 291 2720 ὑπὲρ
304 2643 367 2702 τοῦ
382 2643 501 2702 κοινοῦ
517 2644 585 2703 τῦν
600 2640 787 2723 συμμάχων
801 2638 893 2706 ταῦτ’
913 2646 1068 2723 ἔπραξαν.
1088 2648 1152 2708 καί·

202 2763 254 2803 τοι
265 2733 360 2821 ’χρῆν
376 2733 516 2822 αὐτοὺς,
543 2734 640 2815 ὄντος
664 2740 789 2805 ἐνθάδε
814 2744 995 2824 συνεδρίου
1025 2744 1157 2825 καὶτῆς

202 2834 364 2919 ὑμετέρας
377 2834 507 2913 πόλεως
527 2833 668 2919 ἀμειυον
687 2839 914 2921 βουλεύεσθαι
929 2842 1118 2923 δυναμένης
1137 2832 1157 2924 ἢ

202 2941 260 3020 τῆς
273 2942 441 3020 Θηβαίων,
460 2932 521 3019 οὐχ
533 2934 618 3017 ὑπὲρ
630 2944 698 3001 των
709 2941 953 3022 πεπραγμένων
966 2935 1061 3023 ἥκειν
1071 2934 1157 3003 ἀπο-

201 3034 468 3118 λογησομένους,
492 3030 575 3100 ἀλλά
599 3037 679 3115 πρὶν
694 3041 833 3120 ποιῆσαί
849 3062 878 3100 τι
897 3037 1027 3102 τούτων
1044 3038 1158 3103 ἐλθεῖν

150 3158 186 3207 22
202 3129 247 3210 ὡς
264 3130 351 3217 ὑμεῖς
365 3134 663 3217 βουλευσομένους.
688 3140 755 3198 νῦν
770 3134 806 3199 δὲ
824 3131 882 3210 τὰς
895 3137 956 3216 μὲν
973 3131 1090 3211 οὐσίας
1100 3133 1158 3212 τάς

201 3230 363 3315 ἡμετέρας
377 3234 443 3318 ίδίηι
457 3232 671 3316 διηρπάκασι,
687 3238 744 3316 τῆς
756 3232 791 3298 δὲ
807 3236 965 3317 διαβολῆς
976 3230 1079 3299 ἅπασι
1090 3247 1158 3310 τοὶς

202 3330 389 3415 συμμάχοις
409 3327 528 3415 ἥκουσι
548 3331 803 3415 μεταδαίσοντες.
829 3327 869 3414 ἣν
892 3328 999 3413 ὑμεῖς,
1023 3325 1066 3416 ἢν
1087 3351 1178 3403 σω-(

205 3455 370 3515 φρονητε,
398 3431 606 3514 φυλάξεσθε·
646 3426 733 3496 πολῦ
759 3427 823 3547 χάρ
850 3431 987 3496 κάλλιον
1017 3430 1157 3507 τούτους

205 3526 394 3612 ἀναγκάσαι
408 3529 618 3614 μιμήσασθαι
633 3556 695 3616 την
709 3527 863 3613 ὁσιότητα
882 3528 944 3613 τὴν
959 3524 1157 3615 ὑμετέρανῆ

202 3634 263 3711 τῆς
278 3651 414 3693 τουτων
427 3634 635 3713 παρανομίας
646 3624 770 3705 αὐτοῦς
780 3636 960 3711 πεισθηναι
975 3643 1157 3713 μετασχεῖν.
