2859 4334
290 378 355 441 τεο
569 380 967 459 memnonos)

290 538 435 629 μηδενὸς
449 551 618 608 ποιεῖσθαι
633 539 690 618 τὰς
702 538 782 624 παρ’
796 536 877 625 ύμῖν
889 540 1058 628 διαβολάς,
1075 538 1113 619 ὀς
1125 538 1169 609 ού
1180 543 1243 627 μδ

291 669 353 709 νον
376 638 438 727 τὴν
459 638 578 707 οὐσίαν
595 637 678 709 ἀλλὰ
705 641 760 708 καί
785 639 847 726 τὴν
870 637 981 726 ψυχὴν
1005 636 1067 726 τὴν
1093 642 1247 727 ἐμαυτοῦ

292 742 366 822 περὶ
381 740 555 819 ἐλάττονος
570 747 732 826 φαίνομαι
750 740 952 825 ποιούμενος
971 746 1032 806 τοῦ
1051 737 1134 824 παρ’
1158 738 1272 825 ύμῖνο

242 858 277 915 σε
292 837 489 926 εὐδοκιμεῖν.
512 848 559 930 τῷ
573 838 601 911 δ’
617 838 678 907 ούκ
698 836 743 906 ἀν
755 838 851 925 ὑμῶν
862 841 1129 926 μεταμελησειεν,
1147 848 1179 909 εί
1188 843 1245 908 καί

291 937 336 1027 μὴ
352 946 552 1026 παραχρῆμα
574 936 647 1007 ἀλλ’
671 937 787 1023 ὀλίγον
801 937 961 1023 ὕστερον,
979 944 1010 1006 εί
1022 940 1082 1005 τόν
1101 942 1165 1024 μὲν
1180 959 1245 1007 σν-

292 1041 467 1126 κοφάντην
492 1044 593 1109 ἴδοιτε
618 1038 783 1107 πλούσιον
808 1040 1047 1125 γεγενημένον,
1073 1042 1130 1124 έμὲ
1156 1037 1189 1106 δ’
1214 1042 1247 1121 έξ

293 1131 342 1207 δν
355 1136 518 1207 ὑπέλιπον
542 1146 757 1231 λῃτουργῶν,
772 1140 827 1206 καὶ
842 1139 971 1206 τούτων
993 1139 1246 1221 ἐκπεπτωκότας

292 1241 346 1309 καὶ
360 1237 420 1306 τόν
433 1239 496 1325 μὲν
508 1239 591 1324 μηδὲ
607 1239 739 1305 πώποτε
756 1235 842 1322 ὑπὲρ
858 1235 955 1324 ὑμῶν
976 1240 1246 1307 κινδυνεύσαντα

293 1346 404 1427 μεῖζον
419 1342 473 1407 καλ
487 1346 554 1406 τῶν
569 1338 685 1424 νόμων
696 1340 749 1405 καί
762 1346 829 1405 τῶν
845 1346 1028 1425 συνθηκῶν
1039 1340 1247 1426 δυνάμενον,

246 1447 281 1503 65
296 1439 351 1525 ἐμὲ
369 1441 405 1505 δὲ
419 1437 479 1505 τὸν
502 1436 591 1505 οὕτω
608 1437 790 1524 πρόθυμον
810 1441 885 1523 περί
907 1436 967 1524 τὴν
991 1440 1091 1505 πόλιν
1106 1464 1273 1525 γεγενη-ε

294 1541 397 1623 μένον
411 1539 493 1623 μηδὲ
507 1530 575 1604 τῶν
596 1540 734 1604 δικαίων
749 1534 951 1623 ἀξιούμενον
972 1538 1168 1623 τυγχάνεινς
1198 1547 1248 1617 τίς

293 1634 326 1704 δ’
346 1634 408 1704 ούκ
422 1631 466 1703 ἀν
481 1633 561 1721 ὑμῖν
577 1637 816 1722 ἐπιτιμήσειεν,
843 1643 873 1703 εί
885 1641 1078 1714 πεισθέντες
1094 1633 1161 1703 ύιιό
1177 1646 1248 1703 τῶν

292 1734 510 1821 Καλλιμάχου
530 1735 642 1820 λόγων
656 1737 823 1820 τοσαύτην
846 1742 1010 1819 πονηρίαν
1032 1732 1129 1822 ἡμῶν
1143 1762 1250 1802 κατα.

294 1842 444 1922 γνοίητε,
472 1832 531 1914 ούς
553 1839 589 1903 έκ
612 1845 679 1903 τῶν
694 1842 804 1921 ἔργων
819 1842 992 1920 κρίναντες
1007 1834 1053 1903 δι’
1072 1834 1250 1920 ἀνδραγα-

294 1942 377 2004 θίαν
392 1938 651 2022 ἐστεφανώσατε,
670 1932 719 2003 ὅτ’
736 1933 812 2004 οὐδ’
831 1935 921 2002 οὕτω
935 1937 1055 2023 ῥηίδιον
1071 1929 1118 2022 ἦν
1132 1934 1247 2022 ὥσπερ

246 2044 281 2100 66
295 2042 360 2101 νῦν
380 2048 493 2119 τυχεῖν
516 2037 636 2120 ταύτης
658 2044 715 2121 της
738 2044 851 2121 τιμηςς
883 2032 1083 2102 τούναντίον
1110 2032 1142 2101 δ’
1165 2034 1249 2123 ἡμῖν

295 2135 506 2221 συμβέβηκεν
520 2129 543 2221 ἢ
558 2150 626 2212 τοῖς
641 2133 768 2213 ἀλλοις·
790 2140 825 2202 σί
836 2136 897 2221 μέν
912 2133 977 2221 γάρ
990 2134 1085 2203 άλλοι
1102 2133 1182 2214 τούς
1198 2141 1249 2203 εί·
1349 2149 1350 2156 ’

298 2232 511 2321 ληφόταςτάς
524 2232 650 2317 δωρεάς
662 2232 987 2321 ύπομιμνήσκουσιν,
1003 2231 1097 2321 ἡμεῖς
1114 2232 1145 2300 δ’
1160 2231 1276 2320 ύμᾶςδ

296 2332 374 2412 τούς
392 2334 577 2413 δεδωκότας
594 2332 753 2420 ἀξιοῦμεν
767 2336 1004 2421 μνημονεύειν,
1022 2332 1071 2402 ἵν’
1087 2334 1170 2420 ύμῖν
1191 2361 1250 2402 τε-

297 2432 441 2519 κμήριον
456 2440 523 2499 τῶν
539 2436 722 2519 εἰρημένων
737 2432 898 2501 ἁπάντων
909 2438 963 2502 καλ
981 2442 1048 2502 τῶν
1070 2438 1249 2520 ἐπιτηδευ-

250 2547 281 2603 67
297 2531 411 2617 μάτων
426 2538 494 2598 τῶν
515 2530 685 2619 ἡμετέρων
705 2538 849 2620 γένηται.
882 2539 986 2620 δῆλον
1005 2531 1037 2601 δ’
1056 2533 1108 2601 ὅτι
1125 2533 1251 2618 ταύτης
1348 2527 1349 2570 3

297 2638 354 2718 τῆς
374 2638 469 2717 τιμης
489 2628 601 2711 ἀξίους
625 2630 711 2720 ἡμᾶς
728 2630 852 2711 αύτούς
876 2642 1094 2721 παρείχομεν,
1113 2631 1174 2720 οὐχ
1190 2631 1249 2700 ἶν’

298 2728 486 2817 ὀλιγαρχίας
501 2733 681 2819 γενομένης
702 2730 879 2816 τάλλότρια
900 2736 1155 2821 διαρπάζοιμεν,
1172 2730 1248 2801 ἀλλ’

297 2830 354 2893 ἵνα
371 2835 535 2916 σωθείσης
548 2838 605 2915 τῆς
620 2830 748 2909 πόλεως
763 2828 841 2899 οἵτ’
858 2830 954 2899 ἄλλοι
969 2828 1008 2900 τά
1026 2830 1162 2919 σφέτερ’
1184 2831 1244 2899 αύ

297 2934 366 2993 τῶν
381 2934 503 3013 ἔχοιεν,
529 2928 607 3015 ἡμῖν
629 2956 662 2996 τε
691 2928 781 3015 παρά
804 2938 849 3021 τῷ
871 2932 994 3018 πλήθει
1016 2942 1084 3001 τῶν
1104 2938 1252 3000 πολιτῶν

299 3022 394 3112 χάρις
407 3020 591 3113 ὀφείλοιτο·
606 3022 650 3115 ἢν
665 3026 754 3115 ύμάς
768 3033 813 3098 νύ
819 3056 840 3096 ν
853 3024 1076 3117 ἀπαιτοῦμεν,
1094 3027 1136 3096 ού
1146 3030 1251 3099 πλέον
1347 3045 1349 3126 γ

301 3130 389 3213 ἔχειν
403 3133 465 3195 τού
481 3132 615 3197 δικαίου
629 3127 899 3217 ζητούντες,ἀλλ’
910 3127 1159 3217 ἀποφαίνοντες
1170 3132 1247 3220 μέν,
1261 3166 1276 3203 ε

299 3224 1251 3321 άςούδὲνάδικούμεν,(ἀξιοῦντεςδέ)τοτςόρκοιςκαὶταῖς

254 3343 288 3395 σθ
298 3328 486 3416 συνθήκαις
494 3331 655 3418 ἐμμένειν.
671 3335 728 3401 καὶ
736 3328 1044 3421 γάράνείηδεινόν,
1059 3340 1092 3403 εί
1098 3333 1181 3415 τούς
1187 3338 1250 3423 μὲν

298 3428 806 3520 ἦδικηκύταςτιμωρίαςἀφεῖναι
814 3433 926 3521 κύριαι
936 3436 1100 3521 γένοιντο,
1109 3436 1158 3519 ἐφ’
1168 3432 1250 3527 ἡμῖν

298 3531 336 3600 δέ
343 3548 414 3611 τοῖς
422 3523 460 3602 εύ
468 3533 684 3620 πεποιηκόσιν
693 3533 813 3623 άκνροι
828 3546 1080 3605 κατασταθεῑεν.
1101 3536 1197 3615 ἀξιον
1212 3535 1249 3609 δέ

298 3631 360 3708 τὴν
374 3639 551 3714 παροῦσαν
565 3635 670 3723 τύχην
685 3638 935 3722 διαφυλάττειν,
951 3638 1242 3730 ἐνθυμουμένους,
1252 3659 1294 3707 384

1333 3857 1346 4125 λ
