2859 4334
300 406 361 469 136
592 409 777 467 ΙΣΟΚΡΑ
787 409 844 468 ΤΟ
854 411 916 467 ΥΣ
927 417 972 481 (6)

298 566 410 635 δόυων
424 567 582 653 βασιλεύς
597 571 748 649 ἐπραξεν.
772 563 927 653 ἡττηθεὶς
937 568 1003 658 γάρ
1014 570 1081 641 ὑπὸ
1093 579 1161 641 τῶν
1171 580 1267 660 βαρ-

297 669 413 756 βάρων
427 674 496 737 τῶν
511 667 789 751 προσοικούντων
803 668 890 757 μάχη
904 672 960 738 καί
974 671 1084 757 πάσης
1096 678 1267 742 Μακεδο-

298 774 372 846 νίας
387 763 627 852 ἀποστερηθεὶς
641 763 678 833 τό
694 765 758 851 μὲν
768 773 904 853 πρῶτον
914 770 1061 838 ἐκλιπεῖν
1071 768 1135 858 τήν
1144 770 1266 858 χάραν

298 864 460 951 διενοήθη
482 866 537 931 καὶ
557 861 593 931 τό
616 871 711 950 σῶμα
733 864 923 951 διασώζειν,
951 864 1098 948 άκούσας
1114 870 1153 937 δέ
1165 896 1266 949 τινος

298 967 517 1041 ἐπαινοῦντος
530 960 567 1029 τό
583 959 668 1049 πρός
678 963 868 1030 Διονύσιον
881 966 990 1051 βηθέυ
1002 968 1058 1033 καὶ
1071 964 1265 1054 μεταγνούς

298 1061 409 1149 ὥσπερ
419 1065 545 1140 ἐκεῖνος
555 1068 679 1148 χωρίου
686 1058 811 1147 μικρὸν
819 1060 1019 1151 καταλαβὼν
1027 1066 1083 1133 καί
1091 1066 1263 1151 βοήθειαν
1273 1096 1292 1135 ε

297 1164 437 1229 ἐνθένδε
448 1160 747 1247 μεταπεμψάμενος
757 1156 852 1239 ἐντός
860 1162 923 1246 μέν
932 1169 1036 1249 τριῶν
1046 1170 1165 1249 μηνῶν
1175 1189 1263 1231 κατ-

296 1265 391 1348 έσχεν
407 1257 542 1328 ἅπασαν
556 1263 795 1345 Μακεδονίαν,
816 1256 878 1327 τόν
892 1256 924 1327 δ’
941 1263 1114 1330 ἐπίλοιπον
1129 1261 1261 1350 χρόνον

295 1358 486 1448 βασιλεύων
499 1358 587 1449 γήρα
602 1355 663 1427 τόν
677 1365 755 1444 βίον
770 1358 992 1444 ἐτελεύτησεν.

247 1470 293 1531 47⁴
379 1458 468 1544 (ιθ.)
487 1454 697 1542 Ἀπείποιμεν
713 1452 745 1523 δ’
763 1451 807 1521 άν
823 1452 1005 1536 άκούουτές
1020 1483 1056 1526 τε
1070 1460 1257 1543 καὶλέγσν-

293 1583 362 1644 τες,
378 1564 409 1627 εί
421 1556 530 1635 πάσας
543 1551 602 1633 τάς
615 1552 773 1630 τοιαύτας
786 1554 923 1637 πράξεις
937 1554 1158 1643 ἐξετάζωμεν,
1184 1558 1259 1625 ἐπεὶ

293 1658 348 1725 καὶ
363 1661 431 1722 τῶν
447 1656 522 1739 περὶ
540 1651 653 1740 Θήβας
670 1654 892 1738 πραχθέντων
909 1658 939 1721 εί
952 1664 1177 1741 μνησθεῖμευ,
1200 1657 1257 1723 ἐπὶ

293 1758 355 1843 μὲν
375 1769 444 1833 τοῖς
464 1756 698 1840 γεγενημένοις
717 1745 762 1818 άν
782 1759 1008 1839 λυπηθεῖμεν,
1034 1756 1111 1838 περὶ
1128 1753 1164 1822 δὲ
1184 1760 1256 1821 τῶν
1285 1779 1288 1781 ’

293 1852 485 1941 μελλόντων
499 1857 650 1940 βελτίους
662 1852 797 1929 ἐλπίδας
810 1844 854 1918 ἂν
868 1850 1038 1932 λάβοιμεν.
1061 1853 1283 1939 τολμησάαδ

292 1979 360 2020 των
377 1949 443 2039 γάρ
461 1949 574 2021 αὐτῶν
588 1948 769 2036 ὑπομεῖναι
783 1947 841 2029 τάς
853 1955 1006 2038 εἰσβολάς
1016 1956 1071 2019 καὶ
1086 1949 1145 2030 τάς
1156 1950 1255 2021 άπει·

292 2050 352 2130 λάς
372 2049 431 2130 τάς
449 2049 609 2138 ήμετέρας
630 2057 676 2131 είς
688 2047 789 2119 τοῦθ’
807 2048 828 2136 ἡ
844 2050 926 2137 τύχη
943 2050 983 2119 τά
1001 2051 1168 2140 πράγματ’
1189 2050 1253 2119 αύ-

291 2159 360 2219 τεόν
380 2154 612 2238 περιέστησεν,
637 2148 721 2217 ὥστε
736 2147 797 2216 τόν
819 2147 923 2218 άλλον
942 2150 1068 2236 χρόνον
1087 2150 1150 2236 ὑφ’
1170 2150 1254 2238 ἡμῖν

292 2251 386 2330 ὅντες
399 2258 466 2319 νῦν
480 2248 561 2337 ήμῖν
575 2250 793 2337 προστάττειν
807 2247 969 2329 ἀξιοῦσιν.

243 2374 276 2429 48
377 2350 449 2439 (κ’.)
465 2348 576 2428 Ὅστις
590 2342 655 2417 ούν
670 2346 761 2436 ὁρῶν
775 2349 940 2427 τοσαύτας
956 2349 1140 2437 μεταβολάς
1155 2375 1253 2437 γεγε-

291 2454 436 2539 νημένας
456 2448 512 2537 ἐφ’
535 2447 632 2537 ήμῶν
653 2458 756 2517 οίεται
777 2446 986 2535 παύσεσθαι,
1011 2455 1089 2517 λίαν
1108 2446 1253 2534 άνόητός

292 2556 397 2621 ἐστιν·
426 2548 510 2619 άλλα
525 2553 579 2619 δεῖ
589 2562 763 2634 καρτερεῖν
780 2550 833 2616 ἐπὶ
848 2562 917 2629 τοῖς
930 2555 1076 2635 παροῦσι
1091 2552 1146 2617 καὶ
1159 2558 1253 2633 θαρ-

291 2656 364 2741 ρεῖν
377 2653 534 2737 περὶτῶν
546 2646 755 2734 μελλόντων,
772 2649 1026 2734 ἐπισταμένους,
1042 2646 1093 2716 ότι
1107 2646 1166 2727 τὰς
1175 2672 1279 2717 τοι-ε

291 2753 394 2829 αύτας
415 2746 593 2835 συμφοράς
612 2753 650 2817 αί
672 2746 786 2826 πόλεις
810 2751 1080 2831 ἐπανορθοῦνται
1100 2754 1250 2838 πολιτεία

289 2856 413 2937 χρηστή
424 2850 479 2916 καὶ
492 2863 564 2927 ταῖς
578 2850 654 2933 περὶ
667 2844 729 2915 τόν
740 2849 889 2934 πόλεμον
899 2851 1091 2935 ἐμπειρίαις.
1113 2851 1189 2933 περὶ
1199 2839 1250 2915 ὧν

290 2945 400 3026 οὐδεὶς
415 2941 459 3013 όν
469 2948 666 3035 τολμήσειεν
677 2943 848 3015 ἀντειπεῖν
854 2999 864 3033 ,
881 2946 925 3027 ὡς
936 2946 978 3016 ού
988 2948 1051 3034 τήν
1060 2953 1123 3035 μὲν
1134 2953 1245 3036 ἐμπει-

290 3052 368 3131 ρίαν
382 3053 510 3133 μάλλον
524 3055 593 3114 τῶν
606 3045 719 3115 άλλων
733 3053 868 3133 ἔχομεν,
883 3055 1054 3117 πολιτείαν
1065 3046 1096 3115 δ’
1109 3051 1186 3116 οἵαν
1201 3046 1249 3115 εἶ-

289 3174 346 3215 ναι
359 3143 421 3233 χρή
437 3142 527 3232 παρά
539 3144 655 3232 μόνοις
668 3144 750 3233 ἡμῖν
765 3150 863 3216 ἐστίν.
889 3140 938 3216 σόν
952 3145 1174 3234 ὑπαρχόντων
1183 3145 1250 3215 ούκ
1269 3162 1315 3217 ιῖῖ

289 3253 380 3316 ἐστιν
391 3244 481 3323 ὅπως
492 3242 554 3312 ούιι
564 3242 703 3332 άμειυου
712 3248 884 3334 πράξομεν
894 3256 962 3316 τῶν
972 3254 1157 3335 μηδετέρου
1167 3246 1246 3315 τού-

289 3372 356 3414 των
370 3341 498 3430 πολλήν
513 3346 702 3429 ἐπιμέλειαν
717 3350 961 3433 πεποιημένων.

241 3460 275 3515 ⁴9
375 3444 469 3531 (κά.)
491 3450 727 3529 Κατηγορούσι
739 3447 778 3512 δέ
783 3471 872 3524 τινες
887 3453 948 3514 τοῦ
962 3450 1111 3533 πολέμου
1128 3447 1183 3513 καὶ
1194 3450 1249 3512 δι-

288 3545 475 3628 εξέρχονται
488 3540 551 3629 τήν
568 3540 726 3611 άπιστίαν
742 3542 865 3630 αὐτοῦ,
883 3552 1071 3634 τεκμηρίοις
1084 3545 1199 3624 ἄλλοις
1210 3570 1249 3613 τε

288 3648 422 3718 πολλοῖς
435 3641 601 3725 χρεόμενοι
613 3643 670 3711 καὶ
679 3644 824 3726 μάλιστα
837 3659 906 3725 τοῖς
920 3649 994 3729 περὶ
1006 3642 1092 3731 ἡμᾶς
1107 3669 1249 3730 γεγενη-
