2859 4334
280 350 342 411 τεο
557 350 959 425 mmmmm)

279 509 401 589 πάντες
428 505 472 577 άν
497 509 745 596 μαρτυρήσειαν
770 515 909 594 Σίφνιοι
936 507 1016 589 τούς
1045 509 1233 596 προγόνους

279 606 358 688 τούς
379 605 479 694 ἐμούς
499 608 553 677 καὶ
574 611 662 693 γένει
684 610 739 675 καλ
759 607 893 698 κλούτφ
919 612 974 675 καὶ
991 611 1070 698 δόξη
1090 612 1233 688 καὶτοῖς

279 706 391 785 ἄλλοις
406 704 509 774 ἅπασι
526 708 678 791 πρώτους
692 705 777 775 εἶναι
792 714 860 775 τών
874 716 1029 776 πολιτῶν.
1064 716 1151 786 τίνες
1166 707 1232 793 γάρ

278 803 300 895 ἠ
315 808 477 894 μειζόνων
489 804 600 892 άρχών
610 804 820 892 ἠξιώθησαν,
834 802 856 893 ἠ
870 813 973 875 κλείω
983 804 1125 894 χρήματ’
1142 808 1233 894 είσή-

279 934 419 994 νεγκαν,
435 901 456 993 ἠ
471 907 607 975 κάλλιον
616 909 835 994 ἐχορήγησαν,
849 902 1233 993 ἠμεγαλοκρεπέστερον

279 1002 336 1082 τάς
360 1002 461 1081 ἄλλας
495 1007 699 1089 λῃτουργίας
719 1003 990 1093 ἐλητούργησαυς
1019 1007 1055 1071 ἐκ
1080 1013 1181 1083 ποίας
1200 1000 1231 1070 δ’

279 1108 384 1181 οἰκίας
409 1107 476 1168 τῶν
496 1104 533 1167 ἐν
554 1107 673 1191 Σίφνῳ
699 1108 834 1179 πλείους
860 1112 1006 1187 βασιλεῖς
1032 1105 1258 1188 γεγόνασινςε

234 1212 264 1268 37
282 1202 364 1270 ώστε
382 1200 594 1286 Θρασύλοχος
618 1197 648 1266 τ’
669 1206 698 1267 εί
708 1203 763 1268 καὶ
777 1202 861 1287 μηδὲ
876 1196 1002 1268 πώποτ’
1022 1198 1112 1292 αὐτῷ
1128 1204 1236 1271 διελέ-

279 1312 378 1388 χθην,
391 1301 525 1377 ελκότας
537 1294 580 1365 άν
595 1296 771 1386 ἠβουλήθη
785 1324 841 1384 μοι
855 1297 911 1365 διὰ
922 1305 1025 1366 ταῦτα
1036 1302 1158 1367 δοῦναι
1173 1297 1235 1385 τήν

280 1395 447 1484 ἀδελφήν,
473 1396 538 1482 ἐγώ
555 1393 587 1463 τ’
608 1402 638 1465 εί
659 1398 713 1464 καὶ
731 1399 836 1483 μηδέν
850 1423 907 1482 μοι
927 1397 1057 1464 τούτων
1073 1395 1235 1483 ὑπῆρχεν,

280 1496 363 1566 ὐλλά
387 1498 595 1584 φαυλότατος
614 1489 659 1583 ἠν
678 1504 745 1563 τών
760 1502 924 1580 πολιτῶν,
940 1499 1075 1574 δικαίως
1089 1490 1135 1562 άν
1152 1492 1233 1580 παρ’

280 1594 385 1665 αὐτοῦ
409 1594 463 1665 διὰ
479 1593 536 1675 τάς
561 1593 752 1682 εὐεργεσίας
775 1593 834 1674 τὰς
848 1602 895 1675 είς
914 1598 1043 1663 ἐκεῖνον
1057 1603 1125 1664 τών
1141 1602 1237 1682 μεγί·

280 1720 368 1767 στων
382 1694 541 1784 ἠξιώθην.
1253 1706 1299 1759 39²

233 1814 269 1869 38
366 1795 450 1882 (ιη’.)
473 1795 572 1882 Οἶμαι
591 1808 707 1865 τοίνυν
728 1793 832 1863 αὐτόν
851 1800 905 1864 καὶ
922 1796 1095 1865 Σωπόλιδι
1116 1792 1238 1863 τάδελ-

281 1905 333 1986 φῷ
351 1896 491 1982 μάλιστα
510 1903 705 1981 κεχαρίσθαι
726 1902 829 1964 ταῦτα
844 1900 1057 1983 διαθέμενον.
1094 1897 1150 1963 καὶ
1170 1893 1238 1980 γάρ

281 1999 407 2073 ἐκεῖνος
426 1993 551 2080 ταύτην
569 1994 630 2081 μὲν
649 1998 752 2081 ἐμίσει
774 1996 829 2063 καὶ
845 1996 1018 2063 κακόνουν
1040 2009 1109 2073 τοῖς
1127 1992 1239 2062 αὑτοῦ
1347 2009 1348 2032 ¹

282 2098 474 2182 πράγμασιν
495 2092 625 2183 ἠγεῖτο,
659 2097 716 2186 ἐμὲ
743 2096 778 2163 δὲ
793 2098 869 2180 περὶ
879 2102 1037 2163 πλείστου
1048 2103 1116 2163 τών
1128 2092 1238 2162 αὐτοῦ

281 2202 390 2280 φίλων
406 2198 555 2262 ἐποιεῖτο.
588 2196 732 2281 ἐδήλωσε
750 2191 782 2261 δ’
802 2197 838 2263 ἐν
852 2193 965 2273 ἄλλοις
979 2222 1014 2262 τε
1031 2203 1167 2273 πολλοῖς
1180 2195 1239 2261 καὶ

282 2291 330 2361 ὅτ’
348 2298 438 2372 ἔδοξε
458 2306 525 2371 τοῖς
546 2296 766 2380 συμφυγάσιν
788 2297 963 2380 ἐπιχειρεῖν
983 2302 1023 2383 τῇ
1037 2294 1132 2363 πόλει
1152 2292 1238 2380 μετὰ

281 2404 349 2463 τών
375 2395 573 2478 ἐπικούρων.
616 2397 761 2477 αἱρεθεὶς
785 2393 850 2480 γάρ
877 2394 993 2480 ἄρχειν
1017 2394 1239 2478 αὐτοκράτωρ

282 2496 337 2580 ε”μὲ
355 2496 407 2561 καὶ
425 2498 615 2580 γραμματέα
631 2502 822 2575 προσείλετο
837 2496 891 2561 καί
905 2501 972 2561 τών
983 2493 1162 2580 χρημάτων
1176 2522 1240 2560 τα-

279 2602 360 2681 μίαν
375 2592 533 2661 ἁπάντων
549 2596 741 2679 κατέστησε,
764 2596 819 2661 καὶ
838 2589 894 2659 ὅτ’·
907 2589 1093 2679 ἠμέλλομεν
1113 2598 1267 2660 κινδυ-Ι)
1346 2607 1347 2618 ’

234 2704 267 2759 39
282 2694 411 2770 νεύειν,
427 2689 527 2770 αὐτὸς
542 2690 631 2782 αὐτῷ
647 2718 687 2778 με
703 2693 915 2775 παρετάξατο.
939 2695 994 2760 καί
1005 2688 1171 2771 σκέψασθ’
1190 2688 1240 2770 ὥς

282 2788 403 2877 σφόδρ’
421 2788 510 2881 αὐτῷ
523 2790 746 2878 συνήνεγκεν·
769 2791 1049 2876 δυστυχησάντων
1059 2788 1124 2876 γὰρ
1139 2788 1240 2877 ἡμῶν
1346 2809 1347 2814 ’

283 2896 319 2959 ἐν
337 2899 376 2979 τη
394 2898 564 2979 προσβολή
580 2899 619 2979 τή
643 2887 727 2972 πρὸς
745 2886 808 2976 τήν
832 2890 932 2957 πόλιν
948 2891 1081 2975 καὶτῆς
1102 2886 1231 2974 ἀναχω-

282 2992 408 3077 ρήσεως
422 2985 482 3074 οὐχ
497 2991 568 3067 ολας
582 2986 799 3077 ἠβουλόμεθα
813 2990 1011 3074 γενομένης,
1026 2993 1238 3073 τετρωμένον

281 3086 386 3156 αὐτόν
403 3089 457 3155 καί
471 3093 616 3175 βαδίζειν
632 3085 673 3154 οὐ
689 3087 881 3172 δυνάμενον
895 3084 969 3154 ἀλλ’
987 3084 1237 3173 όλιγουυχοῦν-

281 3218 320 3257 τα
355 3184 530 3274 άπεκόμισ’
553 3191 604 3256 ἐπὶ
626 3185 663 3254 τό
690 3195 809 3255 πλοῖον
835 3184 916 3271 μετά
938 3192 999 3252 τοῦ
1023 3187 1238 3269 θεράποντος

281 3286 488 3376 τούμαυτοῦ,
505 3290 618 3373 φέρων
633 3290 684 3354 ἐπὶ
699 3294 767 3354 τών
779 3284 896 3370 ὤμου,
912 3279 991 3351 ὅστ’
1007 3285 1137 3351 ἐκεῖνον
1152 3292 1233 3352 πολ·
1254 3314 1270 3350 c

281 3390 374 3467 λάκις
390 3390 443 3456 καὶ
461 3386 543 3469 πρὸς
560 3384 704 3464 πολλούς
721 3392 841 3469 εἰπεῖν,
858 3384 909 3452 ὅτι
922 3383 1026 3470 μόνος
1038 3382 1237 3467 ἀνθρώπων

232 3509 263 3558 λυ
279 3496 383 3565 αίτιος
398 3496 469 3571 είην
485 3481 575 3575 αὐτῷ
592 3492 648 3571 τῆς
666 3494 836 3570 σωτηρίας.
870 3489 976 3550 καίτοι
991 3493 1041 3561 τίς
1055 3479 1099 3549 άν
1114 3488 1235 3566 μείζων

287 3588 407 3671 ταύτης
424 3583 594 3670 εὐεργεσία
609 3590 756 3672 γίνοιτοε
778 3582 891 3669 ἐπειδή
908 3590 1025 3651 τοίνυν
1041 3588 1087 3662 είς
1104 3592 1236 3651 Λυκίαν
