2859 4334
330 396 372 460 σε
593 401 913 462 ιεοτεκνουε
937 404 1000 479 (ιη

267 572 315 629 156
329 567 526 638 σκιάνοντας
543 562 598 627 καλ
612 568 785 646 μιμεῖσθαι
801 564 1024 645 γλιχομένους.
1067 564 1152 647 (ξεῖ)
1175 568 1280 649 Ποιή-

333 681 433 746 σομαι
448 662 484 729 δὲ
498 658 561 745 τὴν
576 658 683 745 ἀρχὴν
703 668 772 727 τῶν
787 666 1044 745 λεχθησομένου
1058 660 1201 729 ἀκούσαι
1219 664 1281 747 μὲν

332 770 412 837 ίσως
423 761 511 827 τισὶν
524 757 627 844 άηίῆ,
642 748 790 845 ῥηθῆναι
806 756 839 824 δ’
860 756 922 825 οὐκ
940 756 1148 843 ἀσύμφορον.
1174 766 1204 827 εί
1216 762 1282 844 γάρ

332 884 380 934 τις
395 865 477 941 φαίη
489 855 536 924 τά
551 857 649 925 πόλεε
660 858 769 924 τούτω
779 863 941 924 πλείστων
955 856 1096 941 ἀγαθῶν
1106 865 1212 937 αἰτίας
1222 874 1305 944 γε-ο

333 964 497 1041 γενησθαι
515 971 582 1034 τοῖς
592 955 728 1041 Ἕλλησι
746 961 797 1023 καλ
815 964 980 1041 μεγίστων
995 966 1108 1023 κακῶν
1123 954 1206 1042 μετά
1219 957 1281 1041 τὴν

332 1060 458 1138 Ξέρξου
469 1062 654 1138 στρατείαν,
672 1052 735 1121 ούκ
746 1061 835 1121 ἔστιν
850 1053 941 1139 ὅπως
953 1054 1014 1121 ούκ
1027 1053 1137 1142 άληθῆ
1154 1058 1280 1135 ιλύξειεν

331 1149 375 1220 ἂν
390 1159 500 1238 λέγειν
517 1168 583 1231 τοῖς
605 1153 710 1221 εἰδόσι
726 1180 757 1220 τι
776 1158 851 1235 περὶ
868 1162 937 1220 τών
953 1156 1027 1222 τότε
1038 1162 1278 1241 γεγενημένων.

267 1264 312 1319 157
328 1250 537 1337 ι’χγωνίσαντό
552 1279 587 1319 τε
604 1250 668 1337 γάρ
684 1249 730 1329 ὡς
741 1252 887 1319 δυνατὸν
897 1254 1015 1334 ἄριστα
1027 1254 1110 1337 πρὸς
1122 1254 1183 1343 τὴν
1195 1258 1279 1323 ἐκεί-

331 1377 395 1417 νου
410 1352 572 1436 δύναμιν,
596 1350 750 1417 ταῦτάτε
771 1354 952 1435 πράξασαι,
975 1361 1146 1439 προσῆκον
1167 1352 1281 1431 αύταῖς

331 1453 386 1519 καί
393 1454 469 1531 περλ
480 1458 548 1515 τῶν
555 1453 721 1535 ἐχομένων
735 1452 987 1536 βουλεύσασθαι
998 1459 1118 1531 καλῶς,
1132 1458 1177 1531 είς
1187 1449 1280 1520 τοῦτ’
1295 1482 1308 1518 ε

331 1542 441 1634 ἦλθον
455 1547 518 1616 ούκ
538 1546 653 1627 άνοίας
676 1548 761 1617 άλλά
782 1557 917 1634 μανίας,
941 1548 1025 1616 ω’στε
1041 1549 1124 1631 πρὸς
1141 1550 1204 1636 μὲν
1220 1548 1280 1618 τὸν

331 1648 631 1732 ἐπιστρατεύσαντα
641 1651 695 1715 καλ
706 1651 918 1736 βουληθέντα
936 1647 981 1716 τά
990 1650 1051 1733 μὲν
1062 1651 1161 1717 πόλει
1172 1650 1279 1718 τούτω

331 1749 542 1815 παντάπασιν
558 1745 707 1830 άνελελν,
733 1746 811 1825 τούς
826 1746 857 1814 δ’
874 1747 1163 1833 ἄλλους”Ελληνας
1178 1776 1278 1817 κατα-

268 1864 315 1918 158
330 1847 583 1915 δουλωσασθαι.
611 1846 694 1930 πρὸς
711 1852 774 1934 μὲν
799 1847 858 1914 τὸν
876 1855 1046 1931 τοιοῦτον,
1075 1850 1278 1934 κρατήσασαι

332 1951 453 2035 ρ’μδίως
475 1942 518 2012 άν
532 1945 638 2013 αὐτοῦ
657 1948 712 2014 καί
733 1946 815 2014 κατά
837 1955 901 2032 γῆν
923 1948 975 2013 καὶ
997 1945 1079 2013 κατά
1094 1947 1278 2025 θάλατταν,
1351 1960 1352 1977 ³

332 2045 467 2131 εἰρήνην
482 2052 528 2123 είς
538 2046 669 2113 ἅπαντα
680 2048 935 2131 συνεγράψαντο
953 2044 1013 2113 τὸν
1027 2047 1151 2130 χρόνον
1168 2045 1279 2125 οἵσπερ

336 2151 417 2238 πρὸς
437 2151 615 2238 εὐεργέτην
632 2153 865 2239 γεγενημένον,
891 2149 1107 2238 φθονήσασαι
1130 2147 1169 2217 δὲ
1195 2163 1271 2228 ταλς
1286 2160 1324 2215 ιλθ

337 2253 550 2338 ίιρεταλςταλς
558 2250 686 2339 αὑτων,
695 2258 744 2331 είς
753 2254 898 2339 πόλεμον
908 2254 1112 2320 καταστᾶσαι
1119 2251 1203 2336 πρὸς
1210 2248 1271 2317 ἅλ-

338 2356 439 2441 λήλας
452 2354 508 2421 καί
521 2361 726 2441 φιλονικίαν,
744 2350 786 2420 ού
802 2353 965 2438 πρότερον
980 2352 1171 2421 ἐπαύσαντο
1185 2354 1274 2436 σφᾶς

336 2483 354 2523 τ
357 2450 1004 2535 ’αύτάςάπολλύουσαικαὶτούςαλλους
1005 2452 1275 2540 ”Ελληνας,πρὶν
1350 2486 1351 2495 ¹

337 2557 456 2645 κύριον
467 2555 676 2643 ἐποίησαν
641 2582 702 2624 τον
715 2557 831 2625 κοινὸν
843 2555 967 2643 ἐχθρὰν
977 2555 1038 2639 τήν
1052 2580 1086 2621 τε
1101 2552 1200 2621 πόλιν
1209 2550 1276 2637 τὴν

337 2655 497 2742 ἡμετέραν
508 2662 553 2734 είς
565 2654 643 2733 τούς
656 2658 813 2742 ἐσχάτους
825 2659 1024 2736 καταστῆσαι
1032 2648 1216 2725 κινδύνους
1228 2643 1284 2711 διὰ

334 2782 391 2840 της
403 2755 627 2840 δυνάμεως
589 2781 646 2839 της
652 2758 936 2838 Λακεδαιμονίων,
948 2778 1001 2817 και
992 2749 1115 2816 πάλιν
1125 2772 1187 2832 την
1199 2746 1285 2813 ἐκεί·
1349 2808 1350 2827 ,

271 2871 320 2924 159
335 2880 406 2921 νων
421 2851 476 2921 διὰ
490 2862 548 2940 τῆς
558 2854 736 2932 πόλεως
697 2879 755 2939 της
765 2850 933 2938 ημετίρας.
956 2852 1010 2916 καὶ
1021 2854 1183 2915 τοσούτου
1198 2841 1286 2910 άπο-

336 2958 530 3038 λειφθέντες
558 2979 615 3039 της
639 2979 699 3020 του
685 2951 890 3039 βαρβάρου
910 2947 1122 3031 φρονήσεως,
1149 2942 1208 3010 οὔτ
1211 2939 1306 3008 ’ἕνα

337 3056 475 3128 ἐκείνοις
490 3064 556 3128 τοῖς
570 3051 705 3136 χρόνοις
720 3048 871 3136 ἤλγησαν
886 3044 983 3124 άξίως
999 3069 1048 3110 ων
1061 3049 1192 3111 ἔπαθον
1207 3038 1283 3107 οὐδ’

338 3148 381 3227 ὡς
395 3158 563 3233 προσῆκεν
578 3147 711 3231 αύτούς,
730 3146 808 3215 ούτε
823 3153 888 3212 νύν
904 3150 939 3210 αἱ
958 3147 1106 3228 μέγισται
1127 3148 1196 3207 τῶν
1209 3138 1285 3206 Ἑλ-

338 3256 483 3334 ληνίδων
501 3250 632 3316 πόλεων
647 3247 860 3331 αἰσχύνονται
873 3241 1189 3324 διακολακενόμεναι
1201 3236 1286 3319 πρὸς
1348 3298 1349 3323 ,

337 3345 397 3413 τὸν
420 3352 550 3414 ἐκείνου
571 3354 733 3425 πλοῦτον,
760 3341 833 3411 ἀλλ’
857 3341 877 3427 ἡ
898 3342 959 3427 μὲν
974 3338 1130 3423 Ἀργείων
1145 3338 1199 3402 καί
1215 3344 1278 3419 Θη-

337 3455 623 3532 βαίωνΑίγυπτον
641 3443 730 3532 αὐτῷ
746 3442 1086 3526 συγκατεπολίμησεν,
1102 3434 1148 3502 ἵν’
1167 3433 1210 3512 ὡς
1225 3460 1284 3518 μεὲ

337 3555 452 3630 γίστην
463 3553 548 3630 ἔχων
563 3545 709 3629 δύναμιν
721 3539 922 3627 ἐπιβουλεύη
933 3536 1168 3622 τοίςἝλλησιν,
1193 3534 1286 3619 ἡμεῖς

338 3648 373 3709 δὲ
389 3650 443 3709 καὶ
458 3650 665 3722 Σπαρτιᾶται
689 3646 873 3725 συμμαχίας
895 3637 973 3720 ἡμῖν
993 3633 1205 3718 ὑπαρχούσης
1226 3632 1284 3701 άλ-
1347 3634 1348 3659 ’
