2859 4334
254 414 313 474 ιει
537 412 921 489 mmmmm)

250 596 338 651 τινες
352 568 558 657 αὐτόχθονες
567 572 630 653 μὲν
644 568 732 635 εἶναι’
741 594 853 655 φαμεν
863 574 920 637 καὶ
933 570 996 657 την
1009 572 1110 640 πόλιν
1122 577 1212 640 ταώ-

251 696 312 756 την
331 671 499 754 προτέραν
522 672 714 752 οἰκισθῆναι
734 674 803 735 τών
822 665 951 755 ἄλλων,
980 676 1150 757 προσῆκον
1172 667 1209 738 δ’

251 764 336 857 ἡμᾶς
349 766 475 836 ἅπασιν
490 763 576 833 εἶναι
590 765 802 851 παράδειγμα
815 774 877 833 τοῦ
892 774 1002 846 καλῶς
1016 770 1072 837 καί
1089 796 1210 885 τεταγ-

251 872 359 953 μένως
372 865 627 950 πολιτεύεσθαι,
643 876 758 950 χεῖρον
772 869 827 933 καὶ
840 864 1182 953 ταραχωδέστερον
1144 894 1213 952 την
1223 892 1243 931 c
1364 879 1365 924 }

250 969 414 1075 ἡμετέραν
425 964 538 1035 αῦτώυ
548 970 744 1051 διοικοῦμεν
753 971 821 1031 τών
834 962 910 1051 άρτι
924 963 984 1044 τάς
998 966 1111 1045 πόλεις
1121 970 1210 1035 οίκι-

202 1083 237 1134 w
250 1042 392 1151 ζόντων,
416 1068 472 1132 καί
493 1063 733 1150 σεμνυνόμεθα
748 1064 812 1149 μὲν
831 1067 887 1131 καὶ
906 1068 991 1150 μέγα
1011 1071 1209 1151 φρονοῦμεν

251 1167 303 1233 ἐπὶ
317 1189 363 1253 τῳ
350 1166 514 1250 βέλτιον
527 1167 703 1250 γεγονέναι
720 1169 790 1229 τών
805 1160 935 1248 ἄλλων,
955 1166 1040 1252 ῥᾷον
1056 1166 1094 1232 δδ
1107 1189 1210 1249 μετα-

250 1267 387 1349 δίδομεν
401 1277 470 1341 τοῖς
479 1264 700 1350 βουλομένοις
709 1262 831 1348 ταύτης
841 1269 899 1348 της
909 1260 1113 1349 ευγενείας
1091 1290 1112 1348 η
1127 1270 1211 1348 Τρι-

250 1365 366 1452 βαλλοὶ
377 1365 431 1429 καὶ
439 1364 606 1431 Λευκανοὶ
616 1369 674 1449 τῆς
683 1358 797 1428 αῦτών
809 1366 1018 1448 δυσγενείας·
1034 1369 1210 1440 πλείστους

251 1466 287 1532 δέ
308 1463 478 1548 τνθέμενοι
499 1460 626 1546 νόμους
643 1459 751 1540 οὕτως
765 1458 881 1547 ὀλίγον
896 1460 1011 1531 αῦτών
1031 1468 1210 1549 φροντίζο-

251 1588 331 1649 μεν,
354 1564 392 1627 δν
406 1556 471 1645 γάρ
486 1555 690 1636 ἀκούσαντες
710 1557 886 1643 γνώσεσθε
905 1563 961 1627 καί
975 1565 1051 1645 περί
1064 1568 1133 1629 τών
1146 1557 1209 1627 άλ-

251 1670 337 1747 λων,
361 1657 445 1727 ώστε
465 1657 621 1725 θανάτου
636 1663 692 1743 τῆς
713 1663 826 1743 ζημίας
846 1660 1070 1746 ἐπικειμένης,
1096 1657 1140 1745 ἢν
1159 1684 1211 1735 τις

251 1759 321 1851 ἁλῷ
331 1759 488 1844 δεκάζων,
498 1757 577 1836 τοῦς
584 1763 683 1825 τοῦτο
693 1758 913 1843 φανερώτατα
921 1765 1102 1837 ποιοῦντας
1111 1778 1205 1842 στρα-
1218 1766 1239 1822 δ

251 1857 374 1949 τηγοῦς
387 1864 660 1945 χειροτονοῦμεν,
677 1860 733 1927 καί
748 1855 808 1925 τόν
823 1863 997 1937 πλείστους
1011 1861 1209 1945 διαφθείρει

252 1967 320 2028 τών
334 1965 479 2027 πολιτῶν
497 1962 705 2043 δυνηθέντα,
726 1964 849 2025 τοῦτον
866 1959 919 2025 έκδ
932 1955 974 2024 τά
989 1962 1126 2045 μέγιστα
1140 1965 1210 2025 τών

205 2076 234 2127 51
252 2058 455 2147 πραγμάτων
475 2065 698 2143 καθίσταμεν·
728 2057 972 2138 σπουδάζοντες
994 2059 1030 2126 δέ
1051 2062 1127 2142 περί
1146 2056 1209 2143 τὴν

252 2164 420 2226 πολιτείαν
434 2155 495 2242 οὐχ
505 2149 604 2244 ἧττον
618 2153 726 2243 ἢπερδ
737 2156 799 2242 τὴν
810 2163 977 2243 σωτηρίαν
987 2156 1066 2244 ὅλης
1076 2165 1134 2243 τῆς
1144 2156 1209 2225 πό-

252 2267 349 2337 λεως,
372 2259 427 2323 καί
446 2255 509 2343 τὴν
529 2260 757 2342 δημοκρατίαν
772 2255 895 2334 εἰδότες
910 2258 947 2324 έν
963 2260 1026 2341 μὲν
1040 2270 1110 2333 ταῖς
1123 2252 1208 2342 ἡσυ-

252 2361 336 2443 χίαις
350 2356 404 2422 καὶ
418 2368 488 2433 ταῖς
505 2353 699 2441 ἀσφαλείαις
713 2353 946 2442 αὐξανομένην
959 2359 1015 2425 καί
1029 2360 1209 2443 διαμένου-

253 2475 332 2540 σαν,
348 2457 386 2522 έυ
399 2454 436 2520 δὲ
450 2467 518 2533 τοῖς
532 2455 689 2540 πολέμοις
702 2458 753 2532 δίς
768 2451 831 2541 ἤδη
845 2462 1109 2538 καταλυθεῖσαν,
1124 2453 1208 2539 πρὸς

252 2556 314 2641 μὲν
328 2550 407 2631 τοὺς
421 2559 480 2639 τῆς
495 2554 629 2641 εἰρήνης
643 2556 895 2638 ἐπιθυμοῦντας
910 2552 955 2633 ώς
970 2552 1055 2639 πρδς
1069 2553 1205 2640 ὀλιγαρ-
1220 2576 1240 2613 ο

251 2649 366 2738 χικοῦς
381 2649 480 2730 ὄντας
497 2652 669 2731 δυσκόλως
683 2658 818 2740 ἔχομεν,
839 2652 918 2731 τοῦς
933 2657 969 2721 δὲ
984 2652 1044 2721 τὸν
1062 2655 1210 2738 πόλεμον

253 2751 431 2827 ποιοῦντας
455 2743 502 2827 ώς
524 2752 584 2835 τῆς
607 2752 1067 2843 δημοκρατίαςζκηδομέυους
1090 2752 1210 2829 εῦνους

206 2860 239 2913 52
253 2848 338 2918 εἶναι
349 2857 542 2937 νομίζομεν·
566 2853 796 2939 ἐμπειρότατοι
807 2856 844 2919 δδ
858 2855 971 2937 λόγων
986 2854 1042 2921 καὶ
1053 2851 1208 2938 πραγμά·

253 2973 321 3016 των
332 2946 427 3028 ὄντες
437 2948 544 3030 οὕτως
555 2950 738 3037 ἀλογίστως
748 2957 875 3037 ἔχομεν,
890 2947 1059 3036 ώστεπερδ
1069 2958 1137 3018 τών
1147 2948 1210 3017 αῦ-
1228 2950 1280 3007 170

253 3052 321 3113 τών
340 3053 397 3133 τῆς
412 3044 514 3135 αὐτῆς
534 3046 659 3136 ἡμέρας
680 3048 722 3117 οῦ
737 3046 842 3118 ταῦτά
862 3049 1110 3136 γιγνώσκομεν,
1132 3047 1207 3119 ἀλλ’

255 3139 303 3215 ών
317 3151 379 3234 μὲν
395 3148 475 3233 πρὶν
491 3153 536 3227 είς
549 3146 611 3236 τὴν
626 3152 804 3234 έκκλησίαν
818 3144 984 3235 ἀναβῆναι
1003 3157 1211 3236 κατηγοροῦ-

253 3273 331 3334 μεν,
348 3252 452 3315 ταῦτα
466 3246 690 3325 συνελθόντες
703 3252 976 3332 χειροτονοῦμεν,
995 3244 1037 3314 οῦ
1051 3246 1162 3316 πολῦυ
1172 3249 1210 3315 δέ

253 3347 377 3433 χρόνον
387 3345 596 3425 διαλιπόντες
607 3362 675 3426 τοῖς
685 3345 810 3415 ἐνθάδε
821 3356 1058 3433 ψηφισθεῖσιν,
1074 3344 1211 3414 ἐπειδάν

254 3444 421 3533 ἀπίωμεν,
443 3449 545 3515 πάλιν
559 3451 777 3534 ἐπιτιμῶμεν·
800 3444 1086 3531 προσποιούμενοι
1100 3448 1136 3513 δέ
1150 3463 1211 3512 σο-

255 3543 401 3628 φώτατοι
415 3552 483 3612 τών
495 3544 664 3631 Ἑλλήνων
677 3546 762 3613 είυαι
772 3544 937 3623 τοιούτοις
949 3546 1109 3631 χρώμεθα
1123 3563 1211 3630 συμ·

255 3641 406 3727 δούλοις,
426 3636 475 3709 ών
489 3642 552 3710 οῦκ
564 3651 655 3712 ἔστιν
671 3644 761 3725 ὅστις
777 3642 840 3712 οῦκ
856 3640 901 3711 άν
911 3642 1212 3731 καταφρονήσειεν,
