2859 4334
453 376 880 439 ΠΑΝΑΘΗΝΑΙΚΟΣ.
978 394 1042 471 fs
1103 372 1144 439 21

192 537 270 625 μηδ’
285 540 517 625 ἐξισταμένους
537 536 650 605 αὐτῶν
669 535 783 624 μηδ’
766 529 1008 624 νπερηφάνους
1031 560 1144 624 γιγνο-

192 642 313 725 μένους
327 636 400 709 άλλ’
415 641 617 725 ἐμμένοντας
630 664 670 727 τη
656 636 825 731 Ητάξει
786 664 826 726 τη
838 644 907 704 τῶν
922 627 962 704 εὐ
972 638 1139 721 φρονοῦν·

192 764 268 816 των,
283 741 338 807 καὶ
349 765 393 825 μη
382 736 533 825 μᾶλλον
543 745 720 859 χαίροντας
733 750 801 815 τοῖς
812 738 866 803 διὰ
882 742 985 822 τύχην
996 737 1145 820 ὑπάρξα-

190 858 244 905 σιν
259 833 432 923 άγαθοῑςῆ
444 852 512 915 τοῖς
526 835 581 905 ow}
595 834 658 923 τὴν
669 834 782 904 αὑτῶν
794 836 901 921 φύσιν
912 837 967 905 καλ
977 837 1144 923 φρόνησιν
1231 892 1235 902 ,

189 935 255 1015 ἐξ’
236 943 338 1023 αρχῆς
351 944 572 1022 γιγνομένοις.
596 932 674 1013 τούς
688 931 780 1001 ῦέ
739 961 784 1020 μη
796 934 904 1020 μόνον
918 931 1002 1017 πρός
1014 938 1051 1000 ἓν
1064 931 1161 1002 τού-

188 1060 255 1103 των
273 1032 357 1105 άλλόι
373 1031 528 1119 καὶπρὸς
543 1032 673 1101 ἅπαντα
689 1041 792 1101 ταῦτα
809 1032 871 1119 τὴν
885 1035 932 1113 ἕξι
968 1060 1025 1120 της
1039 1035 1189 1119 ρυχηςί
1284 1114 1298 1119 ..

189 1132 398 1220 εὐάρμοστον
423 1140 573 1219 ἔχοντας,
603 1132 744 1211 τούτους
769 1135 855 1219 φημί
878 1135 934 1202 καὶ
981 1141 1146 1221 μονίμους
1210 1185 1230 1217 .-

190 1233 274 1303 εῐναι
289 1237 343 1301 καὶ
357 1239 504 1311 τελείους
519 1230 644 1316 άνῦροις
659 1234 714 1300 καί
728 1231 837 1309 πάσας
847 1230 981 1318 ἐχειν
945 1260 1003 1310 τας
1015 1228 1172 1314 άρετάς.

140 1354 175 1405 ,ιε
190 1334 265 1420 περὶ
279 1324 397 1417 μὲν
355 1356 419 1398 ουν
432 1338 502 1399 τῶν
515 1332 792 1418 πεπαιδευμένων
806 1332 961 1417 τυγχάνω
975 1338 1077 1399 ταῦτα
1089 1344 1171 1415 γμο

187 1430 360 1519 γνῶσκων.
384 1430 467 1516 (’.)ιβ
454 1431 617 1514 )Περλόέ
631 1438 689 1516 τῆς
697 1428 846 1517 Ομήρου
859 1433 982 1517 καὶτῆς
988 1429 1146 1515 Ἡσιόρου

187 1532 242 1605 καὶ
257 1537 316 1615 τῆς
329 1535 398 1595 τῶν
412 1526 525 1595 ἄλλων
539 1529 705 1614 ποιήσεως
719 1531 874 1616 ἐπιθυμῶ
888 1531 951 1615 μὲν
966 1522 1145 1614 nimmol-

187 1658 246 1717 μοι
261 1625 326 1715 γάρ
343 1622 387 1694 άν
404 1635 532 1695 παῦσαι
547 1625 626 1700 τοὺς
642 1632 679 1696 ἐν
694 1638 741 1719 τῷ
756 1637 888 1719 Λνκείρι
904 1623 1152 1720 ῥαψῳδοῦντας
1197 1708 1201 1714 .

187 1727 351 1798 τάκείνων
371 1728 426 1795 καί
442 1734 630 1814 ληροῦντας
646 1731 721 1813 περὶ
738 1726 867 1813 αὐτῶν,
890 1730 1095 1816 αἰσθάνομαι
1110 1726 1143 1801 δ’

188 1827 334 1917 ἐμαυτὸν
355 1832 416 1907 ἔξω
437 1828 627 1914 φερόμενον
647 1836 704 1915 τῆς
724 1836 925 1913 συμμετρίας
945 1837 1002 1915 τῆς
1024 1850 1144 1897 σνντε·

132 1949 171 2003 34
185 1931 350 2016 ταγμόνης
360 1943 429 2007 τοῖς
440 1934 634 2014 προοιμίοις.
658 1934 727 1997 ἐστι
739 1926 770 1994 δ’
780 1926 904 2014 άνόρός
916 1936 1002 1996 νοῦν
1013 1935 1145 2015 ἔχοντος

185 2028 231 2116 μὴ
249 2026 311 2115 τὴν
327 2026 489 2111 εὐπορίαν
504 2025 648 2113 ἀγαπᾶν,
665 2022 708 2112 ἦν
725 2034 781 2115 ἔχη
794 2054 842 2105 τις
859 2030 934 2111 περὶ
949 2035 1017 2095 τῶν
1033 2027 1143 2095 αὐτῶν

185 2136 290 2197 πλείω
305 2133 373 2195 τῶν
389 2126 502 2195 ἄλλων
518 2133 633 2213 εἰπεῖν,
650 2125 734 2194 άλλά
750 2125 812 2213 τὴν
827 2123 1003 2210 εὐκαιρίαν
1019 2130 1171 2213 όιαφυ-ιε

185 2228 330 2313 λάπτειν,
345 2224 430 2311 ὑπὲρ
444 2218 492 2294 ῶν
508 2221 552 2293 άν
567 2222 618 2294 άελ
631 2227 781 2313 τυγχάνῃ
792 2227 1043 2313 διαλεγόμενος·
1061 2224 1144 2310 ὅπερ

186 2330 259 2413 ἐμοὶ
273 2330 430 2413 ποιητέον
445 2329 544 2395 ἐστίν.
567 2328 642 2409 περὶ
654 2326 716 2411 μὲν
729 2318 792 2393 οῦν
803 2333 871 2392 τῶν
881 2335 1030 2413 ποιητῶν
1042 2319 1145 2403 αὖθις

185 2429 348 2511 ἐροῦμεν,
364 2420 407 2510 ἢν
421 2424 467 2511 μή
482 2451 523 2509 με
537 2426 706 2511 προανέλη
722 2422 758 2491 τό
772 2432 891 2510 γῆρας,
909 2420 931 2511 ἢ
946 2427 1022 2509 περὶ
1037 2421 1140 2492 σπου-

186 2525 373 2610 όαιοτέρων
388 2522 596 2610 πραγμάτων
611 2529 674 2609 ἔχω
688 2550 720 2590 τι
735 2517 881 2610 λέγεινῆ
898 2514 1049 2626 τούτων]

129 2646 168 2698 35
272 2622 354 2709 (ιγ’.)
379 2626 463 2708 Περὶ
481 2622 517 2690 δὲ
538 2630 606 2689 τῶν
630 2629 687 2708 τῆς
708 2622 837 2699 πόλεως
859 2619 1060 2706 εὐεργεσιῶν
1076 2628 1144 2688 τῶν

185 2730 233 2803 είς
246 2720 493 2807 τούςἝλληνας
506 2720 570 2809 ἤδη
585 2724 764 2808 ποιήσομαι
779 2719 859 2801 τούς
870 2722 1011 2809 λόγους,
1028 2721 1088 2808 οὐχ
1100 2721 1144 2801 ῶς

183 2821 227 2891 οὐ
245 2829 379 2900 πλείους
394 2824 552 2901 ἐπαίνους
569 2826 792 2908 πεποιημένος
806 2822 882 2908 περλ
901 2820 1004 2907 αὐτῆς
1020 2817 1041 2908 ἢ
1057 2822 1143 2907 σύμ-

183 2947 308 2999 παντες
328 2924 361 2989 οί
381 2924 456 3006 περὶ
475 2918 538 3006 τὴν
557 2928 692 3007 ποίησιν
713 2923 769 2990 καλ
789 2919 869 2999 τοῦς
889 2921 1012 3007 λόγους
1033 2920 1141 3000 ὄντες·

183 3019 228 3089 οὐ
244 3019 312 3108 μὴν
328 3018 451 3106 ὁμοίως
466 3024 521 3087 καὶ
537 3028 612 3088 νῦν.
641 3020 715 3088 τότε
733 3018 796 3106 μὲν
808 3018 874 3106 γάρ
889 3022 927 3087 ἐν
940 3021 1054 3106 λόγοις
1069 3024 1144 3107 περὶ

183 3124 307 3204 ἐπερων
331 3118 537 3204 πραγμάτων
558 3120 752 3205 ἐμεμνήμην
777 3117 896 3206 αὐτῆς,
922 3125 990 3187 νῦν
1009 3120 1045 3187 δὲ
1067 3125 1142 3204 περὶ

127 3239 166 3293 36
181 3219 307 3305 ταύτης
317 3214 379 3303 τὴν
390 3214 559 3285 ὑπόθεσιν
570 3218 802 3303 ποιησάμενος.
827 3215 890 3285 οὐκ
900 3216 1013 3304 άγνοῶ
1026 3215 1057 3285 (λ’
1071 3217 1143 3303 ἡλί-

183 3344 244 3397 κος
260 3314 308 3385 ῶν
324 3317 406 3385 ὅσον
422 3324 522 3405 ἔργον
538 3321 709 3403 ἐνίσταμαι
725 3315 762 3383 τό
777 3319 937 3403 μέγεθος,
956 3314 1030 3385 ἀλλ’
1047 3315 1143 3400 άκρι-

182 3424 253 3507 βῶς
276 3415 371 3494 είόῶς
392 3420 446 3485 καὶ
468 3418 628 3496 πολλάκις
650 3414 805 3502 είρηιιῶς,
830 3414 882 3484 ὅτι
900 3414 940 3483 τά
959 3418 1022 3502 μὲν
1042 3415 1173 3503 μικράο

181 3525 252 3587 τῶν
268 3515 474 3602 πραγμάτων
489 3518 608 3607 ῥηίδιον
624 3530 691 3594 τοῖς
708 3516 822 3601 λόγοις
836 3512 999 3601 αὐξῆσαι,
1017 3528 1091 3592 τοῖς
1108 3511 1140 3581 δ’

181 3614 437 3703 ὑπερβάλλουσι
446 3622 515 3683 τῶν
525 3621 634 3703 ἐργων
645 3618 700 3683 καὶ
709 3623 756 3700 τῶ
764 3616 901 3700 μεγέθει
909 3614 964 3682 καλ
973 3619 1019 3699 τῷ
1027 3613 1137 3682 κάλλει
