2859 4334
306 387 370 450 250
595 375 974 448 ιεοιινκνονειν

307 546 375 638 όσφ
389 570 452 629 περ
466 541 511 613 δν
521 543 583 630 τὴν
596 544 697 612 πόλιν
707 541 961 629 εὐαγωγοτέραν
976 542 1043 611 ὑπὸ
1057 553 1127 613 τῶν
1141 547 1260 628 τυχόν-

307 672 375 713 των
394 638 502 712 ούσαν
519 642 748 729 άποφαίνωσι,
775 643 922 732 τοσούτῳ
947 644 1077 728 μᾶλλόν
1100 665 1155 710 σοι
1176 663 1261 728 συμ-

308 743 482 828 φερόντως
496 747 642 827 ἔχουσαν
655 738 763 827 αύτην
778 739 1057 808 ἐπιδεικνύουσιν.
1097 747 1127 808 εἰ
1145 739 1213 825 γάρ
1233 742 1264 805 ol

308 841 414 930 μηδὲν
437 839 572 929 άγαθόν
598 835 712 909 οἷοίτ’
731 839 824 916 ὄντες
847 845 982 924 ποιῆσαι
1006 840 1262 921 διαπράττονται

309 955 376 1020 τοῖς
396 941 507 1025 λόγοις
523 938 544 1007 ό
558 967 590 1007 τι
606 935 651 1007 άν
670 946 903 1025 βουληθῶσιν,
923 931 945 1023 ἦ
960 965 1028 1006 που
1044 941 1085 1006 σέ
1101 965 1140 1024 γε
1159 957 1261 1022 προσ-

308 1041 382 1126 ήκει
392 1035 453 1106 τόν
463 1035 583 1107 πλεῖστ’
596 1035 641 1105 άν
658 1045 744 1129 έργφ
760 1037 951 1124 δυνάμενον
965 1035 1181 1124 εὐεργετῆσαι
1200 1062 1285 1121 ειη-ε

310 1136 406 1217 δενός
420 1136 597 1224 άποτνχεῐν
612 1134 686 1223 παρ’
701 1136 805 1224 ἡμῶν.

265 1254 295 1309 16
392 1238 453 1322 (η’).
493 1234 656 1323 Ἡγούμαι
671 1238 707 1304 δὲ
722 1243 793 1304 δεῖν
803 1234 888 1320 πρὸς
901 1234 963 1320 μὶν
976 1233 1055 1314 τούς
1066 1242 1196 1319 πικρῶς
1207 1240 1262 1318 τῆς

310 1334 437 1413 πόλεως
451 1332 548 1421 ἡμῶν
561 1341 830 1421 κατηγοροῦντας
846 1335 995 1410 ἐκείνους
1007 1329 1263 1399 ἀντιτάττεσθαι

310 1429 389 1510 τούς
400 1435 510 1504 πάντα
516 1458 551 1500 τε
558 1430 645 1499 ταῦτ’
654 1428 1142 1516 εἷναιλέγονταςκαλτούςμητε
1152 1437 1261 1516 μεῖζον
1276 1445 1314 1494 41⁰

310 1530 385 1618 μήτ’
408 1536 545 1598 ἔλαττον
567 1529 673 1618 αύτὴν
693 1529 887 1617 ἠδικηκέναι
906 1530 1113 1614 φάσκοντας·
1142 1525 1210 1614 έγῶ
1232 1522 1261 1592 δ’

311 1629 410 1698 οὐδὲν
426 1626 469 1696 άν
484 1642 609 1718 εἴποιμι
624 1640 794 1700 τοιοῦτον·
828 1636 1047 1716 αἰσχυνθείην
1067 1628 1133 1714 γάρ
1149 1625 1214 1712 άν,
1238 1633 1264 1694 εἰ

310 1740 378 1798 τῶν
395 1729 506 1798 ἄλλων
520 1729 602 1816 μηδὲ
616 1727 695 1808 τούς
708 1727 813 1806 θεοὺς
827 1726 1081 1814 ἀναμαρτήτους
1104 1729 1189 1798 εἶναι
1205 1755 1263 1795 νο-

310 1827 473 1914 μιζόντων
487 1826 587 1907 αύτός
600 1829 754 1917 τολμῴην
769 1829 895 1912 λέγειν,
921 1825 965 1906 ῶς
977 1825 1077 1896 οὐδὲν
1091 1825 1225 1896 πώποθ’
1245 1822 1262 1911 ἡ

263 1942 291 1997 17
310 1926 406 2003 πόλις
421 1925 517 2011 ἡμῶν
530 1930 814 2011 πεπλημμέληκεν.
853 1921 895 1996 ού
915 1924 982 2011 μὴν
1002 1923 1070 1995 ἀλλ’
1090 1923 1186 1994 ἐκεῖν’
1203 1931 1264 2009 ἔχω

312 2025 387 2109 περὶ
401 2020 504 2109 αὐτῆς
517 2029 638 2108 εἰπεῖν,
663 2020 714 2089 ότι
736 2025 986 2109 χρησιμωτέραν
1006 2021 1070 2090 ούκ
1092 2019 1138 2090 άν
1154 2019 1265 2106 εὕροις

313 2121 433 2208 ταύτης
447 2120 523 2190 οὔτε
538 2135 605 2201 τοῖς
620 2121 778 2208 Ἕλλησιν
794 2119 870 2188 οὔτε
887 2136 954 2200 τοῖς
970 2136 1040 2198 σοῖς
1054 2122 1264 2208 πράγμασιν·

313 2216 340 2311 ᾧ
354 2222 495 2307 μάλιστα
510 2222 710 2305 προσεκτέον
724 2217 784 2287 τόν
799 2227 885 2286 νονν
901 2223 999 2286 ἐστίν.
1023 2219 1066 2286 ού
1081 2215 1148 2303 γάρ
1162 2215 1292 2303 μόνονο

314 2319 602 2408 συναγωνιζομένη
620 2317 762 2406 γίγνοιτ’
780 2317 825 2387 ἂν
839 2327 932 2390 αι’τία
951 2341 1003 2390 σοι
1015 2325 1153 2390 πολλῶν
1184 2317 1268 2403 ἀγα-

272 2433 300 2486 18
316 2426 391 2488 θῶν
405 2416 489 2485 ἀλλά
505 2421 560 2484 καί
575 2423 714 2502 φιλικῶς
733 2421 820 2500 ἔχειν
834 2419 981 2482 δοκοῦσα
995 2418 1119 2499 μόνον·
1142 2415 1223 2494 τούς
1234 2440 1267 2481 τε

313 2517 378 2606 γάρ
394 2514 460 2584 ὑπό
476 2518 528 2585 σοὶ
543 2524 608 2585 νῦν
622 2515 720 2596 ὄντας
734 2519 818 2604 ῥᾷον
828 2511 873 2582 άυ
886 2519 1049 2600 κατέχοις,
1062 2521 1093 2583 ελ
1102 2521 1268 2602 μηδεμίαν

315 2625 422 2705 ἔχοιεν
443 2614 679 2703 ἀποστροφὴν,
706 2621 773 2682 τῶν
798 2641 833 2682 τε
857 2616 1040 2702 βαρβάρων
1058 2611 1118 2692 ούς
1141 2622 1267 2701 βουλη-

261 2767 264 2772 -
315 2724 409 2801 θείης
430 2723 557 2783 θάττον
577 2712 621 2782 α”ν
642 2717 893 2798 καταστρέψαιο.
934 2721 1041 2781 καίτοι
1062 2721 1134 2792 πῶς
1150 2710 1193 2780 ού
1207 2713 1267 2798 χρη

316 2815 500 2900 προθύμως
514 2812 692 2900 ὀρέγεσθαι
708 2820 766 2900 της
778 2813 934 2899 τοιαύτης
951 2809 1094 2896 εύνοέας,
1110 2810 1148 2879 δι’
1166 2809 1210 2898 ἢν
1225 2809 1268 2878 ού

316 2914 423 3000 μόνον
448 2910 509 2998 την
545 2911 764 2998 ὑπάρχουσαν
795 2909 901 2998 ἀρχὴν
928 2907 1086 2995 ἀσφαλῶς
1114 2911 1288 2990 καθέξειςι

272 3020 302 3074 19
316 3009 399 3080 ἀλλά
411 3014 465 3079 καὶ
476 3010 603 3098 πολλὴν
615 3015 732 3095 ἑτέραν
746 3009 933 3088 ἀκινδύνως
945 3007 1162 3094 προσκτησεις
1179 3020 1270 3076 θαυ-

317 3109 407 3195 μάζω
424 3106 455 3175 δ’
475 3107 549 3178 ὅσοι
569 3107 710 3189 τῶντὰς
726 3109 886 3194 δυνάμεις
903 3110 1048 3192 ἐχόντων
1067 3105 1107 3173 τά
1122 3108 1187 3191 μὲν
1202 3112 1269 3172 τῶν

317 3209 576 3294 ξενιτενομένωυ
597 3209 802 3291 στρατόπεδα
820 3212 1020 3291 μισθοῦνται
1042 3207 1096 3272 καὶ
1118 3205 1268 3290 χρήματα

318 3304 423 3374 πολλά
447 3312 637 3392 δαπανῶσι,
667 3307 874 3388 συνειδότες,
901 3303 951 3373 ὅτι
978 3311 1112 3382 πλείους
1133 3302 1268 3392 ἠδίκηκε

318 3411 386 3472 τῶν
397 3406 647 3473 πιστευσάντων
657 3403 770 3484 αὐτοῖς
784 3401 804 3491 ἦ
818 3407 958 3485 σέσωκε,
973 3401 1034 3488 την
1046 3403 1081 3470 δὲ
1097 3404 1199 3470 πόλιν
1210 3397 1270 3487 τὴν

319 3503 520 3590 τηλικαύτην
532 3503 676 3591 δύναμιν
690 3505 895 3590 κεκτημένην
910 3501 954 3589 μη
969 3508 1149 3584 πειρῶνται
1164 3513 1269 3586 θερα-

320 3603 452 3678 πεύειν,
476 3598 497 3688 ἢ
517 3606 570 3670 καὶ
584 3610 665 3688 μίαν
679 3604 821 3689 ἑκάστην
838 3609 906 3669 τῶν
924 3603 1054 3669 πόλεων
1069 3604 1123 3668 καὶ
1137 3602 1265 3686 σύμπα-
