2859 4334
289 389 329 453 10
560 390 903 474 [ΙΣΟΚΡΑΤΟΤΣ]
926 389 971 475 (1)

287 563 426 648 σκεύαζε
438 565 583 635 σεαυτὸν
598 573 813 634 πλεονεκτεῖν
824 565 888 654 μὲν
901 562 1109 653 δυνάμενον,
1123 562 1252 653 ἀνέχου

286 665 326 734 δέ
338 663 376 734 τά
392 675 468 735 ῖσον
476 671 570 754 ἔχων,
580 668 638 733 ἵνα
651 669 756 754 δοκῇς
769 664 950 754 ὀρέγεσθαι
960 671 1020 753 τῆς
1033 664 1253 753 δικαιοσύνης

285 763 331 855 μὴ
345 765 389 835 δι’
405 765 584 837 ἀσθένειαν
601 761 686 835 ἀλλά
700 765 746 835 δι’
763 770 953 838 ἐπιείκειαν.
977 772 1108 855 μᾶλλον
1122 763 1250 836 ἀποδέ-

285 893 349 955 χου
367 871 502 937 δικαίαν
519 874 641 937 πενίαν
654 865 676 956 ἢ
690 871 840 938 πλοῦτον
858 867 991 937 ἄδικον·
1009 868 1162 960 τοσούτω
1180 867 1249 957 γάρ
1268 880 1289 933 d

286 976 449 1057 κρείττων
466 968 663 1057 δικαιοσύνη
681 969 872 1057 χρημάτων,
895 967 966 1061 ὅσφ
982 970 1025 1038 τά
1042 968 1106 1057 μέν
1122 974 1251 1050 ζῶντας

286 1067 393 1158 μόνον
402 1066 539 1159 ἀφελεῖ,
551 1069 589 1138 τὸ
605 1070 706 1139 δὲκαὶ
714 1070 931 1159 τελευτήσασι
943 1070 1047 1152 δόξαν
1053 1091 1249 1158 παρασκευ-

286 1170 363 1258 ἀζει,
372 1168 540 1241 κάκείνων
547 1170 610 1260 μεν
619 1173 677 1240 καί
685 1187 757 1252 τοῖς
765 1171 908 1259 φαύλοις
920 1172 1062 1260 μέτεστι,
1075 1170 1200 1240 τούτου
1210 1170 1251 1241 δέ

236 1284 269 1335 89
286 1285 357 1352 τοῖς
375 1282 563 1360 μοχθηροῖς
583 1271 755 1342 ἀδύνατον
771 1280 980 1360 μεταλαβεῖν.
1006 1273 1136 1362 μηδένα
1149 1272 1250 1358 ζήλου

285 1375 355 1442 τοῖν
370 1376 402 1456 ἐξ
416 1371 549 1456 ἀδικίας
562 1374 822 1464 κερδαινόντων,
836 1373 921 1443 ἀλλά
934 1376 1064 1462 μᾶλλον
1076 1370 1250 1461 ἀποδέχου

242 1486 243 1489 ’
284 1473 922 1564 τούςμετάδικαιοσῦνηςζημιωδέντας·
936 1473 1250 1564 οίγάρδίκαιοιτῦν

285 1573 414 1645 ἀδίκων
428 1584 461 1648 εί
466 1577 574 1666 μηδεν
587 1575 670 1646 ἀλλο
683 1581 957 1664 πλεονεκτοῦσιν,
971 1573 1046 1645 ἀλλ’
1059 1567 1124 1646 οῦν
1139 1578 1251 1645 έλπίσι
1269 1602 1288 1638 ιι

235 1687 269 1739 4⁰
285 1703 324 1762 με
338 1682 539 1759 σπουδαίαις
549 1677 787 1765 ὑπερέχωσιν.
801 1677 939 1746 πάντων
946 1677 1009 1765 μέν
1017 1679 1176 1766 ἐπιμελοῦ
1181 1680 1251 1746 τῶν

286 1778 362 1865 περὶ
374 1777 531 1868 τὸνβίον,
543 1778 687 1867 μα’λιστα
702 1778 741 1847 δὲ
749 1777 812 1864 τὴν
825 1783 952 1848 σαυτοῦ
961 1777 1128 1867 φρόνησιν
1142 1774 1249 1848 ἀσκει·

285 1878 440 1965 μέγιστον
453 1879 519 1967 γάρ
535 1881 572 1948 έν
586 1882 751 1971 ἐλαχίστῳ
763 1885 850 1960 νοῦς
863 1878 994 1965 ἀγαθὰς
1009 1882 1046 1949 έν
1059 1877 1249 1970 ἀνθρώπου

286 1978 422 2067 σύματι.
441 1985 545 2066 πειρῶ
558 1983 605 2072 τῷ
621 1979 749 2068 σύματι
761 1979 825 2068 μέν
838 1978 925 2049 εἶναι
939 1979 1136 2069 φιλόπονος,
1152 1982 1194 2070 τῇ
1210 1979 1251 2050 δδ
1270 1995 1302 2044 1¹

289 2083 379 2165 ψυχῇ
389 2079 591 2163 φιλόσοφος,
605 2082 662 2144 ἵνα
672 2084 719 2170 τῷ
729 2083 792 2164 μὲν
802 2083 962 2145 ἐπιτελεῖν
974 2083 1061 2167 δύνῃ
1070 2084 1111 2149 τά
1124 2083 1246 2160 δόξαν·

242 2191 274 2245 41
289 2200 346 2260 τα,
368 2180 408 2262 τῇ
426 2174 462 2242 δὲ
483 2182 634 2263 προοροῖν
649 2177 765 2265 έπίστη
785 2172 826 2243 τά
843 2178 1065 2262 συμφέροντα.
1090 2183 1159 2244 πᾶν
1179 2173 1246 2245 ὅτι

289 2268 334 2340 ἀν
344 2276 465 2362 μέλλῃς
476 2275 579 2362 ἐρεῖν,
594 2274 760 2361 πρότερον
771 2273 942 2342 ἐπισκόπει
955 2281 995 2362 τῇ
1004 2272 1138 2364 γνώμη·
1161 2282 1246 2343 πολ-

290 2381 360 2449 λοῖς
371 2370 435 2458 γάρ
450 2369 471 2459 ἡ
483 2380 611 2458 γλῶττα
626 2377 798 2462 προτρέχει
812 2370 869 2459 τῆς
885 2377 1042 2452 διανοίας.
1064 2374 1127 2441 δύο
1140 2369 1273 2443 uolam

290 2467 428 2554 καιροὺς
442 2477 503 2538 τοῦ
520 2474 645 2559 λέγειν,
666 2466 778 2558 ἢπερί
792 2462 841 2539 ἀν
857 2467 958 2538 οἶσθα
979 2477 1109 2557 σαφῶς,
1133 2466 1153 2556 ἢ
1169 2471 1246 2557 περὶ

291 2562 340 2636 νῦν
353 2565 539 2656 ἀναγκαῖον
556 2575 670 2638 εἰπεῖν.
700 2571 738 2637 ἐν
757 2571 887 2649 τούτοις
901 2566 966 2656 γὰρ
980 2567 1097 2656 μόνοις
1111 2567 1130 2635 ὁ
1145 2570 1246 2657 λόγος

290 2676 347 2756 τῆς
361 2675 456 2756 σιγῇς
469 2675 645 2755 κρείττων,
667 2670 705 2735 έν
719 2671 757 2736 δέ
770 2682 839 2747 τοῖς
859 2667 972 2746 ἀλλοις
989 2665 1129 2753 ἀμεινων
1144 2675 1245 2753 σιγᾶν

289 2764 310 2853 ἢ
326 2771 444 2853 λέγειν.

243 2877 276 2930 42
375 2865 501 2951 Νόμιζε
523 2867 628 2952 μηδὲν
650 2862 735 2933 εἶναι
755 2872 824 2933 τῶν
843 2863 1072 2951 ἀνθρωπίνων
1088 2863 1242 2952 βέβαιον·

292 2961 380 3030 οῦτω
389 2961 453 3050 γάρ
467 2961 538 3030 οὔτ’
553 2961 701 3050 εύτυχῦν
712 2969 780 3032 ἔσει
790 2961 969 3050 περιχαρὴς
979 2959 1057 3031 οῦτε
1068 2966 1244 3049 δυστυχῶν

290 3068 480 3149 περίλυπος.
503 3077 596 3150 χαῖρε
610 3063 672 3150 μέν
687 3065 741 3132 ἐπί
753 3076 822 3142 τοῖς
837 3068 1061 3149 συμβαίνουσι
1074 3069 1143 3128 τοῖν
1157 3058 1244 3148 ἀμα-

290 3168 381 3247 θῶν,
396 3166 509 3229 λυποῦ
526 3161 562 3228 δέ
576 3167 715 3249 μετρίως
730 3165 782 3230 ἐπὶ
797 3175 865 3241 τοῖς
880 3163 1088 3247 γιγνομένοις
1101 3168 1169 3228 τῶν
1181 3189 1243 3230 κα-

291 3267 378 3346 κοῦν,
392 3265 513 3346 γίγνου
528 3260 564 3327 δὲ
578 3274 646 3339 τοῖς
660 3253 774 3340 ἀλλοις
786 3257 867 3349 μηδ’
883 3265 919 3328 έν
931 3262 1056 3344 ἑτέροις
1072 3254 1122 3329 ἀν
1139 3260 1244 3330 κατά-

291 3363 406 3443 δηλος·
437 3355 564 3425 ἄτοπον
584 3355 649 3444 φάρ
670 3357 733 3447 τὴν
752 3360 814 3445 μέν
835 3356 954 3427 ούσίαν
975 3361 1012 3426 ἐν
1034 3373 1105 3438 ταῖς
1125 3366 1245 3440 οἰκίαις

290 3455 536 3544 ἀποκρύπτειν,
551 3454 612 3544 τὴν
627 3459 663 3526 δέ
676 3460 833 3528 διάνοιαν
847 3454 1001 3545 φανερὰν
1017 3463 1134 3544 ἔχοντα
1147 3484 1244 3545 περι·

244 3565 278 3620 ιδ
290 3569 415 3625 πατεῖν.
445 3563 575 3642 μᾶλλον
592 3555 739 3646 εὐλαβοῦ
754 3551 898 3646 φόνονῆ
913 3561 1091 3627 κίνδυνον·
1111 3561 1165 3627 δεῖ
1176 3556 1273 3646 γάρε

275 3655 374 3724 εἶναι
389 3652 540 3742 φοβεράν
559 3669 631 3731 τοῖς
642 3659 704 3743 μὲν
726 3657 868 3745 φαύλοις
881 3653 945 3744 τὴν
959 3664 1020 3725 τοῦ
1034 3662 1112 3743 βίον
1127 3666 1244 3728 τελευ-
