2859 4334
447 431 761 492 ΑΡΧΙΔΑΜΟΣ.
1021 435 1082 499 141

148 587 251 669 τολλᾶς
264 592 319 659 καί
335 588 448 669 δεινάς
463 585 603 677 άνομίας
615 593 880 682 ἐμπεπτώκασιν,
898 598 1084 684 εἰθισμένοι

148 686 233 757 ἐτὸν
243 687 347 758 ἄλλον
357 686 483 775 χρόνον
493 686 574 776 μεθ’
586 687 683 777 ἡμῶν
694 688 750 776 ἐφ’
763 693 896 778 ἐτίρονς
905 698 1001 781 ίέναε,
1017 701 1083 762 νῦν

147 784 202 865 οὸς
216 785 339 866 ἄλλους
353 784 479 873 ὁρῶσιν
493 784 549 875 ἐφ’
566 785 692 868 αὑτούς
706 792 1010 879 στρατευομένους,
1026 794 1082 861 καὶ

147 884 182 965 άς
195 885 345 973 στάσεις,
368 882 408 965 ἃς
428 885 665 957 ἐπυνθάνοντο
680 886 848 974 πρότερον
862 886 943 974 παρ’
960 890 1113 978 ἑτίροιςᾱ

147 986 243 1073 ὕσας,
257 992 324 1055 νῦν
337 984 420 1070 παρ’
433 984 547 1067 αύτοίς
560 983 678 1074 ὀλίγον
689 992 762 1057 δεῖν
772 986 855 1059 καθ’
868 990 1010 1076 ἑκάστην
1020 988 1084 1077 τὴν

146 1088 250 1171 μέραν
270 1086 479 1171 γιγνομένας.
510 1084 600 1154 οὕτω
618 1083 649 1153 δ’
667 1084 893 1174 ὁμαλισμένοι
910 1102 981 1166 ταλς
995 1107 1084 1174 συμ-

146 1196 245 1268 οραῐς
261 1186 345 1252 εἰσὶν
363 1181 446 1251 ὥστε
467 1187 595 1271 μηδένα
616 1188 803 1270 διαγνῶναι
818 1184 989 1253 δύνασθαι
1001 1183 1083 1264 τούς

146 1282 265 1349 άιιιστα
284 1280 492 1368 πρόπαντος
514 1280 644 1350 αὐτῶν·
673 1280 814 1368 ούδεμία
834 1281 901 1367 γάρ
924 1284 991 1351 ἐστι
1013 1289 1082 1351 τῶν

146 1382 257 1450 ύλεων
277 1378 448 1468 ιἰειίραιος,
473 1378 549 1450 οὐδ’
568 1380 642 1469 ἥτις
661 1378 724 1467 οὐχ
746 1379 894 1468 ὁμόρους
917 1387 982 1469 ίηει
1002 1380 1082 1461 τούς

145 1486 232 1557 ααῶς
248 1479 466 1566 ποιήσοντας,
493 1477 577 1547 ὥστε
594 1486 779 1566 τετμῆσθαι
792 1479 856 1565 μὲν
877 1475 937 1558 τάς
960 1479 1081 1567 χώρας,

147 1583 364 1664 επορθῆσθαι
379 1577 416 1646 δέ
431 1574 490 1657 τάς
510 1577 642 1663 πόλεις,
668 1574 877 1656 ἀναστάτους
891 1578 929 1645 δὸ
942 1584 1083 1664 γεγενῆ-

145 1687 205 1744 θαι
225 1672 307 1755 τούς
328 1684 443 1755 οίειονς
452 1671 533 1753 τούς
550 1680 679 1762 ίδίους,
703 1671 958 1763 ἀνατετράφθαι
974 1670 1109 1753 δὸτάςε

147 1779 290 1853 ολιτείας
312 1776 369 1842 καί
393 1772 642 1843 καταλελύσθαι
666 1771 747 1853 τούς
767 1773 910 1860 νόμους,
937 1769 1017 1859 μεθ’
1034 1763 1083 1839 ὁν

144 1880 300 1951 ίκοῦντες
313 1871 605 1959 εὐδαιμονέστατοι
616 1870 864 1958 τῶνἙλλήνων
872 1864 969 1958 ἦσαν.
993 1868 1083 1939 οὕτω

144 1971 152 1997 ’
169 1972 318 2051 ἀπίστως
331 1969 372 2039 τά
386 1968 471 2058 πρὸς
485 1977 573 2058 σφᾶς
587 1968 712 2049 αύτούς
726 1971 783 2037 καί
796 1973 970 2057 δυσμενῶς
985 1974 1083 2054 ἔχου-

143 2100 193 2158 ιυ,
219 2069 305 2138 ὥστε
318 2076 448 2156 μᾶλλον
460 2068 540 2149 τοὸς
554 2074 689 2147 πολίτας
702 2063 725 2155 ἢ
739 2065 818 2147 τούς
830 2073 1013 2156 πολεμίους
1027 2072 1084 2136 δε-

143 2176 250 2238 ίασιν·
272 2165 346 2236 άντδ
366 2170 402 2235 δὲ
416 2174 474 2255 τῆς
494 2163 550 2253 ἐφ’
566 2164 662 2254 ἡμῶν
683 2164 841 2253 ὁμονοίας
856 2170 914 2237 καί
928 2173 987 2255 τῆς
999 2163 1081 2252 παρ’

143 2268 279 2351 λλήλων
293 2262 452 2351 εὐπορίας
467 2272 514 2345 είς
528 2266 697 2351 τοσαύτην
713 2262 849 2351 άμιξίαν
862 2265 1082 2352 ἐληλύθασιν,
1101 2287 1149 2340 130

143 2362 209 2434 λσθ’
227 2368 263 2432 οί
280 2364 343 2450 μὲν
358 2369 554 2452 κεκτημένοι
569 2362 628 2443 τάς
643 2360 759 2442 ούσίας
778 2361 876 2451 ἥδιον
894 2360 939 2433 άν
955 2371 1002 2444 είς
1018 2362 1081 2451 τὴν

143 2466 296 2532 άλατταν
310 2462 350 2529 τὰ
368 2461 502 2551 σφὰερ
520 2461 633 2531 αὐτῶν
655 2462 829 2549 ἐκβάλοιεν
842 2458 865 2549 ἢ
879 2478 949 2543 τοῖς
964 2465 1081 2548 δεομέ-

143 2557 1079 2647 οιςέπαρνέσειαν,οίδέκαταδείσαεροντράττοντεςούδ’

143 2686 164 2725 ν
178 2655 295 2743 εὸρελν
309 2660 458 2739 δέξαιντο
473 2666 603 2745 μᾶλλον
616 2654 639 2746 ἢ
653 2657 694 2727 τά
708 2665 778 2727 τάν
797 2658 943 2744 ἐχόντων
957 2655 1081 2746 ἀφελέ-

143 2769 220 2826 θαι’
249 2758 496 2837 καταλύσαντες
515 2759 552 2826 δέ
572 2756 632 2838 τὰς
651 2762 776 2835 θυσίας
795 2758 848 2825 ἐπὶ
867 2763 937 2824 τῶν
956 2762 1081 2843 βωμῶν

143 2856 332 2945 φάττονσιν
351 2854 533 2945 ἀλλήλους·
562 2863 699 2934 πλείους
719 2858 756 2923 δὲ
776 2854 944 2942 φεύγουσι
962 2860 1030 2922 νῦν
1044 2856 1081 2923 ἐει

143 2960 197 3031 ιάς
218 2949 385 3040 πόλεωςῆ
401 2954 568 3041 πρότερον
588 2956 623 3035 ἐξ
640 2952 772 3040 ἁπάσης
786 2960 845 3040 τῆς
859 2953 1081 3040 Πελοποννή-

143 3078 192 3119 ον.
205 3052 444 3120 καὶτοσούτων
454 3049 744 3140 άπηριθμημένων
755 3058 870 3122 κακῶν
880 3049 969 3121 πολύ
979 3058 1109 3128 πλείαι)

143 3148 157 3218 ὁ
176 3154 468 3238 παραλελειμμένα
484 3159 553 3219 τῶν
569 3154 755 3239 είρημένων
769 3155 874 3220 ἐστίν·
897 3147 1000 3220 ούδὸν
1015 3148 1080 3237 γάρ

151 3257 269 3319 τιτῶν
289 3248 450 3340 δεινοῖνῆ
469 3260 623 3338 χαλεπῶν
638 3250 701 3321 ούκ
721 3257 870 3322 ἐνταῦθα
892 3251 1081 3337 συνδεδρά-

143 3377 237 3472 ηηιεν
262 3341 311 3418 dv
323 3356 356 3420 οί
364 3351 427 3438 μὲν
439 3349 504 3439 ἤδη
514 3355 626 3437 μεστοὶ
636 3351 862 3438 τυγχάνουσιν
873 3348 985 3437 ὁντες,
1000 3354 1036 3419 οί
1044 3350 1080 3417 δὲ

143 3478 175 3519 ια
164 3448 318 3537 ταχέων
333 3451 643 3537 ἐμπλησθησονται,
661 3452 716 3518 ειαλ
730 3447 910 3536 ζητήσουσί
922 3474 998 3517 τινα
1011 3456 1080 3517 τῶν

143 3549 302 3633 αρόντοεν
327 3547 532 3670 πραγμάτων
557 3544 669 3635 εὑρεῖν
696 3543 901 3633 ἀπαλλαγήν.
942 3572 990 3663 μη
1014 3543 1080 3634 γάρ

143 3644 232 3716 λεσθ’
260 3642 385 3724 αύτούς
408 3660 523 3727 μενεῖν
546 3648 598 3713 ἐπὶ
619 3644 766 3723 τούτοις·
805 3645 927 3721 οἵτινες
949 3638 1015 3729 γάρ
1040 3635 1081 3710 εὖ
