2859 4334
421 401 541 459 ΠΕΡΙ
560 398 910 458 ΑΝΤΙΔΟΣΕΩΣ.
1086 393 1146 458 115

189 566 308 639 ἀλλοις
333 560 396 647 ἤδη
419 566 590 642 περαίνειν
611 558 825 644 ἐπιχειρήσω,
848 554 970 643 μικρὸν
991 563 1038 626 ἔτι
1061 582 1143 643 προ-

188 658 308 744 ειπῶν,
320 663 376 727 ἵνα
388 664 473 748 ῥᾷον
485 663 741 727 ἐπακολουθῶσι
751 670 818 735 τοῖς
829 660 1030 743 λεγομένοις.
1053 656 1144 739 (κά.)

131 772 167 826 57
181 758 221 827 ‘0
237 759 298 843 μὲν
313 757 377 844 γάρ
389 757 488 844 λόγος
499 756 517 824 ὁ
529 759 660 842 μέλλων
671 763 802 842 πρῶτος
813 754 892 841 ὑμῖν
904 757 1143 843 δεηθήσεσθαι

187 856 264 925 κατ’
281 862 431 937 ἐκείνους
446 858 576 943 ἐγράφη
592 853 671 934 τούς
686 854 839 941 χρόνους,
862 853 917 923 ὅτε
932 856 1144 940 Λακεδαιμό-

186 984 257 1025 νιοι
282 960 344 1043 μὲν
368 951 473 1044 ἡρχον
496 966 563 1024 τῶν
583 954 769 1042 Ἑλλήνων,
796 952 889 1041 ἡμεῖς
914 957 950 1022 δὲ
979 962 1142 1031 ταπεινῶς

187 1058 404 1142 ἐπράττομεν.
434 1063 503 1124 ἔστι
525 1059 561 1124 δὲ
581 1054 660 1133 τούς
675 1060 738 1139 μὲν
753 1052 914 1139 Ἕλληνας
939 1057 1173 1137 παρακαλῶνᾱ

189 1159 243 1225 ἐπὶ
258 1154 321 1243 τὴν
335 1163 403 1223 τῶν
417 1158 601 1243 βαρβάρων
616 1161 801 1239 στρατείαν,
819 1159 1095 1239 Λακεδαιμονίοις
1106 1152 1143 1221 δὲ

136 1273 174 1327 58
189 1258 266 1339 περὶΙ
291 1263 348 1342 τῆς
375 1254 554 1342 ἡγεμονίας
578 1253 806 1341 ἀμφισβητῶν.
840 1254 999 1340 τοιαύτην
1022 1254 1058 1321 δὲ
1078 1248 1141 1337 τὴν

189 1351 357 1421 ὑπόθεσιν
375 1355 599 1439 ποιησάμενος
610 1350 789 1437 ἀποφαίνω
798 1350 860 1439 τὴν
870 1354 971 1422 πόλιν
979 1350 1140 1420 ἁπάντων

186 1462 263 1520 τῶν
276 1450 496 1539 ὑπαρχόντων
509 1469 577 1532 τοῖς
586 1454 742 1540 Ἓλλησιν
765 1451 907 1539 ἀγαθῶν
921 1461 1029 1522 αίτίαν
1044 1478 1138 1540 γεγε-

188 1555 347 1639 νημένην.
371 1551 620 1639 ἀφορισάμενος
640 1555 676 1621 δὲ
699 1552 760 1620 τόν
782 1554 885 1638 λόγον
905 1553 965 1621 τόν
982 1556 1058 1636 περὶ
1072 1560 1141 1619 τῶν

189 1652 354 1719 τοιούτων
373 1650 573 1737 εὐεργεσιῶν
588 1656 643 1720 καλ
662 1652 869 1739 βουλόμενος
882 1649 944 1739 τὴν
958 1650 1141 1738 ἡγεμονίαν

190 1752 236 1814 ἔτι
253 1754 458 1832 σαφέστερον
470 1742 693 1837 ἀποφαίνειν,
715 1750 759 1829 ῶς
775 1758 843 1819 ε”στι
857 1760 914 1837 τῆς
928 1751 1067 1835 πόλεως,
1083 1752 1167 1817 &we

189 1848 291 1914 θένδε
306 1851 414 1916 ποθὲν
437 1853 589 1935 ἐπιχειρῶ
606 1853 779 1919 διδάσκειν
794 1854 867 1936 περὶ
882 1850 1023 1936 τούτων,
1041 1877 1086 1929 ος
1100 1856 1141 1938 τῇ

189 1946 285 2012 πόλει
300 1954 461 2030 τιμᾶσθαι
481 1947 641 2033 προσήκει
664 1947 752 2017 πολι)
769 1956 897 2032 μᾶλλον
918 1952 953 2017 ἐκ
976 1955 1044 2016 τῶν
1064 1948 1140 2032 περὶ

77 2130 81 2137 ἡ
139 2055 175 2108 59
190 2044 406 2131 τόυπόλεμον
413 2046 584 2114 κινδύνων
594 2044 810 2132 ἡτῶνάλλων
823 2046 1031 2134 εὐεργεσιῶν.
1046 2045 1141 2137 ᾤμην

190 2143 250 2227 μὲν
265 2136 329 2211 οὖν
344 2142 445 2222 αότός
459 2147 668 2232 δυνήσεσθαι
680 2150 828 2215 διελθεῖν
840 2151 912 2228 περὶ
928 2143 1049 2214 αότῶυ·
1073 2153 1139 2212 νῶν

191 2246 228 2307 δέ
238 2268 280 2326 με
294 2238 331 2308 τὸ
353 2250 459 2328 γῆρας
479 2246 713 2327 ἐμποδίζειναὶ
732 2260 820 2313 ποιεῖ
838 2245 1137 2331 προαπαγορεόειν.

189 2336 234 2405 ἵν’
251 2332 316 2431 οόν
332 2337 376 2424 μὴ
391 2344 605 2408 παντάπασιν
626 2345 760 2410 ἐκλυθῶ
782 2351 916 2410 πολλῶν
936 2350 983 2410 ἔτι
1005 2370 1061 2428 μοι
1083 2351 1139 2409 λε·
1155 2350 1207 2402 322

190 2442 293 2504 κτίωυ
310 2434 434 2520 ὄντων,
453 2437 638 2524 ἀρξάμενος
655 2439 794 2535 ἀπόιτὴς
809 2450 1032 2528 παραγραφῆς
1052 2439 1137 2508 ἀνά-

190 2546 297 2622 γνωθι
313 2536 352 2604 τά
370 2540 445 2621 περὶ
462 2546 519 2625 τῆς
534 2538 713 2627 ἡγεμονίας
731 2540 850 2619 αὐτοῖς.

398 2646 458 2706 ΕΚ
483 2647 572 2708 ΤΟΥ
588 2648 924 2709 ΠΑΝΗΓῬΡΙΚΟΤ,

264 2734 428 2821 Ἡγούμαι
450 2739 485 2804 δὲ
507 2752 575 2815 τοῖς
595 2740 775 2825 προγόνοις
796 2738 892 2826 ἡμῶν
908 2737 967 2824 οὐχ
987 2732 1087 2825 ἡττνν
1102 2743 1137 2806 ἐκ

189 2841 254 2899 τῶν
268 2835 440 2902 κινδύνων
456 2843 617 2921 τιμᾶσθαι
638 2836 853 2926 προσήκεινὴ
868 2848 936 2908 τῶν
952 2838 1064 2908 ἀλλων
1080 2835 1136 2905 εὖ·

189 2940 347 3016 εργεσιῶν
361 2947 403 3014 (p.
418 2950 462 3009 51,
476 2952 500 3011 s.
517 2950 564 3009 51)

189 3038 270 3109 μέχρι
287 3038 338 3091 τοῦ
455 3079 463 3115 ,

313 3134 367 3198 καὶ
381 3130 454 3198 τότε
470 3134 713 3217 προταχθέντες
726 3128 810 3213 ὑπὲρ
823 3128 981 3198 ἁπάντων
993 3138 1058 3198 νῦν
1074 3135 1137 3198 ἑτέ·
1155 3152 1204 3204 33ν

227 3254 299 3312 ροις
314 3227 517 3298 ἀκολουθεῖν
535 3229 805 3316 ἀναγκασθῶμεν
827 3245 869 3311 (p.
885 3243 928 3308 61,
944 3248 967 3307 s.
984 3244 1042 3307 99).

140 3340 176 3394 00
271 3328 362 3414 (κά.)
384 3333 466 3410 Περὶ
482 3332 545 3414 μὲν
565 3322 630 3396 οὖν
650 3334 708 3412 της
728 3324 916 3412 ἡγεμονίας,
940 3326 985 3405 ῶς
1002 3332 1136 3404 δικαίως

188 3422 296 3512 ἀνείη
317 3435 375 3513 τῆς
396 3430 543 3513 πόλεως,
565 3428 684 3516 ῥᾴδιον
699 3430 735 3493 ἐκ
750 3453 817 3494 τον
833 3432 1017 3513 εἰρημένων
1034 3452 1135 3493 κατα·

187 3536 316 3611 μαθεῖν.
338 3530 555 3618 ἐνθυμήθητε
578 3531 614 3596 δὲ
634 3524 718 3611 πρὸς
741 3523 827 3611 ὑμᾶς
848 3523 987 3609 αὐτοὺς,
1004 3532 1034 3593 εί
1047 3533 1135 3592 δοκῶ

186 3639 251 3701 τοῖς
260 3623 372 3710 λόγοις
385 3629 599 3710 διαφθείρειν
614 3622 694 3703 τούς
704 3627 888 3704 νεωτέρους
899 3621 982 3690 ἀλλά
989 3621 1037 3749 μὴ
1050 3648 1133 3705 προ-

958 3724 975 3771 8
