2859 4334
357 382 485 440 RATA
509 382 604 443 nm
623 382 906 445 ΣΟΦΙΣΤΩΝ.
1071 379 1112 445 81

600 597 663 663 18.

358 713 476 779 ΚΑΤΑ
502 711 609 780 ΤΩΝ
631 714 902 781 ΣΟΦΙΣΊῺΝ.

549 853 689 862 ο--

237 932 307 1009 (α’.)
323 926 378 1005 El
390 931 513 1011 πάντες
526 930 654 1017 ἤθελον
668 937 702 999 οί
713 934 887 1001 παιδεύειν
903 938 1108 1020 ἐπιχειρούν-
1125 954 1172 1009 291

152 1056 205 1107 τες
224 1029 338 1116 ύληθή
359 1035 467 1117 λέγειν
485 1035 540 1099 καὶ
554 1029 598 1118 μή
615 1037 746 1117 μείζους
762 1042 931 1102 ποιεῖσθαι
946 1032 1004 1113 τδς
1020 1032 1107 1103 ύπο-

151 1131 279 1215 σχέσεις
293 1120 343 1196 ὦν
357 1130 502 1216 ἤμελλον
516 1133 691 1205 ἐπιτελεῖν,
717 1130 780 1199 ούκ
795 1128 839 1199 δν
855 1140 965 1212 κακῶς
980 1132 1108 1222 ἤκουον

150 1226 217 1295 ὑπὸ
234 1235 303 1295 τῶν
323 1233 481 1296 ἰδιωτῶν·
504 1236 570 1297 νῦν
590 1226 620 1296 δ’
636 1235 672 1298 οί
688 1238 874 1316 τολμῶντες
894 1237 969 1299 λίαν
990 1230 1106 1317 ἀπερι-

148 1332 299 1407 σκέπτως
332 1326 593 1409 ἀλαζονεύεσθαι
626 1331 847 1415 πεποιήκασιν
879 1328 963 1397 ὥστε
994 1334 1106 1397 δοκεῖν

149 1426 292 1513 ἄμεινον
303 1428 528 1515 βουλεύεσθαι
539 1427 618 1507 τούς
629 1432 798 1516 ῥᾳθυμεῖν
806 1433 1028 1515 αἱρουμένους
1038 1436 1106 1497 τῶν

150 1529 229 1609 περὶ
243 1524 306 1611 τήν
320 1535 527 1612 φιλοσοφίαν
536 1527 786 1615 διατριβόντων.
1121 1552 1137 1603 b

239 1626 313 1713 (β’.)
327 1634 384 1705 Τίς
395 1626 461 1713 γὰρ
472 1624 535 1694 οὐκ
547 1622 590 1693 οἶν
601 1628 773 1713 μισήσειεν
787 1623 854 1710 ἅμα
870 1627 923 1693 καλ
936 1652 1106 1711 καταφρο-

148 1723 266 1811 νήσειε
277 1727 484 1811 πρῶτονμὲν
496 1732 564 1792 τοῖν
575 1729 650 1809 περὶ
660 1724 719 1803 τὰς
730 1730 840 1810 ἔριδας
852 1725 1105 1812 διατριβόντων,

148 1832 186 1891 οἳ
194 1832 458 1906 προσποιοῦνται
470 1822 772 1911 μὲντήνύλήθειαν
780 1831 895 1911 ζητεῖν,
908 1821 1014 1903 εύθύς
1025 1822 1057 1891 δ’
1070 1828 1106 1892 ἐν

152 1922 241 2012 ἀρχῇ
255 1933 323 1991 τῶν
337 1928 595 2010 ἐπαγγελμύτων
615 1929 723 2012 υευδή
741 1927 850 2010 λέγειν
865 1926 1105 2009 ἐπιχειροῦσιυς

119 2041 136 2091 2
152 2023 248 2110 οἶμαι
258 2022 322 2108 γὰρ
334 2024 460 2092 ἅπασιν
470 2024 553 2091 εἶναι
561 2022 723 2110 φανερὰν,
736 2022 787 2091 ὅτι
796 2022 835 2091 τύ
847 2026 1009 2111 μέλλοντα
1020 2047 1106 2109 προ-

149 2122 466 2209 γιγνύσκεινούτῆς
474 2120 633 2209 ἡμετέρας
641 2124 776 2208 φύσεώς
784 2126 884 2208 ἐστιν,
892 2120 976 2192 ἄλλα
985 2131 1106 2189 τοσού-

151 2248 213 2290 τον
223 2218 389 2306 ἀπέχομεν
399 2222 521 2308 ταύτης
535 2230 593 2308 τῆς
608 2224 815 2309 φρονήσεως,
832 2220 918 2289 ὥσθ’
927 2217 1104 2308 ’Όμηροςδ

150 2327 311 2407 μεγίστην
323 2323 375 2387 ἐπὶ
387 2327 489 2409 σοφίᾳ
503 2321 604 2402 δόξαν
614 2320 758 2408 είληφύς
770 2326 824 2390 καλ
839 2320 917 2401 τούς
927 2320 1033 2400 θεούς
1043 2346 1104 2389 πε-

150 2427 293 2505 ποίηκεν
309 2426 398 2487 ἔστιν
410 2418 465 2488 ὅτε
479 2426 747 2508 βουλευομένους
757 2420 842 2505 ὑπὲρ
854 2420 977 2506 αὐτῶν,
989 2418 1033 2488 ού
1042 2418 1105 2508 τήν
1119 2460 1135 2497 0

151 2518 540 2605 έκείνωνμυύμηνείδιδς
549 2518 623 2589 ἀλλ’
636 2519 715 2607 ἡμῖν
723 2525 934 2601 ἐνδείξασθαι
940 2521 1105 2608 βουλόμε-

150 2644 222 2699 νος,
234 2616 284 2684 ὅτι
295 2631 363 2695 τοῖς
374 2616 569 2700 ἀνθρώποις
579 2622 617 2686 ἓν
627 2627 726 2687 τοῦτο
737 2628 805 2686 τῶν
817 2618 994 2688 ἀδυνάτων
1004 2624 1102 2689 ἐστίν.

119 2733 137 2787 ³
152 2717 228 2801 (γ’.)
240 2708 345 2783 Οὗτοι
355 2722 473 2784 τοίνυν
485 2723 530 2795 είς
545 2724 643 2784 τούτο
655 2717 778 2805 τόλμης
789 2720 1005 2805 ἐληλύθασιν,
1021 2716 1104 2785 ὥστε

153 2823 335 2900 πειρῶνται
347 2821 480 2883 πείθειν
489 2815 570 2895 τούς
580 2822 772 2902 νεωτέρους,
786 2816 831 2896 ὡς
841 2813 885 2904 ἢν
896 2816 1008 2897 αὐτοῖς
1019 2826 1102 2904 πλη-

153 2916 323 2998 σιύζωσιν,
335 2913 357 2980 ἅ
371 2942 405 2981 τε
417 2919 584 2998 πρακτέου
595 2919 683 2985 ἐστίν
694 2928 840 2985 είσονται
851 2920 906 2985 καλ
917 2916 972 2984 διὰ
983 2918 1104 3003 ταύτης

153 3022 211 3101 τῆς
219 3014 398 3100 ἐπιστήμης
409 3012 604 3101 εὐδαίμονες
610 3018 818 3102 γενήσονται.
832 3019 887 3084 καλ
898 3018 1116 3104 τηλικούτων*

153 3110 1104 3206 ἀγαθῶραὺτούςδιδασκύλουςκαλκυρίουςπαταστήσαυ-

152 3236 205 3289 τες
213 3208 496 3303 ούκῇμίσχύνονται
509 3208 785 3299 τρεῑςήτέτταρας
793 3220 878 3298 μνᾶς
884 3211 969 3300 ύπλρ
975 3215 1104 3283 τούτων
1115 3245 1131 3301 d

121 3314 336 3387 λαίτούντες·
360 3306 433 3377 ἀλλ’
450 3315 481 3377 εί
498 3315 559 3396 μέν
574 3338 605 3378 τι
620 3319 689 3378 τῶν
703 3310 816 3379 ἄλλων
833 3313 1008 3399 κτημάτων
1021 3322 1104 3381 πολ-

150 3413 275 3473 λοστοῦ
289 3413 410 3490 μέρους
424 3415 481 3526 της
498 3409 589 3488 ἀξίας
604 3410 774 3495 ἐπώλουν,
798 3408 861 3479 ούιι
876 3405 920 3478 δν
934 3410 1104 3499 ἠμφισβή-

151 3521 256 3586 τησαν
276 3499 321 3582 ύς
332 3499 419 3592 [ούιι]
427 3530 466 3600 ευ
473 3516 680 3593 φρονοῦντες
690 3511 906 3597 τυγχάνουσι,
926 3511 1103 3598 σύμπασαν

152 3600 186 3666 δὲ
203 3597 266 3685 τήν
278 3600 405 3689 ’ἀρετήν
420 3610 475 3675 καλ
491 3606 554 3695 τήν
569 3606 786 3695 εὐδαιμονίαν
800 3607 908 3689 οὕτως
922 3606 1037 3694 ὀλίγον
1052 3636 1101 3676 τι-

235 3712 389 3752 ιεοοειιιτιε.
411 3700 443 3756 ΙΙ.
947 3709 965 3763 6
