2859 4334
279 393 340 455 134
564 396 748 455 ΙΣΟΚΡΑ
759 394 888 452 ΤΟΤΣ
904 398 948 463 (6)

276 557 339 641 μὲν
358 552 421 643 ήδη
443 555 641 641 Μεσσήνης,
668 556 979 639 προεξαμαρτόντας
1006 558 1042 623 δὲ
1069 552 1162 623 τοῦτ’
1188 563 1235 636 είς

277 653 364 743 ὑμᾶς
378 652 501 733 αὐτοὺς
516 650 635 741 σχεδόν
652 654 780 720 καὶτοῦ
794 655 1025 739 συμφέροντος
1039 655 1168 723 καὶτοῦ
1182 658 1236 723 δι-
1254 666 1275 721 δ

277 761 374 823 καίου
395 753 535 821 καὶτῶν
555 750 666 819 ἀλλων
680 746 841 818 ἁπάντων
863 743 911 819 ῶν
930 757 1138 840 προσδοκᾶτε
1160 757 1235 821 δια-

229 870 262 921 89
275 863 422 938 μαρτεῑν.
456 854 510 917 καὶ
526 846 591 937 γάρ
608 845 687 915 οὐδὲ
701 846 802 915 τοῦτό
820 872 873 915 πω
893 850 1044 935 φανερόν
1062 853 1169 937 ἐστιν,
1190 847 1236 931 ῶς

276 944 320 1015 ἀν
335 948 527 1035 ποιήσωμεν
543 944 583 1014 τά
599 943 818 1031 κελευόμενα,
834 953 977 1033 βεβαίως
990 944 1053 1035 ήδη
1067 944 1129 1036 τήν
1144 948 1236 1035 εἰρή-

275 1074 342 1135 νην
356 1044 487 1134 ἄξομεν.
512 1045 603 1133 οἶμαι
618 1044 684 1133 γάρ
703 1042 791 1131 ὑμᾶς
806 1042 869 1113 οάκ
885 1044 1033 1135 ἀγνοεῖν,
1048 1046 1100 1117 ὅτι
1111 1048 1235 1127 πάντες

276 1146 416 1215 είῶθασι
429 1144 513 1233 πρδς
522 1148 585 1233 μὲν
595 1143 674 1224 τούς
685 1142 920 1233 ἀμυνομένους
930 1150 1006 1235 περὶ
1017 1175 1085 1216 τον
1096 1154 1237 1219 δικαίων

276 1247 508 1332 διαλέγεσθαι,
530 1258 598 1325 τοίς
614 1246 650 1313 δέ
670 1251 748 1312 λίαν
764 1246 900 1332 ἑτοίμως
919 1252 1055 1314 ποιοῦσι
1074 1244 1112 1314 τό
1127 1266 1235 1335 προσ-

274 1342 478 1429 ταττόμενον
492 1341 544 1411 ἀεὶ
558 1350 661 1412 πλείω
678 1342 961 1429 προσεπιβάλλειν
980 1338 1030 1423 οἷς
1049 1341 1094 1411 ἀν
1116 1348 1149 1426 ἐξ
1172 1342 1236 1429 ἀρ-

274 1448 333 1529 χῆς
344 1446 574 1528 διανοηθεῖσιν
581 1492 590 1525 ,
608 1438 691 1509 ῶστε
706 1447 906 1527 συμβαίνειν
917 1449 1088 1529 βελτίονος
1100 1444 1236 1530 εἰρήνης
1247 1476 1265 1511 e

273 1542 453 1629 τυγχάνειν
472 1538 551 1620 τοὺς
566 1545 755 1625 πολεμικῶς
774 1542 1005 1626 διακειμένους
1025 1550 1094 1609 τῶν
1110 1546 1235 1631 ῥᾳδίως

273 1637 332 1720 τάς
346 1637 525 1727 ὁμολογίας
539 1643 761 1725 ποιουμένων.

229 1760 263 1811 40
361 1737 440 1822 (ιε’.)
458 1735 530 1807 Ἵνα
551 1738 587 1806 δὲ
601 1736 645 1825 μή
662 1742 751 1805 δοκῶ
772 1740 848 1824 περὶ
862 1744 966 1805 ταῦτα
987 1736 1096 1807 πολύν
1109 1738 1235 1826 χρόνον

275 1830 476 1922 διάτρίβειν,
491 1832 652 1903 ἀπάντων
666 1842 736 1905 τῶν
748 1834 912 1904 τοιούτων
928 1832 1095 1923 ἀφέμενος
1108 1839 1161 1906 ἐπὶ
1174 1834 1235 1906 τόν

275 1932 510 2003 ἁπλούστατον
529 1933 593 2022 ήδη
614 1938 776 2022 τρέψομαι
792 1942 860 2003 τῶν
882 1936 1003 2023 λόγων.
1037 1942 1068 2005 εί
1086 1932 1235 2023 μὲνγὰρ
1255 1951 1305 2002 12⁴

273 2034 413 2121 μηδένες
421 2031 554 2101 πῶποτε
564 2041 632 2103 τῶν
642 2036 924 2123 δυστυχησάντων
933 2033 1100 2123 ἀνέλαβον
1110 2032 1236 2115 αότοδς

272 2129 352 2221 μηδ’
370 2132 599 2219 ἐπεκράτησαν
608 2142 677 2203 τῶν
690 2138 839 2221 ἐχθρῶν,
858 2131 932 2201 οὐδ’
944 2132 1031 2221 ἡμᾶς
1042 2131 1130 2215 είκδς
1141 2137 1235 2203 έλπί-

274 2235 342 2311 ζειν
356 2229 636 2316 περιγενήσεσθαι
653 2237 890 2316 πολεμοῦντας.
914 2238 945 2300 εί
956 2234 992 2301 δέ
1002 2234 1163 2313 πολλάκις
1177 2237 1234 2319 γέ-

274 2354 377 2417 γονεν
392 2326 476 2396 ῶστε
490 2329 639 2410 καὶτοὺς
653 2336 751 2417 μείζω
772 2330 919 2418 δύναμιν
935 2339 1069 2419 ἔχοντας
1083 2331 1150 2403 ὑπὸ
1165 2341 1234 2403 τῶν

273 2425 529 2512 ἀσθενεστέρων
549 2436 760 2516 κρατηθῆναι
784 2434 840 2499 καὶ
865 2430 945 2511 τούς
968 2440 1233 2520 πολιορκοῦντας

272 2524 339 2597 ὑπὸ
360 2534 429 2596 τῶν
448 2533 757 2617 κατακεκλειμένων
775 2536 1022 2619 διαφθαρῆναι,
1044 2541 1079 2601 τί
1095 2543 1232 2617 θαυμα-

273 2625 370 2707 στόν,
392 2633 424 2697 εί
442 2628 497 2696 καὶ
519 2625 559 2696 τά
586 2636 652 2696 νῦν
673 2637 867 2699 καθεστῶτα
887 2631 1028 2718 λήψεταί
1040 2658 1115 2700 τινα
1129 2628 1232 2717 μετά-

273 2746 407 2811 στάσιας

224 2848 259 2899 41
356 2826 437 2913 (ις’.)
450 2825 520 2895 Ἐπὶ
533 2828 596 2915 μὲν
608 2822 672 2896 οὖν
682 2836 740 2915 τῆς
749 2825 911 2917 ἡμετέρας
920 2830 1049 2910 πόλεως
1060 2826 1162 2899 οὐδὲν
1171 2837 1263 2917 ίηωο

270 2929 424 2991 τοιοῦτον
437 2931 559 2994 εἰπεῖν·
582 2928 620 2993 έν
631 2924 695 3013 γάρ
708 2941 777 3007 τοῖς
787 2931 939 2997 ἐπέκεινα
949 2929 1085 3017 χρόνοις
1095 2926 1233 3010 οὐδένες

270 3018 405 3088 πώποτε
424 3030 594 3106 κρείττους
615 3022 711 3111 ἡμῶν
730 3031 776 3105 είς
794 3026 921 3114 ταύτην
943 3026 1006 3114 τήν
1028 3027 1142 3116 χῶραν
1162 3035 1231 3097 είσ-

270 3123 408 3205 έβαλον·
435 3122 488 3188 έπλ
506 3125 542 3190 δὲ
558 3130 626 3191 τῶν
641 3123 754 3193 ἀλλων
771 3134 905 3206 πολλοῖς
926 3125 969 3196 ἀν
984 3156 1034 3207 τις
1047 3133 1230 3216 παραδείγ-

267 3236 347 3304 μασι
362 3219 537 3308 χρήσαιτο,
553 3224 608 3291 καὶ
622 3222 755 3309 μάλιστ’
772 3227 825 3295 iul
839 3233 897 3313 τῆς
913 3227 1042 3307 πόλεως
1055 3236 1113 3316 τῆς
1127 3225 1230 3315 Ἀθη-

224 3335 257 3383 ιε
268 3324 383 3385 ναίων.
406 3319 548 3399 τούτους
561 3319 625 3407 γάρ
640 3318 827 3409 εὑρήσομεν
842 3327 875 3403 έξ
890 3316 939 3393 ῶν
954 3328 1016 3413 μὲν
1032 3341 1100 3405 τοῖς
1114 3324 1229 3403 ἄλλοις

268 3419 508 3503 προσέταττον,
531 3417 614 3502 πρὸς
634 3419 889 3508 τούςἝλληνας
912 3427 1172 3511 διαβληθέντας,
1194 3426 1229 3505 ἐξ

269 3539 318 3581 ων
329 3516 365 3582 δὲ
375 3515 455 3595 τοὺς
464 3516 659 3604 ὑβρίζοντας
669 3518 859 3609 ήμάναντο,
872 3522 962 3609 παρά
974 3530 1077 3592 πᾶσιν
1088 3522 1227 3611 ἀνθρά-

267 3638 343 3693 ποις
357 3612 650 3702 εὐδοκιμήσαντας.
675 3618 754 3701 τούς
767 3621 830 3708 μέν
846 3615 910 3689 οὖν
924 3620 1090 3702 παλαιούς
1106 3624 1255 3690 κινδύ-ε
