2859 4334
259 369 346 445 L'vm
627 396 895 448 6110662612.

259 527 311 585 δῦο
329 527 438 594 τοῦτοις
461 509 628 599 κεφαλαίοις
646 526 875 618 66666'666666''
857 552 873 586 6
896 550 926 587 τε
945 527 1095 617 ἐπιτάφιος
1115 526 1199 616 λόγος
1221 530 1276 584 καὶ

258 621 290 656 66
281 597 453 672 ’ἐγκάμιον,
468 598 597 656 ἐνταῦθα
611 599 643 657 δέ
658 604 768 686 παρῆκε
782 622 818 656 τα
807 598 885 656 δῦο
899 599 1058 688 κεφάλριια;
1077 603 1127 655 καλ
1127 599 1275 693 λέγομεν,

258 666 303 760 666
321 675 455 758 φαίνεται
474 669 505 727 ἐκ
521 673 624 727 πολλοῦ
638 674 689 728 τοῦ
690 669 806 757 χρόνον
819 669 1024 759 τετελευτηκώς
1037 667 1200 740 Εῦαγόρας’
1220 672 1276 726 καὶ

258 736 447 830 δἸσοκράτης
464 744 518 796 νῦν
520 742 652 834 πέμψας
670 741 719 798 τὸν
737 740 821 830 λόγον
841 740 912 828 μετά
930 740 1002 798 πολῦ
1021 763 1071 798 του
1056 740 1199 798 ἐκείνου
1212 747 1274 796 θα-

259 810 358 883 νάσου,
383 809 491 868 ἄτοπον
513 809 608 900 ἡγεῖτο
626 811 833 899 θρηνητικὸν
834 810 944 868 τάττειν
969 809 1061 868 καλ’
1042 810 1275 902 αναμιμνήσκειν

258 885 313 938 τῦν
326 857 443 954 θρήνων
461 885 517 938 τῶν
536 879 708 970 ὀφειλόντων
728 886 841 970 προτοῦ
851 886 991 970 λεχθῆναι
1002 904 1070 969 παρ
1106 904 1195 939 αυτον
1219 904 1275 938 τον

258 952 395 1009 θάνατον.
429 954 467 1008 EI
479 953 512 1010 δέ
525 975 567 1017 τις
581 950 702 1025 είποι,”
683 975 738 1026 οτι,
756 955 785 1010 εἰ
796 951 845 1010 διά
859 951 965 1024 ταῦτην
978 951 1030 1024 τήν
1048 954 1143 1010 αἰτίαν
1156 957 1273 1042 παρῆκε

257 1023 288 1080 τὸ
307 1021 490 1111 θρηνητικὸν,
509 1023 557 1080 διά
575 1029 606 1080 τί
623 1026 673 1081 καλ
691 999 738 1082 έν
742 1027 781 1110 τῷ
798 1025 873 1081 τέλει
886 1023 983 1094 ἐξέστη
997 1045 1048 1080 του
1037 1023 1196 1082 ἐἰπεῖν’
1168 1046 1200 1081 το
1214 1045 1274 1081 πα-

260 1092 468 1176 ραμνθητικόν;
482 1091 642 1166 λέγομεν,”
625 1117 705 1185 οτι,ε
708 1082 816 1152 ίτοῦτο
830 1093 965 1166 ἐπήγαγε,
980 1094 1017 1166 μή
1031 1115 1179 1166 προηγησα
1202 1095 1272 1152 ένου

257 1186 308 1221 666
326 1169 515 1237 θρηνητικοῦ,
540 1167 581 1222 ἔτι
603 1166 689 1222 πλεον
712 1163 898 1257 ἀκαιρότερον
922 1140 1018 1224 ἐδόκει
1041 1175 1142 1223 ποιεῖν.
1227 1173 1274 1222 θα

257 1233 311 1307 γάρ
330 1237 385 1292 εἰσι
401 1238 515 1307 θρήνυι,
534 1235 599 1294 ἐκει
612 1234 742 1324 ὀφείλει
742 1238 792 1292 καλ
809 1235 1052 1329 ήπαραμυθία
1028 1237 1225 1306 παρέπεσθαι
1245 1239 1276 1294 εἰ

257 1305 289 1362 δέ
309 1307 419 1377 μηδένα
438 1281 636 1396 ἐθρηνήσαμεν
655 1311 693 1383 τῷ
711 1305 794 1397 λόγρρ,
812 1329 884 1377 υπερ
902 1313 979 1371 τίνος
1001 1305 1153 1395 ἐμέλλομεν
1177 1329 1270 1396 παρα-

257 1382 416 1464 μνθεισθαι
439 1379 505 1442 τοῦς
528 1382 566 1454 τῷ
591 1378 670 1470 γένει
694 1377 902 1468 προσήκοντας,
921 1375 1002 1436 Ὥστε
1028 1371 1080 1434 οῦν
1105 1377 1267 1435 δῦναται
1253 1401 1271 1436 ο

257 1445 338 1536 λόγος
361 1449 411 1504 καλ
426 1437 591 1536 Ἐπιτάφιος
614 1449 794 1538 λέγεσθαι
772 1451 822 1505 καλ
837 1446 1007 1538 Ἐγκρόμιον·
1013 1445 1189 1539 Ἐπιιτάφιρς
1207 1449 1271 1536 μὲν,

257 1517 332 1576 διότι
350 1518 436 1583 εἰς’
408 1541 457 1574 τον
471 1526 689 1607 τετελευτηκοτα
697 1517 850 1607 Εὐαγόραν
868 1519 975 1609 γράφει
991 1517 1041 1576 τόν
1055 1517 1148 1592 λόγον,
1164 1517 1271 1592 Ἐγκιό-

257 1610 321 1678 μιον
366 1591 408 1662 66,
441 1589 513 1646 διότι
540 1595 653 1678 παρήκε
686 1589 722 1646 τά
754 1589 806 1646 δύο
834 1591 978 1679 κεφάλαια
1009 1593 1061 1647 τοῦ
1096 1596 1270 1682 Επιταφίου.

257 1661 381 1752 Ένίκησε
401 1635 449 1718 δέ
481 1658 568 1718 αῦτόν
605 1660 655 1718 τόν
687 1660 771 1749 λόγον
796 1658 952 1749 Ἐγκιόμιον
983 1665 1089 1733 μᾶλλον
1124 1661 1270 1750 λέγεσθαι.

257 1732 356 1788 Ἰστέον
362 1731 425 1819 66,
450 1729 487 1795 ὡς
509 1727 555 1788 ὅτι
576 1732 640 1787 ἀντὶ
658 1734 714 1788 τῦυ
734 1731 787 1789 δῦο
805 1730 912 1789 τοῦτον
931 1733 1130 1822 κεφαλαίιον”
1115 1754 1197 1825 ετερα
1217 1732 1270 1826 δῦρ

257 1776 454 1891 άντειοήγαγε,
469 1799 501 1858 τό
520 1823 549 1858 τε
565 1806 658 1870 τρίτον
671 1798 867 1890 προοίμιρν,”
849 1824 921 1875 οπερ
936 1801 988 1860 οῦκ
1003 1801 1123 1891 ἐστιν
1093 1812 1190 1891 ευρεῑν
1204 1805 1271 1894 περὶ

258 1871 410 1944 ἐγκώμιον,
436 1871 473 1936 ῦς
497 1877 675 1943 προείρηται,
700 1874 750 1928 καλ
774 1872 806 1928 τό
830 1871 1043 1944 παραινετικόν.
1079 1877 1138 1930 Καὶ
1160 1873 1192 1930 τὸ
1200 1875 1271 1964 μὲν

256 1949 437 2029 προσθεῖναι
448 1947 541 2013 τρίτον
554 1936 756 2032 πρροίμιρν
738 1965 774 2014 ην
798 1941 862 1999 άντλ
884 1947 936 2000 τοῦ
958 1948 1148 2030 θρηνητικοῦ·
1178 1943 1211 2001 66
1237 1944 1270 2001 δέ

257 2010 459 2099 παραινετικόν
478 2011 510 2070 ἐν
528 2017 566 2070 τά
585 2014 659 2070 τέλει
677 2012 742 2070 άντδ
759 2019 810 2071 τοῦ
828 2018 1082 2101 παραμυθητικοῦ·
1101 2008 1174 2072 ἐν
1153 2039 1175 2091 ῳ
1191 2013 1269 2090 αῦτφ

257 2093 399 2173 πριραινεί,
417 2079 462 2140 ότι
472 2072 696 2174 „⁹0666666„
664 2108 685 2141 6
706 2083 870 2154 Νικόκλεις,
890 2083 1068 2157 μιμήσασθαι
1084 2085 1136 2150 τὰς
1153 2073 1271 2175 πράξεις

257 2153 308 2219 τάς
325 2158 375 2248 τοῦ
394 2153 507 2241 πατρὸς,
526 2177 561 2218 ας
578 2177 632 2211 νυν
651 2154 808 2246 διήλθομεν
827 2129 870 2212 ἐν
872 2177 910 2230 τῳ
897 2155 1074 2245 ’ἐπιταφίιμ
1077 2160 1094 2187 “
1114 2156 1171 2214 Διά
1185 2161 1269 2214 τοῦτο

256 2224 311 2296 γάρ
330 2228 378 2280 και
395 2224 427 2283 τό
446 2224 647 2314 παραινετικόν
666 2224 698 2283 έν
717 2229 756 2281 66
769 2226 844 2282 τέλει
858 2215 938 2293 ἐταξε
953 2227 1049 2283 ταδ’
1016 2249 1069 2315 ομκ
1084 2225 1116 2284 έν
1127 2231 1169 2315 τῇ
1184 2225 1269 2301 άργή,

259 2295 358 2384 ἐπειδὴ
379 2295 438 2352 ἔδει
455 2299 567 2384 πρῶτον
585 2283 799 2384 άποδειγθήναι
816 2299 867 2354 τοῦ
886 2297 992 2368 πατρὸς
1009 2297 1060 2362 τάς
1078 2297 1203 2370 προέξεις,
1220 2302 1269 2355 ίνα

257 2365 327 2439 πρός
344 2365 447 2430 ταῦτας
465 2363 582 2438 ῦστερον
601 2369 715 2441 δυνηθῇ
734 2364 811 2442 αῦτῷ
829 2376 981 2438 παραινειν
1001 2371 1110 2443 βιῶναι

495 2474 583 2529 orat.
602 2474 635 2529 X.
655 2475 794 2531 Helena.
814 2477 853 2546 (p
872 2478 1033 2546 ινδ-241.)

396 2566 598 2620 ΤΠΟΘΕΣΙΣ
613 2566 836 2620 ΑΝΩΝΤΜΟΤ
853 2569 1139 2623 ΓΡΑΜΜΑΤΙΚΟῬ.

330 2650 413 2715 Τινὲς
430 2650 573 2779 λέγουσιν,
593 2647 631 2715 ῦς
648 2645 695 2708 ῦτι
713 2648 809 2706 κάλ’
781 2672 831 2739 666
849 2649 936 2722 λόγον
953 2655 1055 2709 τοῦτον
1074 2653 1182 2742 ἔγραφε
1200 2652 1269 2725 πρός

259 2721 458 2816 Πολυκράτην,
482 2719 744 2811 ἐπιλαμβανόμενος
766 2719 856 2779 αῦτοῦ
879 2724 929 2778 καί
952 2720 984 2780 ἐν
1007 2721 1111 2798 τοῦτφ,
1134 2722 1187 2783 οῦκ
1211 2725 1268 2781 ἐστι

258 2793 304 2848 δέ·
323 2795 372 2848 και
389 2793 444 2880 γάρ
462 2791 494 2848 τό
513 2791 645 2850 ἐναντίον
647 2793 778 2881 συνέβη.
811 2790 921 2858 ἐκεῖνος
934 2792 989 2866 γάρ
1003 2769 1187 2882 Πολυκράτης
1205 2793 1268 2852 έπε-

256 2860 359 2950 λάβετο
377 2868 428 2920 τοῦ
445 2860 655 2932 Ἰσοκράτους
637 2885 674 2926 ως
692 2867 787 2927 κακῶς
804 2863 969 2953 γράψαντος
988 2863 1039 2921 τόν
1061 2864 1145 2937 λόγον
1158 2868 1267 2938 τοῦτον,

258 2930 351 3004 ὥσπερ
366 2931 477 2991 ἐκείνου
493 2933 647 3061 ἐπελάβετο
662 2931 694 2991 ἐν
707 2956 747 3007 τῳ
733 2937 913 3020 ’Βουσίριδι
941 2933 1011 2992 άλλά
1025 2940 1056 2992 τί
1066 2957 1118 2993 ουν
1133 2912 1267 3022 ἐροῦμεν,

257 3001 428 3092 λέγομεν,”
411 3026 456 3060 οτι
451 3009 596 3096 Γοργίρυ
620 2991 842 3094 ἐπιλαμβάνεται
860 3009 910 3062 τοῦ
929 3010 1097 3073 Λεοντίνου,
1116 3011 1168 3064 τοῦ
1187 3006 1265 3098 ἐνεγ-

258 3073 358 3139 κόντος
366 3073 426 3164 τὴν
444 3073 596 3146 ρητορικήν
615 3073 698 3139 είς
668 3096 721 3144 την
732 3073 899 3146 Ελλάδα,
881 3099 918 3140 ως
931 3081 1026 3141 κακῶς
1043 3077 1215 3168 γράψαντος,
1232 3078 1268 3142 ὡς

259 3147 308 3201 καί
338 3142 425 3210 αῦτός
455 3143 486 3203 έν
511 3155 569 3209 τοῖς
594 3148 783 3234 προοιμίοις
778 3145 897 3233 6626‘
883 3146 1054 3206 υποκατιάν.
1090 3149 1211 3223 (βέλτιον
1235 3150 1266 3206 66

258 3216 359 3304 λέγειν,
378 3213 471 3285 ὥσπερ
486 3213 501 3271 6
516 3214 655 3286 Μαχάων,
673 3237 719 3272 οτι
732 3215 802 3303 πρὸς
814 3213 1035 3306 Ἀναξιμένην
1006 3240 1058 3274 τον
1071 3219 1267 3312 Λαμψακηνόν

257 3285 370 3376 γάφει.
412 3287 530 3372 φέρεται
555 3287 587 3344 δὲ
614 3260 726 3343 ἐκείνου
744 3281 843 3376 λόγος,
858 3285 973 3376 Ἑλένης
1002 3285 1142 3377 άπολογιά
1152 3294 1267 3379 μάλλον

296 3377 330 3413 σα
349 3355 421 3428 ήπερ
440 3355 599 3444 ἐγκιόμιον.)
618 3355 774 3413 ἐπαινεῖ“
743 3379 796 3450 μεν
809 3356 865 3446 γάρ
879 3355 976 3448 αῦτόν,
994 3359 1072 3416 καθό
1091 3359 1213 3446 καλήν
1198 3360 1266 3417 666-

258 3434 341 3484 θεσιν
366 3432 511 3500 προείλετο
533 3426 670 3514 γράφειν,
693 3429 759 3498 περὶ
774 3425 900 3514 Ελένης
906 3404 1004 3516 ψέγει
1027 3430 1059 3487 δὲ
1087 3430 1135 3487 διά
1158 3435 1266 3488 πολλῶν

259 3497 290 3556 ἐν
308 3507 367 3562 τοις
385 3502 543 3585 προοιμίοις
562 3497 736 3587 φιλοσόφους
753 3496 846 3585 τινάς,
865 3497 931 3587 τοῦς
949 3498 993 3592 μή
1006 3499 1193 3592 αἷρουμένους
1210 3524 1264 3560 τοι-

258 3568 346 3633 αῦτας
368 3567 448 3634 τινάς
466 3569 555 3633 καλάς
573 3567 728 3632 ὑποθέσεις
745 3567 877 3640 γράφειν,
896 3567 945 3626 άλλ
979 3568 1111 3635 άπλῦς”
1091 3572 1185 3628 ατοπά
1203 3595 1264 3629 τινα

259 3643 306 3698 καί
330 3638 479 3711 παράδοξα
498 3641 595 3727 λέγειν
619 3637 846 3712 ἐπιχειροῦντας,
871 3639 1052 3714 μηδεμίαν
1034 3661 1134 3713 ονησιν
1157 3643 1264 3714 ἔχοντα,

259 3709 342 3768 άτινα
360 3713 409 3767 καὶ
428 3711 609 3781 διεξέρχεται.
