2859 4334
294 409 331 473 16
570 412 754 473 ΙΣΟΚΡΑ
764 412 966 479 Tortor·

289 573 363 655 περὶ
382 573 545 659 μειζόνων
566 576 621 641 καλ
641 570 830 640 καλλιόνων
849 565 871 657 ἢ
890 569 1005 641 ’κελνοι
1023 571 1103 653 τοῦς
1122 574 1250 662 λόγους

245 686 276 739 λλ
290 668 482 757 ἐποιούμην.
506 662 554 738 ῶν
570 668 671 739 οὐδέν
685 667 767 758 ἡμῖν
782 666 1001 758 ἀποβέβηκεν.
1033 679 1141 741 καίτοι
1156 671 1249 741 τάν-

287 796 340 847 τες
357 779 447 838 ίσασι
468 777 536 837 τῶν
557 770 618 856 μέν
640 768 794 859 ρητόρων
814 766 893 847 τοῦς
912 767 1056 849 πολλοῦς
1076 768 1139 858 ούχ
1158 770 1248 858 ὑπὲρ

287 876 355 936 τῶν
369 877 409 958 τῇ
424 869 518 939 πόλει
533 870 796 956 συμφερόντων,
819 866 893 937 ἀλλ’
911 868 995 957 ὑπὲρ
1012 864 1061 939 ῶν
1075 871 1171 941 αὐτοὶ
1183 874 1248 960 λή-

287 979 411 1050 ψεσθαι
426 974 652 1056 προσδοκῶσι,
679 973 881 1055 δημηγορεῖν
902 976 1109 1056 τολμῶντας,
1136 972 1190 1058 ἐμὲ
1208 974 1248 1041 δὲ

287 1070 343 1136 καὶ
363 1065 442 1146 τοῦς
463 1066 563 1155 έμοῦς
586 1066 627 1136 ού
651 1067 760 1154 μόνον
783 1074 850 1135 τῶν
871 1076 996 1153 κοινῶν
1020 1067 1280 1158 ἀπεχομένους·Ι

287 1175 415 1246 μᾶλλον
430 1176 497 1234 τῶν
512 1166 622 1236 ἀλλων
634 1165 718 1235 ἀλλά
729 1168 785 1235 καὶ
796 1173 864 1234 τῶν
878 1170 974 1234 ίδίων
986 1174 1031 1246 είς
1042 1166 1100 1247 τάς
1110 1177 1168 1257 τῆς
1178 1170 1249 1237 πό·

287 1280 368 1346 λεως
383 1275 492 1353 χρείας
510 1266 594 1352 ὑπὲρ
615 1265 677 1353 τήν
698 1266 845 1353 δύναμιν
865 1264 927 1352 τήν
948 1264 1110 1353 ἡμετέραν
1131 1266 1250 1337 αῦτῶν

243 1385 273 1440 13
287 1370 564 1453 δαπανωμένους,
583 1373 630 1435 ἔτι
646 1368 681 1434 δὲ
698 1364 775 1444 τοῦς
792 1367 854 1452 μὲν
869 1361 891 1451 ή
904 1371 1185 1454 λοιδορουμένους
1205 1372 1248 1437 ἐν

287 1481 356 1544 ταῖς
374 1468 560 1552 ἐκκλησίαις
578 1468 654 1549 περὶ
674 1466 944 1551 μεσεγγυήματος
961 1473 1077 1552 σφίσιν
1092 1464 1203 1546 αὐτοῖς
1222 1464 1247 1555 ἢ

288 1568 555 1651 λυμαινομένους
570 1563 647 1642 τούς
663 1567 857 1651 συμμάχους
871 1561 893 1652 ή
908 1573 976 1633 τῶν
990 1565 1120 1651 ἀλλων,
1142 1566 1182 1635 όν
1197 1564 1247 1634 ἀν

285 1674 425 1751 τύχωσι,
441 1671 754 1751 συκοφαντοῦντας,
771 1667 827 1752 ἐμὲ
841 1666 876 1733 δὲ
892 1673 958 1732 τῶν
970 1665 1080 1753 λόγων
1094 1665 1246 1756 ἡγεμόνα

285 1765 414 1850 τούτων
426 1768 650 1851 γεγενημένον
660 1772 728 1831 τῶν
740 1765 1029 1849 παρακαλούντων
1039 1764 1247 1852 τούςἝλλη-

286 1874 346 1941 νας
360 1866 415 1931 ἐπί
427 1890 462 1931 τε
476 1861 537 1950 τήν
555 1861 717 1951 ὁμόνοιαν
738 1861 799 1949 τήν
820 1863 903 1948 πρὸς
918 1862 1082 1951 ἀλλήλους
1105 1869 1160 1933 καὶ
1177 1864 1274 1951 τήνδ

242 1981 272 2034 λλ
286 1970 459 2046 στρατείαν
473 1961 534 2048 τήν
551 1965 603 2031 ἐπὶ
619 1962 697 2043 τοῦς
711 1964 920 2050 βαρβάρους,
936 1965 1073 2031 καὶτῶν
1088 1973 1246 2051 συμβου-

286 2063 453 2132 λευόντων
468 2059 624 2130 ἀποικίαν
639 2066 819 2149 ἐκπέμπειν
832 2069 929 2147 κοινή
946 2061 1072 2141 πάντας
1086 2062 1172 2151 ἡμᾶς
1187 2066 1244 2133 ἐπὶ

284 2161 451 2247 τοσαύτην
461 2163 573 2249 χῶραν
584 2165 638 2231 καὶ
649 2161 823 2248 τοιαύτην,
839 2163 914 2245 περὶ
926 2153 982 2247 ἧς,
997 2161 1070 2229 ὅσοι
1082 2189 1144 2248 περ
1155 2161 1244 2250 ἀκη-

285 2260 420 2343 κόασιν,
447 2259 670 2347 ὁμολογοῦσιν
683 2258 769 2347 ἡμᾶς
789 2258 819 2326 τ’
843 2266 873 2327 εί
886 2261 1165 2347 σωφρονήσαιμεν
1185 2267 1244 2332 καὶ

284 2367 498 2444 παυσαίμεθα
519 2358 678 2449 τής[πρδς
702 2358 879 2445 ἀλλήλους]
892 2367 1027 2443 μανίας,
1053 2363 1174 2445 ταχέως
1194 2357 1242 2429 ἀν

284 2459 366 2527 ἀνευ
378 2461 494 2527 πόνων
509 2464 562 2528 καί
582 2459 755 2528 κινδύνων
769 2473 944 2544 κατασχεῖν
961 2456 1084 2545 αῦτήν,
1107 2463 1242 2548 ἐκείνην

284 2586 318 2627 τε
330 2562 451 2647 ῥᾳδίως
462 2555 506 2625 ἀν
517 2557 664 2636 ἅπαντας
677 2562 836 2637 δέξασθαι
849 2554 927 2634 τοῦς
938 2560 1060 2637 ἐνδεεῖς
1071 2556 1167 2643 ήμῶν
1178 2559 1240 2627 ὄν-

283 2685 340 2736 τας
359 2665 426 2725 τῶν
443 2660 651 2744 ἐπιτηδείων·
686 2651 904 2741 ῶνπράξεις,
929 2663 958 2724 εἰ
977 2658 1099 2736 πάντες
1115 2666 1237 2727 συνελ-
1252 2689 1270 2723 ο

283 2758 404 2834 δόντες
423 2764 564 2843 ζητοῖεν,
586 2755 740 2826 οὐδέποτ’
758 2752 802 2823 ἀν
827 2756 958 2839 εὕροιεν
980 2764 1135 2835 καλλίους
1158 2754 1237 2825 οῦδὲ

282 2863 413 2943 μείζους
428 2856 507 2925 οὐδὲ
522 2866 649 2944 μᾶλλον
664 2856 790 2924 ἅπασιν
803 2854 884 2943 ἡμῖν
899 2857 1144 2941 συμφερούσας.
1225 2839 1279 2947 μδ,

239 2978 268 3029 15
369 2956 432 3036 (ς’.)
450 2954 535 3024 Ἀλλ’
549 2956 639 3045 ὅμως
653 2954 743 3024 οὕτω
754 2954 841 3023 πολύ
852 2962 892 3043 τῇ
903 2960 1034 3043 διανοίᾳ
1049 2956 1237 3025 διεστώτων

282 3052 378 3140 ἡμῶν
393 3056 446 3122 καὶ
461 3056 609 3145 τοσούτῳ
627 3058 892 3138 σπουδαιοτέραν
914 3056 997 3140 ἐμοῦ
1010 3059 1238 3142 πεποιημένου
1255 3079 1304 3132 23ε

281 3151 343 3240 τήν
358 3155 487 3234 αίρεσιν
507 3144 548 3221 ού
566 3159 700 3232 δικαίως
714 3158 748 3222 οί
759 3155 876 3221 πολλοὶ
892 3154 967 3239 περὶ
986 3150 1082 3239 ἡμῶν
1096 3152 1237 3243 ὑπειλή-

282 3274 387 3339 φασιν
409 3251 492 3322 ἀλλά
513 3260 709 3339 ταραχωδῶς
733 3256 787 3321 καί
808 3252 1021 3319 παντάπασιν
1042 3251 1234 3340 ἀλογίστως.

282 3359 350 3419 τῶν
364 3353 426 3438 μὲν
439 3351 503 3440 γάρ
519 3354 672 3441 ῥητόρων
690 3350 750 3419 τδν
770 3353 897 3436 τρόπον
914 3354 1073 3437 ψέγοντες
1090 3355 1235 3436 προστύ-

281 3477 338 3528 τας
352 3449 475 3531 αύτούς
493 3459 549 3538 τῆς
564 3454 691 3531 πόλεως
711 3459 887 3520 ποιοῦνται
901 3455 955 3519 καλ
970 3458 1110 3537 κυρίους
1124 3450 1236 3522 ἆπάν·

282 3576 348 3617 των
360 3558 569 3635 καθιστῶσιν,
582 3554 664 3637 ἐμοῦ
675 3552 713 3620 δὲ
722 3548 801 3629 τοῦς
812 3551 934 3636 λόγους
945 3553 1161 3631 ἐπαινοῦντες
1170 3549 1236 3621 αύ-

280 3653 326 3735 τῷ
340 3674 397 3734 μοι
408 3656 578 3735 φθονοῦσι
593 3647 638 3717 δι’
657 3647 758 3719 οὐδὲν
773 3652 887 3734 ἕτερον
900 3645 923 3736 ἢ
935 3650 989 3718 διὰ
1002 3650 1159 3737 τούτους,
1174 3648 1236 3730 οῦς
