2859 4334
414 432 529 489 ΠΕΡΙ
546 433 892 494 ΑΝΤΙΔΟΣΕΩΣ.
1067 429 1127 493 145

174 588 310 673 σάματα
333 587 395 675 τήν
415 589 684 678 παιδοτριβικήν,
704 584 744 678 ής
763 590 784 679 ή
804 589 1012 680 γυμναστική
1030 594 1129 679 μέρος

176 691 261 771 ἐστὶ,
277 692 353 773 περὶ
368 688 403 756 δὲ
419 687 477 767 τάς
495 688 601 776 ψυχάς
615 688 677 777 τήν
693 700 907 777 φιλοσοφίαν,
922 693 996 775 περὶ
1011 682 1050 776 ἧς
1064 690 1128 776 ἐγιδ

91 808 155 859 [ευ
173 790 284 872 μέλλω
304 797 473 855 ποιεῖσθαι
488 785 567 865 τούς
579 788 719 873 λόγους,
741 786 985 874 ἀντιστρόφους
999 790 1053 856 καί
1067 786 1128 855 σύ-

175 890 280 971 ζυγας,
297 887 351 952 καὶ
375 891 491 971 σφίσιν
512 883 626 965 αὐταῖς
646 883 930 974 ὁμολογουμένας,
959 885 1003 956 δι’
1029 880 1078 955 ὦν
1099 891 1132 955 οί

174 993 381 1070 προεστῶτες
395 982 507 1053 αὐτῶν
521 986 580 1065 τάς
593 1011 627 1053 τε
641 984 749 1071 ψυχάς
761 991 1011 1073 φρονιμωτέρας
1023 990 1078 1054 καί
1089 982 1129 1053 τά
1150 998 1184 1053 δν

174 1082 311 1169 στόματα
326 1085 554 1177 χρησιμώτερα
570 1086 890 1170 παρασκευάζουσιν,
905 1083 947 1153 ού
957 1083 1044 1155 πολύ
1057 1091 1130 1152 δια·

174 1183 378 1270 στησάμενοι
398 1182 456 1264 τάς
476 1192 626 1265 παιδείας
646 1183 705 1254 ἀπ’
730 1184 884 1274 άλλήλων
916 1185 999 1257 άλλά
1022 1214 1131 1272 παρα·

173 1290 327 1368 πλησίαις
353 1286 518 1371 χρεόμενοι
547 1290 601 1354 καί
629 1301 698 1364 ταῖς
726 1290 952 1365 διδασκαλίαις
980 1288 1034 1355 καὶ
1061 1300 1131 1363 ταῖς

94 1400 155 1453 lffl
175 1393 375 1467 γυμνασίαις
389 1388 445 1471 καὶ
458 1400 528 1465 ταῖς
543 1384 657 1465 άλλαις
672 1388 878 1471 ἐπιμελείαις.
914 1383 1050 1453 ἐπειδάν
1064 1382 1129 1471 γάρ

176 1482 304 1569 λάβωσι
324 1482 494 1569 μαθητάς,
518 1489 552 1552 οί
569 1486 632 1568 μὲν
646 1488 857 1570 παιδοτρίβαι
871 1482 912 1552 τά
928 1480 1075 1570 σχήματα
1091 1474 1130 1550 τά

175 1579 260 1664 πρὸς
287 1580 349 1668 τήν
376 1579 527 1669 άγωνίαν
553 1582 720 1669 εὑρημένα
740 1580 819 1661 τούς
834 1589 1019 1667 φοιτῶντας
1036 1583 1131 1648 διδά-

176 1700 332 1765 σκουσιν,
354 1685 389 1748 οί
407 1683 442 1749 δὲ
462 1685 536 1765 περὶ
557 1681 619 1768 τήν
641 1688 846 1767 φιλοσοφίαν
862 1682 954 1761 ὄντες
970 1679 1029 1761 τάς
1043 1683 1132 1759 ἰδέας

175 1777 323 1864 ἁπάσας,
346 1775 397 1858 αἷς
417 1777 435 1848 ὁ
457 1782 555 1866 λόγος
569 1780 726 1867 τυγχάνει
739 1780 923 1866 χριόμενος,
946 1783 1132 1867 διεξέρχον-

103 1896 158 1951 184
176 1907 229 1945 ται
253 1892 320 1956 τοῖς
341 1889 513 1967 μαθηταῖς.
548 1885 725 1966 ἐμπείρους
741 1885 776 1948 δὲ
791 1882 920 1948 τούτων
934 1882 1130 1968 ποιήσαντες

176 1980 232 2046 καὶ
251 1978 530 2065 διακριβύσαντες
555 1983 592 2047 ἐν
618 1980 749 2059 τούτοις
775 1980 877 2047 πάλιν
903 1978 1130 2066 γυμνάζουσιν
1180 2047 1183 2053 Δ

177 2074 301 2155 αύτούς
327 2079 382 2145 καὶ
406 2093 523 2146 πονεῖν
551 2082 698 2160 ἐθίζουσι
725 2082 778 2147 καὶ
802 2085 970 2163 συνείρειν
990 2076 1070 2146 καθ’
1094 2080 1130 2144 ἓν

179 2179 319 2246 ἕκαστον
334 2168 383 2245 άν
398 2184 527 2265 ἔμαθον
542 2176 798 2265 ἀναγκάζουσιν,
813 2180 869 2244 ἵνα
880 2184 983 2244 ταῦτα
994 2176 1130 2263 βεβαιό-

178 2302 277 2359 τερον
292 2278 479 2363 κατάσχωσι
492 2281 547 2347 καὶ
562 2287 628 2344 τῶν
643 2284 771 2361 καιρῶν
790 2279 956 2363 ἐγγυτέρω
978 2274 1129 2354 ταῑςδό-

178 2384 249 2457 ξαις
263 2378 435 2463 γένωνται.
450 2385 495 2464 τῷ
508 2376 647 2464 μὲνγὰρ
660 2381 782 2446 εἰδέναι
797 2384 990 2463 περιλαβεῖν
1005 2370 1130 2452 αὐτούς

180 2472 242 2559 ούχ
256 2468 331 2541 οίόν
345 2472 375 2540 τ’
391 2476 495 2543 ἐστίν·
519 2478 570 2541 ἐπι
585 2500 650 2560 γαρ
666 2498 827 2542 απαντων
842 2480 909 2541 τάν
925 2470 1129 2558 πραγμάτων

179 2572 401 2660 διαφεύγουσι
416 2570 474 2650 τάς
490 2571 668 2661 ἐπιστήμας
677 2598 688 2639 ·,
701 2577 735 2640 οί
744 2572 780 2639 δὲ
791 2569 932 2657 μάλιστα
947 2572 1126 2656 προσέχον-

177 2699 231 2752 τες
250 2671 311 2740 τδν
332 2679 417 2740 νοῦν
438 2674 493 2741 καλ
514 2672 696 2759 δυνάμενοι
717 2682 862 2756 θεωρεῖν
883 2668 919 2738 τδ
942 2678 1125 2757 συμβαῖνον
1165 2740 1168 2745 ,

112 2790 160 2843 185
184 2768 227 2851 άς
241 2773 295 2839 ἐπὶ
308 2766 345 2838 τδ
362 2769 450 2839 πολύ
464 2772 653 2850 πλειστάκις
667 2769 780 2838 αὐτῶν
794 2770 1027 2857 τυγχάνουσιν.
1050 2772 1124 2848 τοῦ·-

180 2895 240 2936 τον
262 2870 298 2936 δὲ
318 2866 379 2936 τδν
401 2869 529 2952 τρόπον
551 2869 807 2956 ἐπιμελούμενοι
833 2872 888 2947 καὶ
913 2866 1129 2943 παιδεύοντες

180 2970 275 3053 μέχρι
294 2967 357 3052 μὲν
371 2977 432 3035 τού
445 2972 603 3052 γενέσθαι
618 2974 769 3054 βελτίους
783 2964 908 3045 αύτούς
922 2962 1037 3033 αὑτῶν
1050 2962 1131 3043 τούς

180 3066 349 3155 μαθητάς,
366 3068 421 3136 καὶ
440 3078 532 3155 σχεῖν
556 3066 695 3153 άμεινον
721 3063 800 3144 τούς
819 3066 881 3151 μὲν
897 3062 956 3141 τάς
971 3068 1130 3147 διανοίας,

180 3164 260 3246 τούς
274 3166 310 3234 δὲ
324 3164 382 3245 τάς
399 3174 467 3234 τάν
483 3167 648 3253 σωμάτων
659 3169 751 3250 ἕξεις,
769 3161 951 3250 άμφότεροι
965 3162 1127 3245 δύνανται

180 3280 400 3352 προαγαγεῖν·
433 3271 565 3353 ἐκείνην
594 3268 631 3333 δὲ
658 3262 720 3350 τήν
752 3262 935 3349 ἐπιστήμην
959 3258 1128 3344 ούδέτεροι

181 3367 406 3451 τυγχάνουσιν
424 3373 569 3452 ἔχοντες,
593 3362 638 3434 δι’
663 3358 703 3452 ής
719 3360 763 3431 άν
783 3369 817 3432 οί
831 3359 894 3447 μὲν
908 3356 1056 3445 άθλήτάς
1071 3356 1130 3437 οὓς
1149 3378 1181 3434 93

182 3474 400 3552 βουληθεῖεν,
424 3470 457 3555 οί
475 3466 511 3534 δέ
525 3466 666 3553 ῥήτορας
680 3460 818 3542 ίκανοάς
840 3460 1025 3548 ποιήσαιεν,
1046 3456 1129 3546 άλλά

182 3566 282 3651 μέρος
293 3564 413 3649 μὲνάν
428 3592 459 3649 τι
468 3565 705 3652 συμβάλοιντο,
724 3561 761 3632 τδ
777 3558 810 3630 δ’
827 3559 909 3629 ὅλον
924 3565 960 3626 αί
969 3560 1129 3644 δυνάμεις

265 3773 418 3811 ιεουειτεε.
441 3758 470 3811 11.
903 3755 906 3759 ’
963 3761 993 3806 10
