2859 4334
465 379 594 438 ΠΡΟΣ
611 379 883 438 ΝΙΚΟΚΛΕΑ.
1111 379 1153 439 2³

142 557 171 610 λ]
189 539 277 609 ἀλλά
284 535 422 626 γάρούει
433 541 545 618 ἐντοῖς
556 535 671 624 λόγοις
681 537 744 624 χρή
756 539 969 632 τούτοις[των
977 542 1153 625 ἐπιτηδευ-

190 641 431 725 μάτωνΙζητετν
444 637 504 717 τάς
517 636 732 723 καινότητας,
758 639 797 705 ἐν
806 633 857 718 οἷς
870 635 950 705 οὔτε
960 635 1153 721 παράδοξον

190 735 265 806 οὔτ’
280 736 424 806 άπιστον
435 734 507 804 οὔτ’
521 740 583 818 ἔξω
593 743 663 804 τῶν
673 736 902 823 νομιζομένων
913 734 1016 806 οὐδὲν
1026 741 1154 818 δξεστιν

190 843 311 920 εἰπεῖν,
329 831 405 904 ἀλλ’
421 831 579 922 ἡγεῖσθαι
593 842 715 902 τοῦτον
728 838 955 922 χαριέστατον,
973 833 1011 917 δς
1025 830 1069 903 ἀν
1085 844 1153 902 τῶν

189 936 450 1020 διεσπαρμένων
465 936 587 1012 ἀκταῖς
600 940 669 1002 τῶν
684 932 798 1003 άλλων
815 938 979 1016 διανοίαις
996 933 1154 1020 ἀθροῖσαι

194 1039 340 1099 πλεῖστα
362 1033 499 1120 δυνηθῇ
524 1031 581 1100 καὶ
602 1031 732 1120 φράσαι
754 1032 915 1102 κάλλιστα
938 1036 1014 1118 περὶ
1028 1031 1179 1102 αὐτῶνθ

144 1150 174 1203 42
190 1135 262 1200 ἐπεὶ
274 1128 412 1199 κάκεῖνό
422 1156 480 1218 μοι
494 1132 666 1217 πρόδηλον
678 1125 734 1218 ήυ,
752 1131 805 1200 ὅτι
818 1133 860 1201 τά
875 1133 1153 1222 συμβουλεύοντα

188 1233 329 1297 καὶτῶν
342 1227 539 1316 ποιημάτων
552 1233 608 1297 ιιιά
618 1236 688 1297 τῶν
698 1233 971 1318 συγγραμμάτων
979 1234 1151 1320 χρησιμω-

187 1355 273 1396 τατα
283 1330 348 1415 μὲν
358 1325 503 1408 ἅπαντες
516 1333 719 1415 νομίζουσιν,
733 1327 777 1397 ού
786 1331 854 1417 μήν
864 1329 984 1418 ήδιστά
994 1328 1029 1417 γ’
1038 1328 1152 1398 αύτων

187 1426 390 1512 ἀκούουσιν,
405 1424 491 1496 ἀλλά
507 1428 723 1497 πεπόνθασιν
736 1426 820 1512 ὅπερ
833 1429 917 1513 πρὸς
931 1426 1010 1508 τούς
1024 1440 1152 1498 νουθε-

186 1533 351 1604 τούντας·
369 1527 426 1593 καὶ
437 1523 504 1612 γάρ
519 1527 669 1605 ἐκείνους
682 1528 858 1594 ἐπαινοῦσι
868 1527 942 1613 μὲν,
957 1526 1152 1613 πλησιάζειν

186 1626 225 1692 δὲ
245 1623 432 1710 βούλονται
451 1637 520 1702 τοις
546 1625 901 1710 συνεξαμαρτάνουσιν
924 1622 997 1694 ἀλλ’
1021 1621 1065 1692 ού
1084 1638 1153 1703 τοῖς

143 1741 173 1796 ω
187 1721 451 1806 ἀποτρέπουσιν.
476 1736 615 1809 σημεῖον
627 1719 658 1788 δ’
672 1719 716 1788 ἀν
725 1748 775 1801 τις
783 1723 960 1810 ποιήσαιτο
971 1721 1178 1810 τήνἩσιό-ε

186 1826 254 1889 δου
269 1822 327 1889 καὶ
344 1819 526 1908 Θεόγνιδος
543 1823 599 1889 καὶ
616 1825 821 1890 Φωκυλίδου
840 1826 993 1908 ποίησιν·
1013 1826 1069 1889 καί
1085 1820 1151 1908 γάρ

185 1922 333 1999 τούτους
349 1922 432 2006 φασδ
453 1921 516 2006 μὲν
536 1918 693 2004 ἀρίστους
712 1927 918 2007 γεγενῆσθαι
936 1919 1152 2009 συμβούλους

185 2027 232 2111 τῷ
245 2026 311 2109 βίω
322 2027 368 2110 τῷ
383 2025 452 2086 τῶν
466 2017 672 2104 ἀνθρώπων,
688 2025 793 2087 ταῦτα
802 2020 840 2087 δ)
849 2023 1003 2104 λέγοντες
1012 2023 1153 2104 αἱρούν-

187 2146 242 2188 ται
259 2123 512 2205 συνδιατρίβειν
521 2132 593 2196 ταῖς
603 2117 761 2204 ἀλλήλων
770 2114 900 2196 ἀνοίαις
909 2113 1072 2204 μάλλονή
1081 2133 1153 2198 ταῖς

142 2231 173 2285 λλ
189 2221 333 2286 ἐκείνων
352 2213 552 2304 ὑποθήκαις.
576 2221 625 2284 ἔτι
645 2213 677 2282 δ’
697 2225 732 2284 ελ
741 2242 792 2294 τις
807 2218 947 2296 ἐκλέξειε
966 2223 1036 2285 τῶν
1049 2242 1152 2301 προε-
1196 2289 1199 2295 ,

185 2317 322 2401 χόντων
332 2321 481 2402 ποιητῶν
491 2312 551 2394 τάς
561 2318 772 2400 καλουμένας
780 2313 927 2400 γνύμας,
939 2312 994 2400 ἐφ’
1004 2310 1056 2394 αἷς
1066 2318 1154 2384 ἐκελ-

187 2441 243 2484 νοι
257 2410 392 2503 μάλιστ’
410 2414 639 2499 ἐσπούδασαν,
664 2410 788 2500 ὁμοίως
802 2409 846 2480 ἀν
860 2417 916 2481 καὶ
931 2411 1016 2500 πρὸς
1028 2414 1152 2494 ταύτας

187 2519 394 2582 διατεθείεν·
416 2509 515 2597 ἥδιον
534 2511 600 2598 γάρ
623 2508 667 2578 ἀν
692 2515 868 2601 κωμωδίας
894 2517 953 2596 τῆς
976 2512 1180 2598 φανλοτά-(ὶ
1265 2584 1270 2596 .

186 2639 247 2700 της
270 2607 294 2697 ἢ
315 2637 384 2678 τιν
408 2608 498 2677 οὕτω
522 2617 680 2696 τεχνικῶς
699 2612 936 2696 πεποιημένων
957 2606 1148 2677 ἀκούσειαν.

142 2735 171 2787 ει)
186 2711 275 2800 (ιγ’.)
298 2713 365 2778 Καὶ
378 2715 414 2778 τί
424 2713 478 2778 δεῖ
488 2707 569 2800 καθ’
586 2713 624 2778 δν
639 2711 782 2778 ἕκαστον
795 2710 937 2795 λέγοντα
952 2713 1152 2797 διατρίβεινς

186 2812 276 2891 ὅλως
286 2808 353 2898 γάρ
368 2816 399 2878 εί
406 2807 579 2896 ’θέλοιμεν
589 2823 730 2878 σκοπεῖν
739 2807 799 2887 τάς
810 2808 930 2892 φύσεις
940 2803 1000 2885 τάς
1008 2814 1078 2876 των
1088 2806 1152 2877 ἀν-

185 2910 353 2996 θρώπων,
365 2905 555 2994 εὑρήσομεν
565 2905 646 2986 τούς
656 2904 803 2985 πολλούς
814 2904 928 2973 αύτων
934 2902 1013 2974 οὔτε
1022 2913 1092 2975 τῶν
1101 2927 1150 2974 σι-

187 3017 269 3076 τίων
281 3012 460 3092 χαίροντας
470 3018 539 3084 τοῖς
549 3003 792 3091 ὑγιεινοτάτοις
803 3001 881 3070 οὔτε
894 3009 963 3070 τῶν
977 3006 1152 3091 ἐπιτηδευ-

186 3107 305 3192 μάτων
318 3119 388 3184 τολς
403 3111 591 3182 καλλίστοις
606 3101 684 3172 οὔτε
698 3111 768 3171 τῶν
778 3102 986 3190 πραγμάτων
996 3117 1065 3184 τοῖς
1074 3113 1151 3192 βελ-

186 3212 309 3283 τίστοις
317 3203 471 3272 οὔτετῶν
479 3198 685 3289 θρεμμάτων
698 3215 769 3280 τοῖς
776 3198 1057 3289 ὠφελιμωτάτοις,
1068 3199 1153 3270 ἀλλά

186 3302 402 3371 παντάπασιν
413 3303 566 3382 ἐναντίοις
576 3309 622 3392 τῷ
632 3305 841 3387 συμφέροντι
851 3298 911 3379 τάς
919 3297 1045 3386 ἡδονάς
1056 3306 1179 3387 ἕχον-ε

185 3429 261 3487 τας,
282 3403 337 3468 καλ
352 3406 537 3480 δοκοῦντας
550 3396 769 3489 καρτερικους
779 3402 834 3466 καί
849 3399 1058 3486 φιλοπόνους
1069 3398 1155 3468 εἶναι

143 3514 173 3568 λλ
187 3497 270 3578 τούς
280 3505 349 3565 τῶν
361 3500 509 3566 δεόντων
521 3524 553 3566 τι
564 3505 762 3577 ποιοῦντας·
778 3496 863 3567 άστε
876 3507 949 3576 πῶς
962 3495 1005 3565 άν
1020 3525 1070 3578 τις
1083 3512 1153 3578 τοῖς

183 3599 353 3678 τοιούτοις
367 3595 390 3687 ή
408 3593 621 3685 παραινάνή
641 3598 811 3668 διδάσκων
827 3595 849 3685 ή
865 3597 1031 3687 χρήσιμόν
1047 3627 1080 3666 τι
1097 3603 1150 3669 λέ
