2859 4334
312 368 356 434 ω
577 372 902 431 monum
917 374 982 449 (14)

313 535 442 618 μένους
463 533 553 619 ὅμως
567 534 604 601 δὲ
617 534 793 617 πειρατέον
804 530 910 610 οὕτως
920 531 1011 611 ὅπως
1026 529 1070 599 ἀν
1082 534 1268 618 δυνώμεθα

289 630 472 717 ὅφανεράν
488 639 689 719 καταστῆσαι
707 630 769 717 τήν
784 632 913 698 τούτων
928 639 1150 718 παρανομίαν.
1172 630 1263 699 πολύ
1280 635 1295 687 d

315 732 352 798 δέ
365 728 498 813 μάλιστ’
515 729 788 815 ἀγανακτοῦμεν,
810 728 861 797 ὅτι
882 732 1046 797 τοσούτου
1061 733 1182 815 δέομεν
1196 738 1268 797 τοῖν

315 838 398 895 ἴσων
416 825 594 908 ἀξιοῦσθαι
615 843 683 906 τοῖς
704 824 1001 913 ἀλλοιςἜλλησιν,
1026 826 1104 895 ὥστ’
1133 828 1269 913 εἰρήνης

315 925 418 1012 οὔσης
433 928 487 996 καὶ
504 935 688 1013 συνθηκῶν
703 930 936 1013 γεγενημένων
948 926 1008 1013 ούχ
1020 926 1110 1005 ὅπως
1125 936 1182 1013 τής
1193 955 1268 995 κοι-

316 1032 377 1112 νῆς
393 1028 586 1110 ἐλευθερίας
600 1030 780 1112 μετέχομεν
789 1023 864 1094 ἀλλ’
877 1022 956 1093 οὐδὲ
968 1032 1121 1106 δουλείας
1133 1034 1269 1113 μετρίας

314 1138 427 1210 τυχεῖν
441 1120 642 1211 ήξιόθημεν.
1346 1184 1347 1199 ,

288 1238 305 1291 6
400 1225 474 1312 (δ.)
495 1222 646 1311 Δεόμεθ’
667 1216 733 1291 ούν
754 1222 866 1308 ὑμῶν,
894 1217 920 1291 ἀ
942 1223 1063 1310 ἀνδρες
1082 1224 1267 1311 Ἀθηναῖοι,

315 1322 388 1411 μετ’
410 1324 543 1403 εὐνοίας
557 1323 791 1410 ἀκροάσασθαι
807 1331 875 1391 τῶν
896 1328 1096 1410 λεγομένων,
1113 1330 1267 1412 ἐνθυμη-

316 1428 448 1504 θέντας,
465 1421 517 1491 ὅτι
530 1425 668 1491 πάντων
685 1420 729 1489 ἀν
745 1422 825 1509 ἡμῖν
840 1421 1054 1509 ἀλογώτατον
1073 1434 1123 1510 εἴη
1138 1432 1267 1513 συμβε-
1347 1410 1348 1435 ¹

317 1522 433 1613 βηκδς,
449 1530 479 1592 εί
493 1539 561 1602 τοῖς
574 1523 637 1609 μέν
651 1523 783 1592 ἅπαντα
794 1524 854 1592 τόν
865 1525 989 1610 χρόνον
1000 1528 1174 1609 δυσμενῶς
1183 1524 1294 1609 πρόςε

317 1623 378 1712 τήν
401 1626 500 1693 πόλιν
522 1623 619 1712 ὑμῶν
644 1629 863 1712 διακειμένοις
888 1634 986 1691 αἴτιοι
1007 1630 1192 1708 γεγένησθε
1212 1633 1272 1710 τῆς

318 1728 529 1808 ἐλευθερίας,
545 1720 639 1809 ἡμεῖς
654 1724 689 1791 δὲ
704 1722 783 1809 μηδ’
801 1724 1005 1799 ίκετεύουτες
1020 1720 1107 1806 ὑμᾶς
1121 1730 1189 1789 τῶν
1204 1721 1272 1790 αύ-

318 1829 386 1890 τῶν
399 1837 468 1901 τοῖς
482 1826 646 1907 ἐχθίστοις
660 1823 826 1907 τύχοιμεν.

290 1942 306 1996 7
406 1925 473 2007 (ε’.)
493 1929 577 2007 Περὶ
594 1926 656 2010 μέν
671 1918 736 1992 ούν
752 1932 820 1991 τῶν
841 1926 1073 2009 γεγενημένων
1088 1920 1149 1989 ούκ
1166 1922 1233 1989 οἶδ’
1253 1922 1273 1990 ὅ
1288 1930 1328 1983 λθδ

318 2051 348 2090 τι
364 2028 416 2090 δεῖ
427 2032 660 2109 μακρολογεῖν·
694 2030 743 2102 τίς
758 2021 823 2108 γὰρ
845 2020 907 2091 ούκ
930 2021 1036 2105 οἶδεν,
1061 2018 1111 2089 ὅτι
1126 2025 1181 2088 καὶ
1205 2022 1272 2108 τήν

318 2123 431 2208 χώραν
443 2121 539 2208 ἡμῶν
553 2128 834 2210 κατανενέμηνται
848 2126 901 2190 καὶ
916 2122 978 2209 τήν
992 2122 1091 2189 πόλιν
1104 2124 1272 2189 κατεσκά-

320 2242 443 2306 φασινς
467 2218 488 2286 ἀ
508 2223 544 2288 δὲ
562 2228 715 2307 λέγοντες
731 2224 918 2301 ἐλπίζουσιν
938 2219 1154 2307 ἐξαπατήσειν
1170 2217 1271 2303 ὑμᾶς,

321 2323 397 2399 περὶ
411 2321 540 2386 τούτων
557 2323 787 2407 πειρασόμεθα
803 2323 983 2388 διδάσκειν.

295 2432 314 2482 8
398 2417 469 2506 (ς’.)
484 2416 607 2489 ’λδνίοτε
624 2418 688 2507 μέν
704 2415 771 2504 γάρ
789 2419 989 2501 ἐπιχειροῦσι
1006 2418 1128 2502 λέγειν,
1147 2413 1192 2495 ὦς
1210 2420 1269 2485 διὰ

321 2519 604 2608 τοῦτοπρδςήμᾶς
619 2520 708 2588 οὕτω
723 2520 1013 2607 προσηνέχθησαν,
1028 2514 1077 2585 ὅτι
1088 2527 1271 2587 συντελεῖν

322 2620 686 2709 αύτοῖςούκήθέλομεν.
697 2619 829 2707 ύμεῖςδ’
839 2618 1271 2706 ἐνθυμεῖσθεπρώτονμὲυ,

322 2722 352 2783 εἰ
365 2715 495 2783 δίκαιόν
511 2718 600 2782 ἐστιν
615 2712 700 2795 ὑπὲρ
716 2716 921 2799 τηλικούτων
934 2716 1149 2800 ἐγκλημάτων
1163 2713 1300 2793 ούτωςο

323 2811 470 2897 ἀνόμους
486 2815 539 2878 καὶ
556 2810 668 2890 δειυάς
682 2823 851 2879 ποιεῖσθαι
865 2812 924 2891 τάς
936 2822 1104 2899 τιμωρίας,
1120 2811 1226 2881 ἔπειτ’
1247 2820 1279 2881 εί

323 2910 506 2995 προσήκειν
520 2908 602 2997 ὑμῖν
620 2916 714 2979 δοκεῖ
727 2909 772 2997 μή
787 2922 985 2979 πεισθεῖσαν
1001 2909 1063 2998 τήν
1077 2919 1276 2979 Πλαταιέων

324 3010 424 3077 πόλιν
438 3008 521 3078 ἀλλά
538 3018 738 3096 βιασθεῖσαν
753 3018 912 3097 Θηβαίοις
926 3019 1106 3078 συντελεῖν.
1131 3006 1195 3095 ἐγω
1210 3011 1277 3093 μέν

324 3106 388 3194 γάρ
410 3106 551 3187 οὐδένας
571 3106 718 3196 ἡγοῦμαι
738 3114 1001 3196 τολμηροτέρους
1023 3109 1108 3177 εἶναι
1128 3112 1275 3195 τούτων,

324 3208 446 3285 οἵτινες
466 3206 524 3285 τάς
547 3207 608 3293 μέν
632 3212 718 3287 ἰδίας
738 3206 834 3295 ἡμῶν
856 3210 1004 3275 ἑκάστων
1017 3207 1131 3286 πόλεις
1147 3206 1275 3293 ἀφανί-

325 3310 432 3389 ζουσι,
454 3314 511 3392 τῆς
526 3307 561 3372 δὲ
578 3309 738 3391 σφετέρας
760 3305 872 3375 αὐτῶν
894 3314 1058 3385 πολιτείας
1082 3306 1182 3376 οὐδέν
1196 3314 1275 3377 δεο-

296 3417 313 3470 9
327 3407 449 3491 μένους
474 3418 650 3472 κοινωνεῖν
676 3402 930 3491 ἀναγκάζουσιν.
967 3405 1051 3493 πρὸς
1081 3410 1117 3473 δέ
1143 3408 1276 3485 τούτοις

325 3502 400 3571 οὐδ’
417 3503 672 3591 ὁμολογούμενα
695 3514 873 3591 φαίνονται
897 3506 1174 3590 διαπραττόμενοι
1190 3508 1296 3587 πρός(

326 3629 360 3669 τε
380 3602 459 3681 τούς
479 3604 602 3681 ἀλλους
623 3602 781 3685 καὶπρὸς
802 3602 897 3691 ἡμᾶς.
929 3608 1027 3692 ἐχρῆν
1048 3601 1113 3690 γάρ
1135 3601 1271 3684 αύτούς,
