2859 4334
158 354 164 387 ‘
265 401 325 463 138
356 357 358 361 ⁵
542 403 945 476 εΣοαΡΑνουΣρ)
1350 425 1351 484 χ

262 563 330 631 τοῖν
346 558 506 631 τοιούτων
523 557 660 649 ιἰνδροῦν
676 561 767 649 παρὰ
784 566 852 631 τῶν
868 562 1105 650 πρεσβυτέρων
1121 557 1165 631 ῦν
1178 590 1234 643 τις
1259 574 1317 629 m

262 656 450 748 άκούσειεν,
461 658 538 743 τοῦς
547 656 581 730 δ’
596 657 878 750 ὀνομαστοτάτους
888 668 951 749 ἔχω
960 657 1052 748 κάγιῦ
1062 666 1229 733 διελθεῖν.

222 774 256 826 σε
266 758 451 849 Πεδάριτος
463 759 526 849 μὲν
538 754 602 849 γάρ
616 767 663 842 είς
676 770 762 832 Χίον
776 758 974 843 εἰσπλεύσας
985 759 1048 849 τὴν
1055 761 1155 833 πόλιν
1164 760 1233 832 αύ-

263 867 331 933 τεῦυ
348 866 502 931 διέσωσε·
529 867 697 949 Βρασίδας
716 856 750 930 δ’
772 868 820 942 είς
834 855 1033 950 Ἀμφίπολιν
1050 860 1231 950 είσελθιῦν,

264 958 397 1049 ὀλίγους
420 960 499 1043 τοῦς
522 964 598 1051 περὶ
616 959 720 1032 αύτόν
744 963 812 1031 τιῦν
834 967 1127 1052 πολιορκουμένων
1146 984 1228 1034 συν-

263 1060 460 1151 ταξάμενος,
487 1059 632 1144 πολλοῦς
655 1059 754 1143 ὄντας
777 1062 855 1143 τοῦς
878 1067 1136 1153 πολιορκοῦντας
1157 1066 1229 1135 ἐνί-

262 1184 344 1251 κησε
360 1159 561 1252 μαχόμενος·
579 1162 752 1243 Γύλιππος
767 1163 805 1232 δλ
817 1171 1040 1251 Συρακοσίοις
1052 1162 1228 1253 βοηθήσας

262 1260 303 1333 ού
322 1260 427 1352 μόνον
451 1266 601 1345 ἐκείνους
625 1266 787 1334 διέσωσεν
810 1260 894 1333 ἄλλά
917 1265 972 1333 καὶ
992 1263 1054 1353 τὴν
1079 1262 1227 1353 δύναμιν

261 1360 324 1452 τὴν
341 1370 533 1452 κρατοῦσαν
551 1358 664 1435 αύτιῦν
680 1366 738 1434 καλ
754 1363 837 1433 κατὰ
849 1366 915 1453 γῆν
931 1367 987 1434 καλ
1002 1365 1085 1434 κατὰ
1100 1364 1226 1436 θάλατ-

220 1488 327 1540 οῖτιιν
345 1462 478 1536 ἅπασαν
495 1462 706 1554 αίχμάλωτον
738 1470 866 1552 ἔλαβεν.
891 1473 999 1535 καίτοι
1011 1470 1082 1550 πῶς
1099 1462 1161 1537 οῦκ
1173 1472 1263 1536 oct-b

264 1562 367 1655 σχρόν
383 1563 459 1637 τότε
475 1564 538 1655 μὲν
550 1568 690 1637 ἕκαστον
707 1560 805 1654 ἡμῶν
823 1563 940 1636 ίκανῦν
957 1565 1043 1636 εἶναι
1054 1563 1113 1647 τάς
1128 1561 1225 1637 άλλο-

262 1673 354 1757 τρίας
372 1665 485 1748 πόλεις
503 1662 751 1754 διαφυλάττειν,
768 1668 847 1736 υννλ
868 1666 906 1736 δὲ
925 1663 1052 1747 πάντας
1066 1664 1148 1756 μήτε
1166 1664 1224 1737 δύ·

262 1778 388 1838 νασθαι
404 1763 487 1857 μήτε
503 1771 684 1856 πειρᾶσθαι
707 1764 769 1855 τὴν
785 1761 950 1855 ἡμετέραν
973 1764 1086 1838 αῦτιῦν
1104 1764 1225 1837 διασύ·

262 1876 349 1954 ξεινς
366 1869 422 1938 καλ
435 1867 497 1956 τὴν
508 1867 570 1957 μὲν
581 1863 751 1957 Εύράπην
764 1869 819 1938 καὶ
832 1864 895 1954 τὴν
904 1862 1018 1939 Ἀσίαν
1029 1866 1154 1957 μεστὴν
1166 1894 1225 1939 πε·

262 1970 435 2058 ποιηκίναι
458 1973 627 2057 τροπαίων
651 1963 736 2058 ὑπὲρ
760 1972 830 2039 τῶν
852 1963 964 2037 ἄλλων
985 1974 1225 2058 πολεμοῦντας,

261 2063 347 2159 ῦπὲρ
362 2070 400 2139 δὲ
411 2075 469 2157 τῆς
483 2075 642 2158 πατρίδος
655 2067 744 2139 οῦτω
757 2066 1227 2159 φανεραῖςῦβριζομίνηςμηδδ

261 2175 343 2259 μίαν
367 2167 476 2258 μάχην
499 2165 596 2253 άξίαν
619 2168 722 2258 λόγου
750 2177 934 2258 φαίνεσθαι
957 2172 1227 2260 μεμαχημένονςς

221 2288 255 2339 οδ
265 2264 341 2339 ἀλλ’
361 2272 473 2359 ἑτέρας
489 2270 552 2359 μὲν
569 2267 681 2353 πόλεις
697 2265 783 2360 ῦπλρ
801 2275 859 2359 τῆς
875 2263 1035 2360 ἡμετέρας
1051 2268 1155 2360 ἀρχῆς
1166 2270 1226 2353 τάς
1239 2298 1259 2338 ε

263 2368 401 2459 ἐσχάτας
417 2366 596 2460 ῦπομεῖναι
614 2377 824 2461 πολιορκίας,
842 2367 964 2451 αῦτοῦς
983 2368 1017 2440 δ’
1037 2368 1123 2460 ἡμᾶς
1139 2368 1226 2459 ὑπὲρ

261 2476 321 2542 τοῦ
334 2470 441 2561 μηδὲν
454 2467 709 2560 ἀναγκασθῆναι
722 2468 812 2560 παρά
822 2469 859 2541 τῦ
874 2476 1006 2541 δίκαιον
1018 2487 1129 2543 ποιεῖν
1139 2471 1226 2561 μηδὲ

261 2573 384 2663 μικράν
399 2582 532 2643 οίεσθαι
552 2577 626 2643 δεῖν
650 2567 849 2660 ὑπενεγκεῖν
875 2568 1116 2661 κακοπάθειαν,
1140 2562 1226 2641 άλλά

262 2671 360 2763 ζεύγη
372 2672 435 2763 μὲν
446 2678 561 2745 ἵππων
578 2670 845 2762 άδηφαγούντων
863 2680 912 2743 ἔτι
929 2675 985 2743 καλ
997 2675 1063 2743 νῦν
1079 2667 1224 2763 ὁρᾶσθαι

262 2777 455 2863 τρέφοντας,
474 2773 586 2863 ὥσπερ
602 2775 639 2843 δὲ
651 2771 729 2856 τοῦς
743 2781 789 2853 είς
801 2771 859 2855 τάς
873 2769 1063 2857 δεινοτάτας
1079 2768 1226 2860 άνάγκας

261 2872 467 2963 ἀφιγμένους
484 2877 539 2946 καὶ
557 2880 626 2946 τσῦν
642 2872 725 2947 καθ’
737 2872 865 2964 ἡμέραν
884 2878 1010 2955 ἐνδεεῖς
1026 2870 1125 2956 ὄντας
1136 2869 1226 2944 οῦτω

220 2995 254 3049 56
266 2987 438 3047 ποιεῖσθαι
454 2972 516 3063 τὴν
534 2972 685 3065 είρήνηνς
705 2973 799 3065 (κδ.)
815 2970 855 3046 ’Ὁ
868 2974 907 3045 δδ
923 2972 1059 3045 πάντων
1072 2972 1225 3064 σχετλιύ-
1242 2972 1262 3030 ‘¹

260 3104 371 3166 τατον,
383 3082 416 3147 εί
425 3073 687 3164 φιλοπονώτατοι
698 3079 875 3157 δοκοῦντες
885 3075 972 3145 εἶναι
981 3077 1050 3145 τάν
1057 3072 1227 3163 Ἑλλήνων

261 3176 495 3270 ῥᾳθυμότερον
511 3183 580 3248 τῶν
596 3173 708 3246 ἄλλων
726 3174 981 3266 βουλευσόμεθα
994 3177 1071 3264 περλ
1086 3172 1224 3246 τούτων.

260 3287 353 3361 τίνας
359 3277 423 3367 γάρ
435 3289 544 3365 ῖσμεν,
555 3266 604 3346 οῦν
613 3280 669 3346 καλ
676 3275 882 3367 ποιήσασθαι
890 3285 1010 3366 μνείαν
1019 3272 1112 3359 ἄξιόν
1123 3279 1226 3364 ἐστιν,

261 3386 381 3462 οἵτινες
397 3375 484 3462 ἅπαξ
502 3376 701 3466 ἡττηθέντες
714 3380 771 3448 καλ
787 3379 863 3467 μιᾶς
877 3379 1029 3466 είσβολης
1046 3377 1226 3465 γενομίνης

260 3477 366 3562 οὕτως
391 3476 566 3569 άνάνδρως
591 3476 808 3566 ὡμολόγησαν
829 3474 938 3547 πάντα
961 3474 1001 3546 τά
1025 3474 1227 3565 προστατεύ-

260 3609 346 3672 μενα
364 3578 536 3668 ποιήσειυς
560 3582 631 3660 πῶς
650 3576 685 3647 δ’
706 3572 749 3648 ἂν
766 3582 802 3648 οί
822 3581 964 3648 τοιοῦτοι
981 3576 1090 3647 πολῦν
1106 3575 1244 3666 χρόνονΙ

218 3704 251 3753 σῖ
266 3682 509 3769 δυστυχοῦντες
527 3674 784 3766 άνταρκίσειανς
807 3684 859 3759 τίς
884 3673 917 3747 δ’
935 3672 998 3747 οῦκ
1018 3671 1061 3747 άν
1084 3676 1231 3765 ίπιιιμη-
1245 3698 1266 3739 e
