2859 4334
272 411 315 475 40
565 410 949 492 ιεοιινκνοωεμ)

274 593 496 674 λειτουργίαις
505 585 562 653 καὶ
571 598 643 664 τοῖς
657 583 770 664 ἄλλοις
784 597 854 664 τοῖς
863 582 925 653 ὑπ’
938 586 1021 672 ἐμοῦ
1032 606 1243 670 προσταττο-

224 705 255 756 οῖ
273 688 396 775 μένοις.
414 688 615 774 προτρέπετε
627 685 707 764 τούς
715 684 901 774 νεωτέρους
916 682 968 754 ἐπ’
979 683 1102 773 ἀρετὴν
1114 684 1160 772 μὴ
1173 684 1243 772 μό-
1340 670 1343 746 ί

274 814 337 855 νον
350 789 596 875 παραινοῦντες
614 783 770 854 ἀλλὰκαὶ
784 787 862 873 περὶ
875 779 935 866 τὰς
948 787 1082 872 πράξεις
1099 783 1242 855 ύποδει-
1342 750 1344 816 Ι

274 886 435 968 κνύοντες
448 886 583 974 αύτοῖς,
608 891 703 968 οἵους
721 886 808 956 εἶναι
827 887 889 976 χρὴ
907 886 988 967 τούς
1012 886 1140 974 ἄνδρας
1156 886 1242 967 τοῦς
1345 914 1346 974 ι

274 988 441 1075 ἀγαθούς.
460 988 634 1057 διδάσκετε
646 987 730 1068 τούς
744 995 867 1068 παῖδας
880 986 1155 1076 τούςῦμετέρους
1169 987 1240 1056 αύ-
1259 1015 1279 1049 e
1346 996 1347 1030 ί

275 1089 602 1176 τῦνβασιλεύεσθαι,
616 1090 673 1157 καὶ
685 1089 834 1178 περὶτὴν
841 1093 1020 1160 παίδευσιν
1027 1088 1088 1177 τὴν
1102 1087 1243 1177 είρημέ·
1347 1074 1348 1108 ί

275 1217 340 1278 νην
351 1189 470 1273 ἐθίζετ’
486 1188 609 1270 αύτούς
620 1190 667 1271 ῦς
679 1190 822 1278 μάλιστα
834 1196 1030 1278 διατρίβειν·
1044 1185 1162 1278 ἣνγὰρ
1176 1217 1243 1258 κα·

218 1296 222 1302 ’
278 1297 344 1371 λῦς
369 1289 530 1381 ἄρχεσθαι
552 1292 705 1378 μάθωσι,
731 1295 866 1361 πολλῶν
890 1289 1005 1379 ἄρχειν
1022 1290 1244 1379 δυνήσονται,

276 1393 334 1461 καὶ
347 1393 458 1462 πιστοί
472 1393 534 1480 μὲν
552 1391 649 1472 ὄντες
665 1392 723 1460 καὶ
741 1397 863 1461 δίκαιοι
879 1394 1058 1481 μεθέξουσι
1074 1397 1144 1460 τόν
1155 1385 1244 1480 ἡμε-

277 1494 384 1582 τέρων
408 1491 570 1580 ἀγαθῶν,
601 1496 698 1562 κακοί
724 1492 762 1562 δὲ
784 1491 959 1580 γενόμενοι
980 1494 1244 1563 κινδυνεύσωσι

228 1615 260 1665 οε
277 1595 356 1684 περί
371 1599 442 1663 τόν
455 1592 687 1682 ύπαρχόντων.
706 1596 864 1682 μέγιστον
877 1593 1016 1682 ἡγεῖσθε
1032 1596 1089 1663 καὶ
1103 1593 1242 1683 βεβαιό·
1261 1601 1297 1650 ³⁸

276 1722 377 1766 τατου
405 1710 476 1775 τοῖς
501 1695 595 1764 παισί
620 1701 769 1763 πλοῦτον
793 1695 1026 1783 παραδώσειν,
1055 1691 1098 1783 ἢν
1123 1695 1243 1775 αὐτοῖς

183 1791 186 1795 ’
278 1797 432 1884 δύνησθε
441 1796 503 1881 τὴν
512 1795 677 1884 ἡμετέραν
686 1794 824 1866 εῦνοιαν
833 1804 1053 1865 καταλείπειν.
1069 1795 1239 1865 ἄθλιωτοί·
1307 1874 1313 1882 ,

279 1924 360 1977 τους
373 1896 513 1984 ἡγεῖσθε
524 1897 582 1964 καί
595 1897 898 1986 δυστυχεστάτους,
911 1892 985 1966 ὅσοι
998 1899 1076 1987 περὶ
1089 1895 1170 1977 τοῦς
1184 1923 1242 1966 πι-

171 2065 173 2069 ,
280 1996 1240 2087 στεύσανταςἄπιστοιγεγόνασιν·όνύγκηγδρτοῦςτοιού-

278 2127 358 2179 τους
384 2098 527 2186 ύθύμως
550 2105 686 2185 ἔχοντας
709 2101 767 2168 καὶ
785 2099 1019 2187 φοβουμένους
1035 2097 1166 2168 ἅπαντα
1184 2100 1243 2167 καί

278 2199 384 2290 μηδὲν
397 2203 526 2287 μᾶλλον
539 2199 758 2281 πιστεύοντας
774 2216 845 2282 τοῖς
858 2195 968 2288 φίλοις
982 2195 1003 2288 ἣ
1020 2216 1091 2281 τοῖς
1106 2204 1242 2290 ἐχθροῖς

229 2321 261 2371 σε
279 2301 340 2371 τόν
359 2305 531 2372 ἐπίλοιπον
544 2300 669 2391 χρόνον
683 2301 819 2389 διέχειν.
843 2305 979 2389 ζηλοῦτε
991 2301 1038 2389 μὴ
1049 2303 1130 2382 τούς
1143 2309 1241 2370 πλεῖ-

280 2422 341 2472 στα
359 2402 582 2490 κεκτημένους
599 2400 685 2471 ἄλλα
702 2403 784 2484 τοῦς
797 2401 903 2491 μηδεν
921 2401 1027 2471 κακὸν
1041 2408 1156 2490 σφίσιν
1173 2400 1240 2472 αύ-
1258 2420 1276 2470 b

279 2519 350 2585 τοῖς
364 2501 577 2584 συνειδότας·
596 2503 678 2591 μετὰ
692 2502 759 2593 γδρ
772 2503 925 2593 τοιαύτης
945 2507 1054 2592 ψυχῆς
1071 2498 1179 2591 ἥδιστ’
1200 2502 1243 2572 ἅν

280 2633 328 2686 τις
342 2604 482 2674 δύναιτο
495 2603 555 2674 τόν
564 2611 642 2693 βίον
650 2610 835 2692 διαγαγεῖν.
858 2603 903 2694 μὴ
917 2605 980 2692 τὴν
993 2611 1115 2676 κακίαν
1128 2614 1243 2674 οίεσθε

280 2707 451 2776 δύνασθαι
464 2707 527 2793 μὲν
540 2713 644 2776 πλείω
657 2708 718 2794 τῆς
730 2704 850 2795 ἀρετῆς
863 2705 1021 2794 ὠφελεῖν,
1034 2704 1072 2775 τὸ
1088 2705 1118 2774 δ’
1135 2704 1243 2794 όνομα

281 2809 542 2896 δυσχερέστερον
561 2813 665 2894 ἐχειν,
690 2805 766 2876 ἀλλ’
786 2811 870 2876 ολων
886 2831 950 2895 περ
967 2802 1144 2896 ὀνομάτων
1161 2809 1242 2876 ἕκα-

281 2930 363 2978 στου
375 2911 445 2976 τῦν
458 2909 662 2998 πραγμάτων
675 2908 847 2996 τετύχηκε,
864 2908 1021 2989 τοιαύτας
1034 2908 1174 2994 ἡγεῖσθε
1187 2907 1244 2976 καὶ

230 3030 263 3078 εο
280 3008 340 3090 τοὶς
350 3008 509 3098 δυνάμεις
522 3009 638 3078 αὐτόν
652 3007 747 3080 εἶναι.
766 3008 812 3099 μὴ
821 3019 981 3097 φθονεῖτε
993 3024 1066 3090 τοῖς
1075 3005 1156 3097 παρ’
1169 3010 1244 3096 ἐμοὶ

281 3110 514 3200 πρωτεύουσιν
528 3107 602 3180 ἀλλ’
620 3108 818 3199 ύμιλλᾶσθε,
831 3112 889 3180 καί
903 3115 1064 3199 πειρᾶσθε
1077 3107 1243 3198 χρηστούς

282 3211 371 3300 ύμᾶς
385 3209 511 3291 αύτούς
525 3212 726 3299 παρέχοντες
741 3215 933 3296 ἐξισοῦσθαι
946 3227 1017 3292 τοῖς
1031 3212 1242 3299 προέχουσιν.
1261 3241 1276 3276 ι

282 3322 393 3402 φιλεῖν
410 3322 526 3382 οίεσθε
540 3318 613 3381 δεῖν
630 3315 687 3382 καί
704 3320 804 3401 τιμᾶν
817 3313 943 3401 οῦσπερ
958 3308 1001 3382 ἂν
1016 3309 1098 3403 [καί]
1113 3309 1131 3380 ό
1145 3318 1243 3398 βασι-

283 3415 373 3501 λεύς,
388 3419 445 3483 ἵνα
458 3415 515 3483 καὶ
524 3413 604 3502 παρ’
619 3417 699 3502 ἐμοῦ
710 3416 896 3502 τυγχάνητε
905 3417 972 3482 τῶν
983 3414 1098 3484 αὐτῶν
1106 3412 1243 3482 τούτων.

283 3513 340 3587 οἷό
358 3539 421 3602 περ
438 3517 515 3605 περὶ
529 3514 696 3604 παρόντος
713 3543 779 3601 μου
798 3517 922 3602 λέγετε,
939 3517 1075 3584 τοιαῦτα
1092 3515 1150 3583 καὶ
1168 3513 1245 3599 περὶ

232 3635 260 3683 ω
283 3616 429 3697 ἀπόντος
441 3633 608 3705 φρονεῖτε.
626 3617 688 3706 τὴν
702 3612 838 3686 εῦνοιαν
851 3614 914 3703 τὴν
927 3613 1013 3704 πρός
1028 3613 1114 3704 ἡμᾶς
1129 3617 1246 3694 ἐντοῖς

284 3727 392 3808 ἐργοις
411 3721 631 3788 ἐνδείκνυσθε
644 3721 773 3805 μᾶλλον
790 3712 811 3804 ἢ
828 3731 898 3797 τοῖς
916 3715 1036 3803 λόγοις.
1064 3711 1238 3801 ἃπιὶσχον.
