2859 4334
427 359 549 417 ΠΕΡΙ
577 359 670 417 ΤΟΥ
693 358 925 420 wrm.
1087 357 1148 421 183

204 515 267 593 ἕως
279 512 342 600 μὲν
355 515 503 600 συνεχῶς
519 511 918 600 έδημοκρατείσθόόδεὶς
932 510 975 581 ἂν
988 508 1077 601 όμᾶς
1091 513 1148 585 λό’

203 641 275 701 νων
289 622 433 684 ἔπεισεν·
459 620 528 683 νῦν
546 611 578 683 δ’
594 619 634 685 αι’
645 613 775 694 στάσεις
789 620 828 683 αι’
840 615 1017 702 γενόμεναι
1031 622 1148 701 σαφῶς

205 717 378 797 ἐπεδειξαν
386 743 442 784 και
431 714 736 804 τουςδημοτικους
750 718 807 785 καὶ
821 715 900 796 τοός
914 714 1150 804 όλιγαρχικοός

204 815 1149 915 καὶτοόςοὐδετέρωνἐπιθυμοῦνταςκαλτοόςάμφοτέρων

203 919 351 1006 μετέχειν
365 913 550 1000 ἀξιοῦντας
578 922 615 987 έν
628 913 682 999 αίς
696 916 785 997 δίς
763 919 833 986 υπὸ
848 924 917 987 τῶν
931 921 1124 1006 ἐχθρῶν
1080 946 1149 987 των

203 1019 376 1109 ὑμετέρων
383 1020 550 1101 ἐξέπεσεν
568 1018 672 1087 καί
639 1046 676 1087 το
690 1046 753 1106 μεν
768 1018 945 1108 πρότερον,
958 1020 1127 1108 ἐπειδή’
1086 1049 1146 1088 τα·
1129 1029 1176 1084 -δ

204 1142 277 1210 χιστ
280 1120 431 1191 ἐκεῖνον
442 1120 595 1190 ἐκποδων
603 1119 996 1209 έποιησαντο,τουδημον
1006 1123 1148 1191 κατελυ-
1180 1166 1185 1172 ·

205 1222 361 1309 σαν,τόδ’
369 1217 583 1309 όστερονοόκ
591 1228 746 1308 ἔφθασαν
752 1219 840 1307 ὑμᾶς
846 1224 1148 1311 καταδουλωσάμε-

204 1351 269 1412 νοι,
281 1324 339 1393 καὶ
353 1323 490 1411 πρῶτον
503 1326 573 1392 τῶν
586 1321 846 1392 πολιτῶναάτοῦ
855 1324 1144 1411 φυγὴνκατέχνω-

206 1444 286 1495 σαν·
306 1423 395 1494 οὕτω
409 1422 532 1511 σφόδρ’
548 1422 569 1512 ἦ
582 1451 617 1494 τε
631 1424 726 1504 πόλις
739 1428 809 1493 τῶν
821 1427 1022 1512 τοῦπατρὸς
1035 1430 1150 1494 κακῶν

162 1526 1147 1614 εεάπέλανσεκάκεῑνοςτῶντῆςπόλεωςσυμφορῶνέκοινῶ·

204 1650 317 1715 νησεν.
335 1635 442 1697 καίτοι
455 1629 574 1696 πολλοὶ
585 1630 653 1695 τῶν
661 1630 806 1696 πολιτῶν
814 1630 899 1713 πρὸς
905 1627 1013 1697 αὐτὸν
1020 1627 1149 1698 δυσκό-

206 1739 271 1809 λως
284 1727 376 1815 εἶχον
390 1727 436 1809 ῶς
451 1726 535 1814 πρός
549 1744 731 1815 τυραννεῖν
747 1729 1020 1816 ἐπιβουλεύοντα,
1032 1728 1098 1799 οὐκ
1113 1733 1150 1799 έκ

205 1836 273 1899 τῶν
283 1836 614 1915 ἔργωνσκοποῶντες,
629 1828 698 1898 ἀλλ’
709 1828 1143 1918 ἡχοάμενοιτόμὲνπρᾶγμ’
1159 1860 1175 1897 e

204 1929 274 2001 ὖπό
289 1930 426 2000 πάντων
438 1934 633 2019 ζηλοῦσθαι,
650 1930 820 2000 δύνασθαι
839 1926 868 2000 δ’
882 1928 926 1999 άν
940 1935 1071 2001 ἐκεῖνον
1082 1932 1149 2020 μά·

206 2042 299 2102 λιστα
309 2033 564 2117 διαπράξασθαι.
592 2030 644 2101 διό
655 2032 710 2099 καὶ
727 2037 862 2112 δικαίως
876 2028 920 2099 ἂν
934 2032 1028 2124 αὐτῷ
1043 2042 1149 2104 πλείω

205 2134 303 2222 χάριν
321 2138 438 2256 ἔχοιτε,
456 2131 505 2202 ὅτι
522 2134 584 2221 τὴν
602 2131 682 2252 μὲν.
678 2138 791 2203 αἰτίαν
804 2132 907 2221 μόνος
920 2139 989 2202 τῶν
1002 2141 1150 2204 πολιτῶν
1158 2155 1208 2205 355

205 2226 333 2317 άξιος
312 2262 357 2322 ην
372 2234 499 2323 ταύτην
519 2242 623 2322 ἔχειν,
644 2238 702 2321 τῆς
727 2234 765 2303 δε
787 2242 954 2315 πολιτείας
972 2245 1048 2304 ίσον
1066 2235 1150 2327 ῶετο

206 2341 280 2405 δεῖν
298 2337 354 2405 καί
372 2351 442 2415 τοῖς
460 2335 573 2415 άλλοις
590 2350 747 2424 μετεῖναι.

163 2454 196 2503 39
281 2434 337 2525 (ις’
339 2432 362 2524 .)
378 2436 444 2508 Διά
458 2435 546 2505 δε
511 2462 548 2504 το
563 2440 766 2523 πλῆθοςτῶν
775 2435 923 2505 ἐνόντων
936 2445 1046 2508 εἰπεῖν
1059 2387 1185 2528 ὑπὲρ

204 2542 267 2607 τοῦ
278 2538 404 2627 πατρός
413 2536 545 2663 άπορῶ,
557 2545 650 2635 τίνος
665 2538 702 2605 έν
714 2542 762 2628 τῷ
777 2537 921 2625 παρόντι
932 2541 1056 2668 πρέπει
1062 2567 1147 2628 μνη

206 2645 332 2728 σθῆναι
343 2641 399 2707 καί
413 2636 484 2708 ποῖ’
501 2635 617 2708 αὐτῶν
631 2637 693 2725 χρη
708 2639 964 2724 παραλιπεῖν·’
945 2642 998 2709 αεὶ
1012 2640 1078 2728 γάρ
1093 2668 1150 2727 μοι

205 2746 302 2811 δοκεῖ
319 2748 431 2829 μεῖζον
455 2738 542 2809 εἶναι
565 2741 602 2809 τὸ
626 2740 726 2828 μήπω
744 2742 980 2827 πεφρασμένον
998 2746 1068 2809 τῶν
1085 2742 1151 2831 ἤδη

207 2840 590 2930 πρόςόμᾶςείρημένων.
617 2842 687 2910 ἐπεὶ
701 2841 759 2909 καὶ
771 2840 870 2911 τοῦθ’
887 2842 1034 2931 ἡγοῦμαι
1046 2846 1151 2912 πᾶσιν

206 2941 292 3013 εἶναι
305 2943 466 3031 φανερὸν,
479 2940 530 3011 ὅτι
543 2937 860 3027 τοῦτονάναχκαίόυ
868 2941 1150 3015 έστινεάνοόστα-

205 3070 266 3113 τον
283 3043 369 3114 εἶναι
386 3058 460 3123 ταλς
477 3046 535 3131 τῆς
553 3044 680 3123 πόλεως
698 3038 886 3129 εότυχίαις,
909 3041 976 3134 ότῳ
993 3052 1179 3127 πλείστους)

164 3165 197 3215 ιο
205 3146 306 3234 μέρος
320 3145 377 3214 καὶ
390 3150 459 3213 τῶν
472 3143 616 3230 άχαθῶν
623 3145 753 3213 καὶτῶν
761 3147 1042 3231 κακῶνμέτεστιυ.
1062 3148 1149 3217 ἐκεί-

205 3274 270 3315 νου
284 3254 404 3316 τοίνυν
418 3237 456 3314 εὖ
469 3246 533 3334 μὲν
546 3246 758 3333 πραττούσης
772 3251 830 3332 τῆς
840 3242 1151 3327 πόλεωςτίςεόδαι-

205 3348 404 3437 μονέστερος
422 3342 766 3434 ἣθαυμαστότερος,ἣ
783 3347 1003 3434 ζηλωτότερος
1021 3339 1065 3436 ἦν
1082 3355 1152 3417 τῶν

207 3452 366 3536 πολιτῶν,
384 3449 643 3536 δυστυχησάσης
662 3447 699 3516 δὲ
716 3455 767 3527 τίς
787 3450 935 3517 ἐλπίδων
951 3446 1114 3535 μειζόνων
1130 3447 1152 3538 ἢ

207 3550 387 3639 χρημάτων
400 3549 566 3618 πλειόνων
579 3546 600 3637 ἢ
615 3550 714 3638 δόξης
729 3555 904 3629 καλλίονος
914 3550 1095 3639 έστερήθη;
1110 3550 1151 3621 οό

206 3654 244 3721 τὸ
269 3659 462 3720 τελευταῖον
489 3649 603 3737 ἐπειδὴ
628 3652 834 3738 κατέστησαν
859 3653 894 3718 οί
917 3648 1093 3740 τριάκονθ’
1119 3657 1157 3723 ot
