2859 4334
415 412 549 472 ΠΡΟΣ
570 409 856 471 ΕΥΘΤΝΟΤΝ.
1051 408 1109 472 241

156 577 272 660 χάνει,
296 581 407 660 λέγειν
430 575 466 640 δὲ
481 574 536 641 καὶ
551 571 709 657 πράττειν
727 578 855 656 μᾶλλον
873 572 1014 639 δυ’ναται
1034 571 1114 638 τοῦ·

157 701 241 759 του,
269 679 316 742 ἐτι
337 673 372 740 δέ
394 672 545 759 χρήματα
568 671 630 756 μὲν
651 668 763 756 ὀλίγα,
785 677 904 755 φίλους
919 673 954 738 δὲ
970 668 1114 750 πολλοῦς

161 777 325 858 κέκτηται.
350 771 432 840 ὥστ’
449 769 512 839 οῦκ
529 778 621 839 ἐστιν
643 767 698 855 ἐφ’
724 769 841 837 ὅντινα
856 766 900 838 ἀν
913 763 1014 858 ήττον
1028 767 1113 858 ήέπλ

163 877 287 939 τοῦτον
300 861 425 957 ήλθεν·
446 872 516 938 ἐπεὶ
532 875 644 955 ἐμοιγε
660 873 763 954 δοκεῖ,
782 871 882 938 εἰδότι
902 868 964 958 τήν
985 870 1115 938 τούτων

160 969 363 1055 οἰκειότητα,
385 966 460 1036 οόδ’
486 965 530 1036 ἀν
549 966 735 1048 Εόθόνους
754 977 878 1037 Νικίαν
899 967 1072 1056 ἀδικῆσαι,
1087 976 1118 1040 εί

108 1082 147 1133 10
162 1072 241 1155 ἐξήν
254 1067 360 1136 ἀλλον
372 1065 446 1135 τινά
462 1076 607 1136 τοσαῦτα
620 1070 771 1155 χρήματα
787 1065 1018 1155 ἀποστερῆσαι.
1053 1078 1145 1138 νῦνε

162 1164 195 1253 δ’
214 1164 432 1252 ἀρχαιότερον
446 1161 490 1254 ήν
512 1164 625 1246 αῦτοῖς
640 1166 677 1234 τό
696 1175 849 1253 πρᾶγμα·
880 1171 1030 1253 ἐγκαλεῖν
1052 1170 1114 1255 μὲν

162 1266 229 1355 γάρ
250 1271 376 1346 ἔξεστιν
391 1269 424 1347 ἐξ
442 1266 854 1353 ἀπάντων-ἐκλεξάμενον,
872 1264 1069 1352 ἀποστερεῖν
1080 1266 1113 1335 δ’

163 1363 226 1452 οῦχ
243 1361 317 1434 οἷόν
331 1364 361 1434 τ’
381 1367 485 1436 ἀλλον
496 1365 518 1453 ή
529 1367 590 1436 τόν
600 1369 932 1452 παρακαταθέμενον.
958 1365 1040 1435 ὥστε
1052 1376 1114 1436 Νι-

164 1473 238 1544 κίας
252 1464 314 1551 μὲν
329 1484 555 1552 συκοφαντεῖν
571 1470 748 1552 ἐπιθυμῶν
771 1463 832 1533 οῦκ
855 1462 899 1533 ἀν
919 1471 972 1536 ἐπὶ
992 1475 1113 1538 τοῦτον

165 1558 290 1650 ήλθεν,
320 1564 505 1646 Εῦθόνους
523 1566 556 1634 δ’
571 1564 769 1651 ἀποστερεῖν
790 1569 964 1651 ἐπιχειρῶν
979 1565 1041 1635 οῦκ
1056 1565 1116 1636 ἀλ-

166 1673 227 1734 λον
245 1662 339 1751 εἶχεν.

111 1775 147 1829 11
245 1765 308 1853 (ι’.)
324 1761 362 1833 Ὅ
382 1768 417 1834 δὲ
435 1778 590 1854 μέγιστον
610 1769 791 1854 τεκμήριον
814 1770 869 1836 καὶ
889 1767 972 1853 πρὸς
987 1766 1116 1835 ἅπαντα
1134 1781 1184 1835 λῖθ

165 1866 301 1934 ἱκανόν·
324 1864 379 1935 ὅτε
393 1868 457 1952 γάρ
473 1866 509 1935 τό
526 1874 673 1956 ἔγκλημα
688 1870 829 1954 ἐγένετο,
848 1865 1019 1955 ὀλιγαρχία
1030 1878 1117 1935 καθ·

167 1962 326 2051 ειστήκει,
352 1966 389 2031 ἐν
403 1956 547 2062 ήοῦτως
561 1967 715 2049 ἑκότερος
729 1965 841 2034 αὐτῶν
856 1970 1011 2052 διέκειτο,
1034 1963 1117 2032 ὥστε

166 2070 287 2141 Νικίας
302 2066 381 2149 μὲν,
408 2071 438 2132 εί
450 2069 505 2134 καὶ
522 2064 582 2133 τὸν
604 2064 710 2135 ἀλλον
724 2067 848 2153 χρόνον
869 2075 996 2134 είθιστο
1014 2085 1115 2132 συκο-

166 2178 318 2249 φαντεῖν,
332 2162 401 2233 τότ’
424 2159 468 2232 ἀν
479 2167 657 2249 ἐπαύσατο,
674 2164 858 2244 Εὐθύνοος
868 2165 915 2248 δὲ,
930 2166 985 2232 καὶ
995 2169 1025 2231 εί
1036 2163 1117 2250 μηδὲ

113 2268 146 2319 ¹2
165 2263 299 2330 πιόποτε
312 2265 474 2350 διενοήθη
490 2261 630 2349 ἀδικεῖν,
647 2262 717 2333 τότ’
732 2262 776 2332 ἀν
787 2263 928 2351 ἐπήρθη.
951 2261 1042 2350 ὀμέν
1054 2262 1118 2350 γάρ

170 2361 225 2430 διά
251 2360 291 2430 τά
314 2360 532 2450 ἁμαρτήματα
553 2367 702 2450 ἐτιμᾶτο,
732 2362 749 2431 ὀ
779 2365 815 2430 δὲ
837 2361 892 2430 διά
914 2361 954 2430 τά
970 2363 1119 2449 χρήματα

169 2464 418 2550 ἐπεβουλεύετο.
447 2465 569 2542 πάντες
590 2463 654 2550 γάρ
670 2468 865 2548 ἐπίστασθε,
883 2461 933 2530 ὅτι
950 2465 987 2530 ἐν
1003 2465 1119 2552 ἐκείνῳ

167 2569 213 2651 τῷ
228 2561 336 2652 χρόνῳ
351 2563 544 2646 δεινότερον
563 2557 607 2652 ήν
621 2574 777 2632 πλουτεῖν
798 2559 820 2650 ή
843 2559 987 2631 ἀδικεῖν·
1010 2566 1045 2630 οί
1056 2562 1145 2648 μὲνο

116 2671 122 2678 “
168 2659 234 2747 γάρ
255 2659 295 2728 τά
315 2659 471 2746 ἀλλότρια
496 2665 704 2751 ἐλάμβανον,
732 2669 766 2731 oc
783 2664 820 2731 δὲ
841 2660 881 2730 τά
904 2661 1039 2748 σφέτερ’
1058 2658 1121 2728 αῦ-

168 2770 236 2829 τῶν
260 2760 448 2832 ἀπιόλλυον.
481 2760 537 2849 ἐφ’
563 2759 612 2842 οἷς
635 2761 701 2849 γάρ
727 2755 771 2848 ήν
795 2759 815 2849 ή
840 2762 952 2845 πόλις,
978 2759 1019 2829 οῦ
1043 2758 1122 2838 τοῦς

170 2859 423 2946 ἁμαρτάνοντας
437 2864 661 2945 ἐτιμωροῦντο
683 2857 767 2928 ἀλλά
788 2857 867 2937 τοῦς
882 2865 1017 2945 ἔχοντας
1032 2855 1119 2947 ἀφή-

170 2967 312 3047 ροῦντο,
338 2963 392 3028 καί
405 2957 551 3047 ἡγοῦντο
566 2958 645 3038 τοῦς
668 2960 730 3046 μὲν
750 2956 950 3037 ἀδικοῦντας
972 2955 1120 3042 πιστοῦς,

123 3075 154 3128 13
169 3057 250 3137 τοῦς
274 3058 311 3126 δέ
335 3066 564 3138 πλουτοῦντας
580 3059 732 3145 ἐχθρούς.
766 3055 850 3125 ὥστε
870 3055 914 3142 μή
937 3061 1011 3140 περὶ
1024 3054 1118 3124 τοῦτ’

171 3155 256 3226 εἶναι
272 3164 391 3246 Νικίᾳ,
419 3157 510 3237 ὅπως
525 3165 752 3244 συκοφαντῶν
773 3154 949 3238 τάλλότρια
970 3156 1120 3242 λήψοιτο,

169 3251 379 3339 ἀλλ’ὀπωςμή
387 3250 490 3324 οῦδὲν
498 3255 626 3326 ἀδικῶν
648 3257 759 3332 κακόν,
774 3285 804 3324 τι
820 3262 976 3323 πείσοιτο.
1000 3259 1045 3343 τῷ
1059 3252 1122 3339 μὲν
1170 3275 1172 3280 ·

170 3355 235 3444 γάρ
252 3349 336 3424 ὀσον
350 3355 533 3436 Εῦθῦνους
547 3359 724 3448 δυναμένφ
740 3352 848 3442 ἐξήνά
863 3349 893 3420 τ’
907 3358 1026 3438 ἐλαβεν
1036 3349 1149 3417 ἀπο-ο

169 3471 303 3541 στερεῖν
317 3461 371 3524 καί
386 3452 435 3535 οἷς
449 3455 494 3544 μή
513 3458 700 3543 συνέβαλεν
718 3458 887 3542 ἐγκαλεῖν·
912 3455 945 3518 οί
958 3447 989 3518 δ’
1010 3449 1121 3519 ὥσπερ

174 3562 294 3632 Νικίας
308 3558 510 3640 διακείμενοι
526 3553 752 3642 ήυαγκάζοντο
767 3568 835 3631 τοῖς
850 3548 879 3617 τ’
896 3548 1069 3634 ὀφείλουσι
1083 3551 1121 3616 τά

170 3658 250 3741 χρέα
264 3651 401 3738 ἀφιέναι
420 3657 475 3803 κῖιὶ
495 3669 564 3733 τοῖς
580 3659 832 3741 συκοφαντοῦσι
847 3646 887 3715 τά
904 3645 1016 3714 αὑτῶν
1031 3649 1119 3714 διδό-1

256 3765 411 3804 ιεοαιιιπιε.
431 3749 464 3806 1.
955 3749 986 3799 16
