2859 4334
294 402 355 464 130
572 404 970 480 ιΣοπΡΛτουΣμε)

293 571 392 632 τοῦτο
408 566 568 646 συντάξαι
585 567 640 633 καὶ
653 562 843 651 χρήσασθαι
858 563 1109 648 συμφερόντως.
1128 559 1245 649 ὦςμὲν

292 670 409 733 τοίνυν
422 660 582 751 ἠπίστατο
593 669 739 749 χρῆσθαι
753 666 871 745 καλῶς,
886 664 923 728 αί
934 662 1070 746 πράξεις
1081 658 1181 730 αόταὶ
1190 664 1244 729 δε·

293 762 498 849 δηλόκασιν·
522 759 566 841 ὡς
581 760 617 829 δέ
633 763 688 828 καὶ
700 756 785 844 πρὸς
798 756 836 827 τό
846 760 1169 844 παρασκευάσασθαι
1185 786 1245 846 με·

292 868 512 946 γαλοπρεπῶς
527 864 581 929 καὶ
596 867 653 945 τῆς
670 857 798 936 πόλεως
812 855 912 937 άξίως
924 856 1085 925 ἁπάντων
1109 857 1244 945 διήνεγ-

293 986 362 1045 κεν,
378 956 458 1027 οάδέ
477 966 545 1027 τῶν
567 962 699 1045 ἐχθρῶν
723 954 834 1036 οὐδεὶς
854 953 899 1025 ἄν
919 956 1028 1037 άλλως
1048 964 1156 1027 εἰπεῖν
1167 968 1245 1027 τολ·

232 1075 280 1127 120
294 1059 439 1146 μήσειεν.
463 1062 509 1125 ἐτι
530 1064 647 1124 τοίνυν
668 1053 753 1141 πρός
775 1056 905 1136 τούτοις
932 1054 1072 1143 άπορίας
1094 1060 1246 1144 ἐνεγκεῖν

293 1158 519 1243 στρατοπέδου
537 1157 590 1223 καὶ
605 1163 731 1241 πενίας,
753 1158 808 1223 καί
822 1156 926 1223 πάλιν
944 1153 1102 1242 εὐπορίας
1119 1155 1245 1242 εὑρεῖν,

292 1262 340 1334 τίς
362 1252 424 1323 οὐκ
445 1250 578 1321 άντων
601 1256 939 1339 συνεστρατευμένων
965 1254 1049 1341 πρὸς
1068 1254 1245 1343 άμφότερα

292 1360 395 1422 ταῦτα
410 1354 583 1437 διαφέρειν
605 1354 735 1420 ἐκεῖνον
755 1361 983 1437 προκρίνειενς
1004 1362 1161 1423 συνίσασι
1178 1354 1245 1442 γάρ

292 1450 382 1542 αὐτῷ
395 1448 477 1519 κατὰ
489 1450 551 1537 μὲν
562 1449 664 1538 άρχάς
673 1458 742 1519 τῶν
752 1456 908 1540 πολέμων
920 1451 975 1521 διά
986 1451 1023 1521 τό
1035 1456 1141 1541 μηδὲν
1152 1454 1245 1542 παρά

291 1560 349 1640 τῆς
362 1551 490 1630 πόλεως
508 1552 694 1639 λαμβάνειν
715 1557 762 1630 είς
775 1550 834 1632 τάς
849 1555 986 1639 ἐσχάτας
1000 1556 1127 1633 ἐνδείας
1141 1564 1246 1623 καθι-

292 1652 468 1738 στάμενον,
487 1655 523 1720 ἐκ
538 1653 575 1720 δὲ
590 1652 721 1719 τούτων
736 1657 782 1731 είς
793 1659 892 1721 τοῦτο
904 1651 944 1720 τά
956 1652 1132 1740 πράγματα
1146 1680 1244 1737 περι-

293 1752 424 1821 ιστάναι
447 1752 640 1836 δυνάμενον
662 1749 746 1819 ὥστε
774 1755 831 1824 καὶ
862 1756 909 1847 τῷ
944 1752 1079 1841 πολέμῳ
1113 1759 1243 1839 περιγί-

291 1851 1246 1940 γνεσθαικαὶτοῖςστρατιώταιςἐντελεῖςάποδιδόναιτούς
1347 1903 1348 1934 ,

226 1970 271 2023 Ιῖι
290 1953 443 2039 μισθούς.
458 1950 1242 2038 οὕτωτοίνυντούτωνμεγάλωνὸντωνκαὶσφό-
1347 1943 1348 1988 ἐ

294 2058 357 2135 δρα
373 2051 646 2136 κατεπειγόντων,
653 2052 705 2117 ἐπὶ
721 2065 788 2129 τοῖς
803 2054 972 2137 ἐχομένοις
988 2056 1123 2130 δικαίως
1138 2050 1181 2118 ἄν
1194 2077 1247 2129 τις
1347 2073 1348 2122 3

292 2147 397 2218 αὐτόν
417 2156 464 2217 ἐτι
488 2157 616 2236 μᾶλλον
632 2151 845 2217 ἐπαινέσειεν.
868 2148 959 2237 ὁρῶν
975 2149 1040 2237 γάρ
1054 2149 1142 2238 ὑμᾶς
1162 2151 1247 2218 τού-

292 2274 370 2327 τους
392 2245 518 2335 μόνους
536 2245 662 2335 ἄνδρας
679 2256 893 2337 νομιζοντας,
917 2250 999 2330 τούς
1021 2249 1247 2330 ἀπειλοῦντας

292 2349 346 2415 καὶ
361 2345 440 2424 τούς
455 2352 683 2435 ἐκφοβουντας
706 2348 764 2427 τάς
779 2348 881 2428 άλλως
895 2350 1009 2429 πόλεις
1028 2354 1083 2419 καί
1097 2350 1177 2430 τοὺς
1190 2348 1249 2418 άεί

292 2474 323 2515 τι
338 2451 590 2530 νεωτερίζοντας
610 2449 730 2524 ἐντοῖς
748 2447 948 2534 συμμάχοις,
974 2448 1037 2517 οὐκ
1055 2452 1244 2537 ἐπηκολού-

292 2557 378 2633 θησε
396 2561 466 2624 ταῖς
486 2542 660 2631 ὑμετέραις
682 2547 848 2633 γνώμαις,
874 2547 948 2615 οὐδ’
964 2546 1143 2637 ἠβουλήθη
1158 2549 1242 2637 βλά-

292 2672 384 2715 πτων
399 2645 461 2732 τὴν
476 2645 576 2714 πόλιν
591 2643 799 2733 εὐδοκιμεῖν,
823 2645 907 2716 ἀλλὰ
930 2646 1022 2715 τοῦτ’
1046 2650 1244 2735 ἐφιλοσόφει

293 2748 347 2813 καί
362 2742 454 2813 τοῦτ’
477 2750 654 2830 ἔπραττεν,
680 2742 771 2823 ὅπως
793 2749 937 2831 μηδεμία
950 2754 1019 2814 τοῖν
1035 2748 1166 2816 πόλεων
1180 2746 1247 2813 αό-

292 2842 351 2911 τδν
369 2843 551 2929 φοβήσεται
566 2841 863 2929 τῶνἙλληνίδων,
885 2843 970 2914 ἄλλά
985 2854 1089 2914 πᾶσαι
1109 2845 1245 2932 θαρρή-

228 2963 274 3015 ιθε
292 2963 388 3009 σουσι
401 2939 490 3028 πλην
501 2939 777 3009 τῶνάδικουσαῑν.
801 2940 960 3029 ἠπίστατο
971 2942 1037 3030 γάρ
1046 2945 1125 3023 τούς
1136 2972 1171 3012 τε
1186 2950 1240 3013 δε-
1262 2962 1294 3016 73

293 3039 413 3121 διότας,
425 3036 476 3106 ότι
494 3047 639 3125 μισοῦσι,
651 3038 696 3107 δι’
707 3037 767 3119 οὓς
778 3037 822 3107 άν
832 3049 932 3109 τοῦτο
943 3044 1151 3122 πεπονθότες
1162 3069 1240 3130 τνγ-

292 3138 436 3225 χάνωσι,
464 3139 526 3222 τήν
545 3163 580 3206 τε
601 3140 701 3207 πόλιν
723 3136 779 3207 διά
800 3144 863 3226 μὲν
882 3139 946 3228 τὴν
967 3148 1084 3229 φιλίαν
1100 3139 1247 3228 τὴντῶν

293 3237 404 3305 ἄλλων
421 3233 726 3323 εὐδαιμονεστάτην
740 3240 795 3305 καὶ
806 3248 966 3326 μεγίστην
977 3242 1175 3326 γενομένην,
1187 3239 1244 3307 διά

293 3338 329 3405 δέ
344 3334 381 3404 τό
398 3349 492 3423 μῖσος
505 3335 626 3422 μικρὸν
637 3335 871 3406 ἀπολιποῦσαν
882 3347 943 3406 τοῦ
953 3339 997 3426 μὴ
1013 3354 1084 3419 ταῖς
1094 3341 1247 3425 ἐσχάταις

293 3449 482 3522 συμφοραῖς
496 3450 696 3517 περιπεσεῖν.
720 3428 769 3503 όν
783 3437 1039 3523 ἐνθυμούμενος
1051 3445 1091 3527 τῇ
1105 3440 1167 3524 μὲν
1182 3442 1245 3505 δυ-
1345 3459 1346 3524 η

293 3538 391 3621 νάμει
427 3536 509 3617 τούς
539 3542 598 3624 τῆς
629 3536 758 3617 πόλεως
792 3542 972 3620 πολεμίους
993 3539 1243 3622 κατεστρέφετο,

292 3644 338 3723 τῷ
355 3635 385 3701 δ’
408 3634 485 3719 ἤθει
506 3632 567 3718 τὴν
583 3630 721 3700 εὔνοιαν
740 3635 801 3720 τὴν
824 3642 892 3702 τῶν
911 3635 1024 3705 ἄλλων
1046 3638 1243 3723 προσήγετο,
