2859 4334
259 443 302 506 20
543 446 787 504 ΙΣΟΚΡΑΤΟ
798 448 859 502 ΤΣ
877 445 926 518 (2)

260 612 481 685 ἐπαινοῦντας
508 602 592 672 ἀλλὰ
618 612 698 682 τοῦς
718 618 787 683 τοῖς
806 602 1093 691 ἁμαρτανομένοις
1113 610 1221 675 ἐπιτι-

258 712 400 790 μῶντας.
419 708 517 772 δίδου
527 709 720 787 παρρησίαν
728 716 798 781 τοῖς
809 696 849 770 εύ
860 711 1060 789 φρονοῦσιν,
1075 707 1133 770 ἵνα
1144 707 1222 791 περὶ

259 795 308 871 ῶν
323 800 368 871 άυ
384 801 572 892 άμφιγυοῇς
590 809 665 891 ἔχῃς
679 790 759 880 τοῦς
776 805 1095 889 συνδοκιμάσοντας.
1121 805 1221 891 διόρα

258 904 314 971 καὶ
337 899 417 983 τοῦς
437 907 535 990 τέχνη
555 903 801 980 κολακεύοντας
823 904 878 969 καί
899 900 979 981 τοῦς
997 901 1070 989 μετ’
1086 900 1222 983 εῦνοίας

257 1000 522 1086 θεραπεύοντας,
537 1003 595 1066 ἵνα
609 997 653 1086 μή
669 1001 774 1068 πλέον
786 1004 821 1067 οί
832 1002 976 1086 πονηροί
989 1010 1059 1068 τῶν
1067 1010 1222 1090 χρηστῶν

260 1106 389 1186 ἔχωσιν.
426 1096 529 1165 άκουε
546 1096 625 1176 τούς
642 1097 766 1183 λόγους
782 1095 861 1176 τοῦς
877 1099 954 1183 περὶ
970 1097 1142 1186 ἀλλήλων,
1164 1104 1222 1169 καὶ

258 1203 363 1281 πειρῶ
381 1201 554 1282 γνωρίζειν
569 1195 638 1280 ἅμα
655 1196 736 1274 τούς
753 1222 787 1262 τε
804 1201 979 1283 λέγοντας,
1001 1195 1116 1267 ὁποῖοί
1132 1204 1221 1280 τινές

208 1309 243 1363 ²9
259 1304 338 1386 είσι,
353 1299 409 1367 καὶ
423 1299 499 1384 περὶ
513 1289 562 1366 ῶν
576 1293 621 1363 ἂν
635 1301 786 1382 λέγωσιν.
822 1312 892 1376 ταῖς
903 1296 1019 1378 αὐταῖς
1032 1301 1150 1382 κόλαζε
1164 1307 1247 1388 ζη.δ

257 1403 347 1484 μίαις
360 1394 440 1477 τοῦς
456 1403 587 1478 ψευδῶς
602 1397 844 1484 διαβάλλοντας
855 1394 973 1483 αἷσπερ
984 1396 1064 1479 τοῦς
1075 1403 1214 1488 ἐξαμαρ-

258 1521 431 1575 τανοντας.

336 1593 433 1680 ’Ἁρχε
444 1601 572 1660 σαυτοῦ
582 1596 688 1680 μηδὲν
698 1587 831 1680 ἧττονῆ
841 1601 911 1662 τῶν
921 1594 1045 1684 ἄλλων,
1057 1600 1111 1666 καὶ
1122 1594 1217 1665 τοῦθ’

258 1691 345 1780 ἡγοῦ
360 1689 635 1778 βασιλικώτατον,
657 1688 701 1759 άν
715 1699 859 1782 μηδεμιᾷ
874 1696 1039 1785 δουλεύης
1054 1703 1123 1765 τῶν
1136 1694 1221 1784 ἡδο-

257 1799 340 1877 νῶν,
355 1789 440 1858 άλλιὶ
455 1800 577 1878 κρατῇς
592 1797 659 1857 τῶν
669 1795 861 1879 ἐπιθυμιῶν
870 1792 1030 1881 μάλλονῆ
1041 1803 1110 1862 τῶν
1121 1804 1221 1864 πολι-

259 1899 336 1958 τῶν.
352 1895 519 1976 μηδεμίαν
532 1897 721 1958 συνουσίαν
733 1897 804 1981 είκῇ
814 1896 1001 1979 προσδέχου
1011 1893 1091 1980 μηδ’
1103 1893 1219 1981 άλογί-

259 2012 359 2076 στως,
382 1987 456 2058 ἄλλ’
474 1987 526 2057 ἐπ’
544 1993 686 2069 ἐκείναις
700 2006 772 2070 ταῖς
787 1996 972 2079 διατριβαῖς
986 1999 1075 2075 ἔθιζε
1090 1992 1220 2063 σαυτόν

258 2095 397 2175 χαίρειν,
414 2093 445 2167 ἐξ
461 2080 510 2156 ῶν
524 2087 624 2168 αὐτός
637 2087 667 2156 τ’
683 2090 859 2168 ἐπιδόσεις
869 2093 924 2158 καὶ
935 2105 1003 2169 τοῖς
1015 2090 1128 2172 ἄλλοις
1139 2100 1221 2180 βελ-
1231 2123 1250 2160 ε

210 2201 246 2255 ³0
260 2195 342 2257 τίων
364 2185 448 2253 εἶναι
470 2188 584 2268 δόξεις.
604 2189 679 2277 (θ’.)
716 2188 777 2275 Μὴ
793 2195 920 2276 φαίνου
940 2192 1223 2277 φιλοτιμούμενος

259 2290 312 2354 ἐπὶ
332 2299 400 2362 τοῖς
420 2285 601 2371 τοιούτοις,
628 2285 650 2352 δ
670 2291 814 2366 καὶτοῖς
835 2302 951 2366 κακοῖς
971 2288 1220 2373 διαπράξασθαι

259 2385 408 2453 δυνατόν
422 2386 523 2470 ἐστιν,
541 2382 616 2454 ἄλλ’
628 2384 682 2454 ἐπ’
694 2385 796 2475 ἀρετῇ
806 2389 891 2473 μέγα
902 2393 1054 2472 φρονῶν,
1066 2380 1107 2475 ἧς
1118 2385 1220 2456 οῦδὲν

258 2486 359 2571 μέρος
368 2498 439 2562 τοῖς
450 2496 611 2571 πονηροῖς
621 2487 783 2570 μέτεστιν.
816 2487 929 2571 νόμιζε
940 2493 1009 2552 τῶν
1021 2492 1126 2572 τιμῶν
1137 2483 1220 2573 άλη-

261 2581 426 2662 θεστάτας
442 2580 528 2650 εἶναι
547 2581 591 2669 μὴ
608 2581 668 2662 τάς
686 2587 724 2651 έν
739 2592 787 2674 τῶ
803 2591 940 2673 φανερῷ
958 2582 1037 2668 μετά
1055 2587 1153 2663 δέους
1166 2612 1220 2671 γι·

259 2685 442 2771 γνομένας,
459 2680 533 2751 ἀλλ’
551 2681 633 2750 όταν
648 2681 744 2751 αὐτοὶ
758 2681 839 2768 παρ’
857 2681 971 2761 αὐτοῖς
985 2682 1080 2762 ὄντες
1092 2687 1223 2769 μᾶλλόν
1238 2708 1274 2762 ²1

260 2805 324 2854 σου
343 2783 406 2870 τὴν
425 2783 566 2868 γνῶμην
581 2782 603 2868 ἢ
618 2781 680 2868 τὴν
694 2784 800 2868 τύχην
814 2782 1044 2868 θαυμάζωσιν.
1067 2785 1221 2851 λάνθανε

260 2886 332 2969 μὲν,
348 2880 392 2967 ἢν
406 2885 461 2949 ἐπί
472 2882 519 2971 ιμ’
534 2901 587 2948 σοι
602 2889 714 2970 συμβῇ
725 2888 794 2948 τῶν
805 2880 948 2967 φαύλων
958 2888 1098 2966 χαίρειν,
1114 2885 1221 2949 ἐνδεί-

212 2996 243 3048 31
262 3002 368 3051 ανυσο
385 2982 421 3047 δὲ
436 2983 512 3064 περί
527 2979 568 3047 τά
587 2985 724 3068 μέγιστα
740 2980 949 3058 σπουδάζων.
991 2977 1036 3064 μὴ
1059 2978 1138 3057 τοῦς
1159 2981 1222 3066 μὲν

262 3080 384 3159 άλλους
399 3078 494 3161 άξίου
509 3089 653 3168 κοσμίως
669 3088 738 3169 ζῆν,
753 3077 833 3159 τούς
843 3080 880 3147 δὲ
890 3080 1046 3167 βασιλέας
1060 3075 1220 3164 ἀτάκτως,

262 3181 345 3248 ἀλλὰ
356 3177 419 3263 τὴν
430 3186 558 3246 σαυτοῦ
569 3181 799 3265 σωφροσύνην
809 3177 1021 3262 παράδειγμα
1031 3189 1100 3253 τοῖς
1107 3175 1223 3254 ἄλλοις

262 3285 421 3363 καθίστη,
444 3278 659 3363 γιγνῶσκον,
681 3277 733 3346 ὅτι
752 3277 790 3345 τό
809 3282 867 3363 τῆς
886 3275 1016 3353 πόλεως
1036 3271 1117 3360 ὅλης
1136 3268 1224 3359 ἦθος

262 3377 436 3462 ὁμοιοῦται
450 3391 518 3454 τοῖς
533 3376 704 3463 άρχουσιν.
729 3389 868 3462 σημείου
877 3379 962 3442 έστω
974 3395 1028 3439 σοι
1038 3380 1101 3440 τοῦ
1111 3379 1223 3451 καλῶς

262 3473 471 3564 βασιλεύειν,
493 3472 538 3541 α”ν
555 3476 635 3554 τούς
651 3473 858 3560 ἀρχομένους
871 3469 953 3558 ὁρᾷς
968 3467 1251 3554 εύπορωτέρουςδ

261 3577 318 3643 καὶ
333 3579 630 3661 σωφρονεστέρους
644 3577 866 3662 γιγνομένους
882 3570 938 3640 διά
952 3568 1015 3658 τὴν
1029 3568 1094 3657 σὴν
1108 3573 1225 3658 ἐπιμέ-

214 3689 249 3746 ³2
263 3683 367 3743 λειαν.
396 3677 471 3753 περὶ
492 3681 646 3753 πλείονος
667 3680 768 3743 ποιοῦ
789 3672 892 3753 δόξαν
911 3665 1054 3755 καλὴνῆ
1074 3675 1223 3739 πλοῦτον
