2859 4334
401 415 522 474 ΠΕΡΙ
541 416 776 475 ΕΙΡΗΝΗΣ
1008 413 1069 478 175

152 604 227 657 νους
241 584 312 645 τών
328 578 364 644 ἐκ
377 582 436 662 τῆς
449 576 536 654 ίδίας
545 571 662 653 ούσίας
673 572 756 662 ύμῖν
768 577 1067 664 λειτουργούντων.

152 673 183 743 τ’
198 676 296 757 άξιου
304 674 509 761 θαυμάζειν,
524 682 559 743 εί
568 699 618 753 τις
632 676 753 757 ἐλπίζει
764 672 829 763 τήν
842 674 1069 747 πάλιντοιού-

153 802 174 854 ς
186 772 394 861 συμβούλοις
406 774 581 859 χρωμένην
596 773 649 840 ἐπὶ
660 768 698 839 τδ
709 777 842 859 βέλτιον
856 774 1043 844 ἐπιδώσειν.
1075 784 1096 843 δ

187 872 257 960 (ε’.)
269 868 353 957 Ἐγώ
369 866 403 939 δ’
419 866 579 955 allapsu,
594 865 848 955 ὅτιιρέσακτίς
860 874 953 941 ἐστιν
966 874 1068 941 ἐνπν-

153 978 346 1049 ῦσθαιταίς
357 966 532 1055 ὑμετέραις
542 972 716 1054 διανοίαις,
746 971 802 1038 καί
829 968 882 1039 ὅτι
896 976 1067 1059 δημωιρα·

155 1096 171 1148 ς
185 1067 292 1156 ούσης
304 1063 368 1137 ούκ
384 1072 452 1135 ἐστι
466 1071 652 1153 παρρησία,
672 1063 764 1154 πλήν
777 1069 903 1139 ἐνθάδε
922 1070 985 1158 μδυ
999 1084 1068 1149 τοῖς

152 1167 368 1255 ρονεστάτοις
377 1165 546 1253 καλμηδέν
557 1162 654 1252 ύμών
665 1172 915 1254 φροντίζουσιν,
925 1173 963 1238 ἐν
972 1172 1011 1240 δέ
1020 1179 1067 1262 τῷ

152 1269 239 1357 άτρφ
254 1280 324 1346 τοῖς
342 1264 716 1356 κωμῳδοδιδασκάλοις·
737 1262 758 1333 δ
777 1266 833 1334 καί
847 1267 985 1335 πάντων
999 1272 1066 1339 ἐστὶ

152 1366 316 1452 νύτατον,
336 1362 388 1433 δτι
408 1378 476 1443 τοῖς
489 1364 552 1451 μὲν
567 1365 772 1449 ἐκφέρουσιν
791 1368 838 1442 είς
851 1363 931 1444 τούς
944 1365 1068 1447 ἄλλους

152 1473 267 1551 λληνας
283 1460 324 1531 τὰ
339 1470 398 1549 τῆς
412 1462 542 1543 πόλεως
560 1461 780 1550 ἁμαρτήματα
797 1464 964 1551 τοσαύτην
979 1469 1067 1551 ἐχετε

152 1589 216 1649 ριν,
241 1560 327 1648 ὅσην
341 1558 420 1630 ούδέ
436 1574 507 1641 τοῖς
520 1552 559 1628 εύ
574 1568 727 1646 ποιοῦσι,
747 1557 832 1646 πρὸς
847 1564 884 1631 δέ
897 1560 978 1643 τούς
992 1566 1094 1633 ἐπι-ο
1178 1561 1184 1569 ’

152 1664 308 1750 ήττοντας
324 1662 380 1729 καὶ
399 1666 649 1739 νουθετοῦντας
662 1656 749 1745 ὑμᾶς
767 1656 857 1728 ούτω
871 1665 1067 1731 διατίθεσθε

152 1759 278 1841 σκύλως
295 1759 407 1847 ώσπερ
423 1758 509 1845 πρὸς
522 1756 604 1838 τούς
615 1758 723 1827 κακόν
732 1786 766 1826 τι
776 1756 839 1845 τήν
852 1760 952 1829 πόλιν
965 1762 1066 1847 ἐργα-

152 1862 273 1938 ιένους.
308 1856 398 1946 ὅμως
418 1859 455 1927 δέ
476 1860 530 1935 καί
551 1856 680 1925 τούτων
695 1854 918 1942 ὑπαρχόντων
938 1855 1002 1927 ούκ
1021 1853 1067 1926 ἐν

152 1962 290 2043 οσταίην
302 1947 351 2025 ών
363 1956 554 2043 διενοήθην.
568 1955 788 2042 παρελήλυθα
797 1953 863 2042 γάρ
874 1954 917 2026 ού
926 1958 1066 2043 χαριού·

152 2082 204 2135 νος
222 2052 304 2142 ύμῖν
320 2052 401 2123 οὐδὲ
419 2062 629 2142 χειροτονίαν
643 2057 865 2142 μνηστεύσων
884 2054 959 2126 ἀλλ’
979 2053 1066 2126 άπο-
1084 2068 1134 2125 1⁶2

153 2154 337 2241 νούμενος,
353 2149 376 2221 δ’
392 2154 546 2240 τυγχάνω
561 2155 762 2240 γιγνώσκων
771 2161 907 2241 πρώτον
916 2154 980 2241 μέν
989 2158 1066 2242 περὶ

170 2257 203 2321 οἱ
217 2252 399 2340 πρυτάνεις
411 2256 647 2339 προτιθέασιν,
661 2258 773 2322 ἔπειτα
784 2258 860 2342 περὶ
874 2262 943 2324 τών
953 2254 1066 2325 ἄλλων

152 2380 173 2420 ν
188 2358 246 2439 τῆς
260 2352 388 2430 πόλεως
402 2351 623 2439 πραγμάτων·
644 2349 745 2421 ούδέν
759 2351 824 2441 γάρ
839 2355 962 2442 ὄφελος
974 2360 1065 2424 ἐσται

153 2480 173 2519 ν
185 2459 251 2519 νῦν
261 2453 337 2538 περὶ
346 2458 404 2537 τῆς
415 2452 549 2540 εἰρήνης
557 2454 795 2540 γνωσθέντων,
809 2449 854 2540 ήν
865 2453 910 2540 μή
923 2456 979 2523 καὶ
990 2456 1066 2536 περί

152 2581 173 2621 ν
186 2559 314 2624 λοιπῶν
329 2549 442 2637 ὀρθῶς
454 2553 732 2640 βουλευσώμεθα.
756 2552 825 2639 (ς’.)
847 2554 937 2639 Φημί
951 2549 983 2619 δ’
1000 2545 1065 2619 ούν

153 2659 224 2738 ήναι
244 2660 416 2720 ποιεῖσθαι
435 2648 500 2737 τήν
515 2649 653 2738 εἰρήνην
667 2652 713 2738 μή
735 2651 843 2738 μόνον
863 2647 948 2735 πρὸς
963 2658 1068 2730 Χίους

153 2752 160 2817 ί
179 2747 322 2829 Ῥοδίους
340 2751 395 2820 καί
411 2754 616 2831 Βυζαντίους
634 2746 719 2818 ἀλλὰ
735 2746 819 2834 πρδς
840 2747 991 2828 ἅπαντας
1003 2745 1096 2817 aiv-b

154 2849 283 2935 ώπους,
300 2849 355 2918 καὶ
368 2856 514 2936 χρῆσθαι
526 2862 596 2927 ταῖς
610 2847 800 2933 συνθήκαις
810 2844 855 2935 μή
866 2848 1004 2927 ταύταις
1013 2843 1067 2926 αίς

153 2975 171 3015 ν
186 2948 273 3028 τινές
284 2948 511 3035 γεγράφασιν,
527 2944 612 3015 άλλδι
623 2960 693 3026 ταῖς
704 2948 900 3032 γενομέναις
909 2943 1067 3033 μένπρδς

153 3048 241 3116 σιλέα
255 3049 311 3115 καὶ
325 3051 625 3134 Λακεδαιμονίους,
640 3045 925 3132 προσταττούσαις
940 3046 977 3114 δέ
987 3042 1066 3125 τούς

153 3155 269 3233 λληνας
287 3144 497 3233 αύτονόμονς
514 3143 599 3215 εἶναι
618 3149 674 3216 καὶ
693 3146 754 3226 τάς
773 3144 927 3233 φρουράς
942 3147 979 3214 ἐκ
998 3152 1067 3212 τών

153 3252 290 3328 λοτρίωυ
308 3243 441 3314 πόλεων
461 3247 580 3327 ἐξιέναι
600 3247 656 3314 καὶ
673 3242 737 3332 τήν
749 3242 863 3314 αύτών
880 3250 968 3330 ἐχειν
988 3242 1067 3313 ἐπά-

153 3371 216 3424 ους.
243 3344 373 3414 τούτων
385 3342 451 3433 γάρ
473 3343 552 3414 οὔτε
567 3346 774 3431 δικαιοτέρας
789 3340 975 3430 εὑρήσομεν
988 3341 1067 3411 ούτε

153 3450 236 3513 ἱλλον
248 3449 288 3533 τῇ
303 3444 398 3513 πόλει
412 3444 659 3532 συμφερούσας.

191 3542 257 3629 (ζ.)
268 3534 332 3609 Ἦν
352 3540 414 3629 μέν
433 3534 498 3611 ούυ
513 3544 661 3611 ἐνταῦθα
682 3545 851 3609 καταλίπω
872 3536 932 3606 τὰν
946 3538 1088 3627 λύγον,ι

153 3638 170 3705 λ’
181 3636 232 3709 ὅτι
242 3638 327 3720 δόξω
337 3638 399 3727 τήν
407 3640 509 3710 πάλιν
516 3643 688 3724 ἐλαττοῦν,
698 3643 729 3707 εί
734 3637 1066 3725 Θηβαίοιμένέξουσι
