2859 4334
312 395 352 458 οε
604 399 979 476 120KPAT01’2(5)

308 566 383 629 τίαν
399 562 454 628 καί
470 565 627 628 διοικίσαι
641 555 701 638 τάς
713 557 842 642 πόλεις,
857 561 1090 646 βοηθήσαντες
1104 560 1199 648 ἡμεῖς
1212 562 1273 648 ίμ-

260 673 295 727 44
308 656 425 726 ποδδν
436 659 622 746 ἐγενόμεθα
633 671 703 736 ταῖς
714 660 853 725 ἐκείνων
868 659 1077 745 ἐπιθυμίαις·
1098 662 1154 730 καί
1167 660 1274 728 πάλιν

307 757 557 844 μεταπεσούσης
566 763 624 843 τῆς
633 758 735 843 τύχης
749 760 804 825 καί
815 765 975 845 Θηβαίων
988 762 1042 828 καί
1050 766 1273 846 Πελοποννη-

309 863 392 924 σίων
421 852 581 924 ἁπάντων
608 856 892 943 ἐπιχειρησάντων
918 854 1108 926 ἀνάστατον
1133 865 1273 944 ποιῆσαι

308 953 371 1043 τὴν
382 956 561 1043 Σπάρτην,
577 952 670 1042 ἡμεῖς
680 958 735 1023 καί
747 953 832 1041 πρὸς
842 958 992 1050 ἐκείνους
1005 956 1105 1043 μόνοι
1117 963 1185 1024 τῶν
1195 955 1272 1024 Ἐλ-

308 1056 422 1143 λήνων
442 1053 663 1144 ποιησάμευοι
684 1061 877 1142 συμμαχίαν
896 1060 1062 1122 συναίτιοι
1082 1061 1139 1141 τῆς
1158 1069 1303 1141 σωτη-ῑ)

260 1166 293 1220 οδ
309 1161 382 1239 ρίας
397 1153 510 1234 αύτοϊς
529 1157 741 1241 κατέστημεν.
775 1161 900 1241 πολλῆς
921 1146 987 1221 ούν
1010 1151 1126 1232 άυοίας
1150 1148 1194 1220 όν
1217 1164 1269 1241 εἴη

308 1249 437 1340 μεστός,
453 1263 486 1321 εί
493 1279 542 1331 τις
552 1251 645 1337 ὁρῶν
658 1253 859 1339 τηλικαύτας
869 1249 1054 1340 μεταβολάς
1068 1255 1270 1340 γιγνομένας

308 1348 434 1431 καὶτὰς
449 1351 564 1429 πόλεις
583 1347 661 1438 μήτ’
684 1357 808 1437 ἔχθρας
827 1349 912 1439 μήθ’
935 1351 1048 1438 όρκων
1068 1349 1145 1439 μήτ’
1162 1351 1268 1421 ἄλλον

176 1484 178 1487 ·
307 1446 1267 1540 μηδενδςφρουτιζούσας,πλὴνότιάνὺπολάβιισινύφέ-

308 1558 406 1636 λιμον
421 1548 538 1628 αὑταῖς
557 1547 658 1636 εἶναι,
679 1557 779 1619 τούτο
803 1551 839 1617 δὲ
860 1551 1064 1637 στεργούσας
1086 1549 1195 1638 μόνον
1211 1554 1268 1620 καί

306 1655 419 1717 πᾶσαν
434 1645 497 1734 τὴν
511 1646 666 1736 σπονδὴν
680 1651 755 1733 περί
769 1649 893 1718 τούτου
907 1654 1129 1738 ποιουμένας,
1151 1648 1197 1738 μὴ
1212 1654 1268 1719 καί

306 1753 373 1815 νύν
383 1752 511 1832 νομίζοι
526 1743 589 1834 την
600 1745 707 1834 αὐτὴν
721 1749 862 1835 χνύμηυ
875 1751 962 1830 ἕξειν
978 1747 1098 1838 αύτόις,
1115 1749 1222 1830 άλλως
1232 1776 1267 1818 τε

305 1848 361 1913 καί
377 1851 441 1911 σοῦ
462 1846 525 1931 μὲν
545 1848 800 1926 ἐπιστατοῦντος
822 1861 893 1926 ταῖς
913 1853 1121 1935 διαλλαγαῖς,
1149 1856 1210 1916 τοῦ
1231 1852 1268 1918 δὲ
1280 1875 1300 1914 ο

305 1945 538 2029 συμφέροντος
561 1949 757 2031 πείθοντος,
792 1952 861 2014 τῶν
886 1945 922 2014 δὲ
946 1947 1126 2033 παρόντων
1152 1955 1267 2018 κακῶν

305 2039 572 2129 ἀναγκαζόντων.
595 2040 660 2130 ίχδ
674 2046 737 2130 μὲν
753 2041 817 2131 γάρ
833 2042 924 2132 οἶμαι
943 2046 1073 2112 τούτων
1090 2066 1143 2114 σοι
1159 2067 1265 2115 συνα-

305 2144 540 2228 γωνιζομένων
557 2139 689 2209 ἅπαντα
703 2142 908 2230 γενήσεσθαι
924 2141 1006 2210 κατὰ
1022 2144 1158 2230 τρόπον.

258 2255 291 2309 46
393 2238 477 2326 (ιη’.)
492 2236 656 2326 Ἡνοῦμαι
673 2238 704 2307 δ’
722 2238 830 2321 οὕτως
844 2239 888 2311 άν
905 2261 942 2310 σε
957 2243 1101 2328 μάλιστα
1115 2270 1266 2331 καταμα-

309 2346 397 2424 θεῖν,
420 2338 478 2405 εἴτ’
501 2341 674 2423 εἰρηνικῶς
697 2343 763 2402 είτε
780 2342 965 2420 πολεμικῶς
983 2337 1017 2400 αί
1035 2338 1148 2412 πόλεις
1166 2337 1265 2401 αὗται

308 2437 392 2523 πρὸς
414 2435 558 2520 ἀλλήλας
577 2432 724 2518 ἔχουσιν,
747 2434 777 2499 εί
794 2430 1025 2518 διεξέλθωμεν
1041 2435 1123 2518 μήτε
1140 2435 1265 2498 παντά-

308 2550 411 2598 πασιν
428 2531 540 2608 ἁπλῶς
553 2532 635 2616 μήτε
649 2532 726 2596 λίαν
739 2529 883 2616 ἀκριβῶς
896 2531 936 2596 τά
949 2529 1087 2613 μέγιστα
1100 2540 1167 2595 τῶν
1179 2549 1265 2616 παρ-

308 2632 416 2696 όντων
434 2629 558 2712 αύταίς,
576 2625 632 2692 καὶ
649 2639 784 2712 πρῶτον
801 2623 864 2712 μὲν
883 2628 1090 2711 σκεψαίμεθα
1103 2628 1144 2692 τὰ
1158 2630 1293 2693 Adue-d

308 2728 499 2812 δαιμονίων.

259 2836 293 2885 ιτ
388 2820 481 2911 (ιθ’.)
492 2818 596 2888 Οὗτοι
605 2823 670 2909 γὰρ
680 2823 838 2906 ἄρχοντες
847 2819 1265 2906 τῶνἙλλήνων,ούπολὺς

307 2922 426 3004 χρόνος
440 2918 472 2993 ἐξ
488 2916 539 3004 οὗ,
553 2918 609 2986 καὶ
622 2919 705 2986 κατὰ
718 2927 784 3003 γῆν
797 2916 852 2984 καί
865 2918 948 2984 κατὰ
957 2921 1138 3003 θάλατταν,
1153 2921 1201 2997 είς
1209 2941 1264 2985 το-

307 3017 434 3099 σαύτην
451 3017 637 3101 μεταβολην
656 3012 777 3100 ἦλθον,
796 3015 909 3100 ἐπειδὴ
922 3016 984 3099 την
997 3017 1105 3100 μάχην
1118 3016 1264 3101 ἡττήθη-

307 3113 450 3196 σαυτὴν
469 3112 506 3178 ἐν
525 3114 717 3198 Λεύκτροις,
737 3110 815 3180 ὥστ’
832 3111 1107 3197 ἀπεστερήθησαν
1124 3113 1187 3195 μὲν
1205 3124 1264 3199 τῆς

307 3209 344 3277 ἐν
357 3207 571 3295 τοῑςἝλλησι
585 3212 791 3294 δυναστείας,
805 3210 979 3287 τοιούτους
993 3209 1020 3275 δ
1037 3211 1162 3296 ἄνδρας
1173 3210 1264 3278 ἀπώ·

306 3313 408 3375 λεσαν
425 3319 523 3395 σφῶν
541 3308 663 3393 αὐτῶν,
682 3312 718 3374 οἳ
733 3316 943 3395 προηροῦντο
959 3309 1121 3373 τεθνάναι
1134 3313 1264 3389 μᾶλλον

258 3405 326 3490 4εῆ
350 3410 409 3491 ζῆν
431 3405 630 3490 ἡττηθέντες
650 3400 699 3471 ὧν
716 3407 879 3490 πρότερον
897 3403 1081 3484 όδέσποζον.
1122 3407 1207 3491 πρὸς
1224 3408 1263 3472 δὲ
1347 3423 1348 3433 ³

305 3505 437 3581 τούτοις
450 3504 584 3571 ἐπεῖδον
593 3503 890 3587 Πελοποννησίους
904 3502 1050 3580 ἅπαντας
1057 3506 1138 3582 τοὺς
1146 3505 1262 3589 πρότε-

306 3623 369 3683 ρον
381 3599 456 3686 μεθ’
471 3602 582 3666 αὐτῶν
595 3599 651 3666 ἐπὶ
665 3603 746 3677 τοὺς
757 3601 879 3676 ἄλλους
889 3598 1170 3684 ἀκολουθοῦντας,
1184 3603 1287 3666 τού-ε
