2859 4334
290 397 350 459 140
582 392 964 467 ιεοιτνκτουειω

289 564 452 645 δευμασιν
477 557 679 642 ἐμμένοντας
703 544 754 630 οἷς
777 553 810 631 ἐξ
836 550 939 640 άρχής
962 554 1251 642 κατεστησάμεθα,
1358 591 1359 594 “

287 653 367 737 τοῦς
387 657 424 725 δὲ
443 654 528 742 μηδὲ
548 649 607 732 τάς
629 647 782 737 εὐτυχίας
801 652 919 737 φέρειν
934 654 1146 739 δυναμένους
1162 649 1251 722 άλλά

288 752 618 840 διατεταραγμένους,
629 750 684 820 καί
692 747 773 829 τούς
779 752 843 837 μὲν
850 748 909 831 τάς
918 757 1126 839 συμμαχίδας
1134 753 1252 832 πόλεις

287 852 615 941 καταλαμβάνοντας,
627 846 707 928 τοῦς
719 848 756 917 δδ
765 845 927 919 τάυαντία
937 852 1071 930 τούτοις
1081 851 1253 937 πράττον-

288 977 361 1037 τας,
376 948 500 1029 ἄλλους
510 949 547 1019 δέ
558 948 634 1034 περὶ
644 945 754 1033 χάρας
764 960 834 1026 τοῖς
843 944 981 1035 ὁμόροις
991 945 1253 1037 άμφισβητοῦν-

287 1076 355 1135 τας,
370 1046 629 1135 τοῦςδέμοῖλλου
640 1042 798 1133 άλλήλοις
807 1054 1025 1132 φθονοῦντας
1035 1042 1058 1133 ή
1067 1045 1253 1135 πρόςήμᾶς

287 1154 525 1233 πολεμοῦντας.
556 1143 641 1214 ὥστε
661 1145 826 1232 θαυμάζω
845 1153 915 1214 τῶν
935 1154 1034 1233 μείζω
1056 1154 1251 1235 συμμαχίαν
1264 1182 1283 1220 ε

289 1251 477 1333 ζητούντων
501 1236 549 1313 όν
572 1248 606 1311 οί
632 1245 786 1331 πολέμιοι
811 1245 1040 1331 τυγχάνουσιν
1065 1248 1253 1329 ἐξαμαρτά-

287 1370 412 1423 νοντες.

238 1458 273 1513 62
371 1444 457 1525 (κζ.)
477 1450 521 1511 Εἰ
541 1444 577 1511 δὲ
595 1446 721 1511 δεῖκαὶ
740 1444 817 1528 περὶ
837 1450 907 1511 τῶν
928 1447 1058 1526 ἔξωθεν
1077 1452 1253 1533 βοηθειῶν

289 1551 410 1630 είπετυ,
431 1540 579 1631 ἡγοῦμαι
599 1539 746 1621 πολλοῦς
763 1547 901 1612 ἔσεσθαι
919 1540 1001 1624 τοῦς
1018 1548 1252 1633 βουλομένους
1272 1560 1330 1618 129

287 1642 472 1731 ἐπαμύνειν
485 1639 575 1729 ήμλυ.
600 1643 777 1728 ἐπίσταμαι
791 1638 857 1727 γάρ
867 1648 1004 1728 πρῶτον
1014 1644 1078 1730 μὲν
1090 1640 1252 1730 Ἀθηναί-

288 1770 364 1830 ους,
387 1748 418 1813 εί
429 1744 485 1811 καλ
498 1742 542 1829 μή
558 1739 669 1809 πάντα
682 1737 764 1827 μεθ’
779 1737 876 1829 ήμῶν
891 1742 992 1828 είσὶυ,
1017 1738 1093 1810 ἄλλ’
1109 1738 1194 1829 ῦπίρ
1208 1769 1250 1829 με

287 1850 345 1929 τῆς
367 1848 531 1928 σωτηρίας
555 1847 614 1929 τῆς
636 1836 798 1928 ἡμετέρας
812 1837 940 1911 ’ὁτιοῦν
960 1836 1005 1909 άν
1027 1842 1247 1929 ποιήσοντας·

288 1947 400 2009 ἔπειτα
420 1948 488 2009 τῶν
510 1937 623 2009 ἄλλων
643 1939 777 2011 πόλεων
798 1945 890 2010 ἔστιν
907 1937 948 2020 ἃς
962 1939 1085 2028 ὁμοίως
1100 1938 1144 2011 άν
1161 1938 1248 2030 ὑπὲρ

286 2045 355 2109 τῶν
368 2037 449 2126 ἡμῖν
466 2041 712 2127 συμφερόντων
728 2038 840 2129 ὥσπερ
854 2044 931 2129 περὶ
946 2049 1015 2110 τῶν
1030 2040 1146 2124 αύταλς
1162 2052 1249 2132 βου-

239 2154 274 2211 63
288 2142 506 2224 λενσομίυας·
531 2144 578 2208 ἔτι
592 2142 629 2209 δὲ
643 2141 833 2210 Διονύσιον
846 2137 908 2209 τόν
928 2140 1100 2229 τύραννον
1115 2145 1171 2212 καὶ
1186 2139 1250 2211 τόν

287 2245 482 2323 Αίγυπτίωυ
501 2239 641 2328 βασιλέα
660 2240 716 2310 καὶ
736 2237 817 2319 τοῦς
838 2237 962 2319 ἄλλους
984 2238 1064 2319 τοῦς
1084 2238 1169 2309 κατά
1185 2237 1251 2326 τήν

282 2336 397 2406 Ἀσίαν
411 2338 595 2425 δυνάστας,
611 2335 694 2407 καθ’
710 2336 794 2407 ὅσον
809 2341 943 2408 ἕκαστοι
958 2342 1140 2428 δύνανται,
1162 2364 1250 2426 προ-

285 2437 406 2524 θύμως
419 2434 465 2507 άν
475 2434 556 2525 ἡμῖν
571 2437 872 2525 ἐπικουρήσοντας·
894 2437 980 2528 πρός
994 2443 1032 2510 δὲ
1045 2440 1177 2520 τούτοις
1189 2442 1247 2507 καί
1265 2457 1287 2513 b

285 2546 353 2607 τῶν
362 2534 533 2624 Ἑλλήνων
552 2535 632 2617 τούς
646 2550 719 2616 ταῖς
739 2534 870 2618 οῦσίαις
889 2541 1093 2627 προέχοντας
1107 2541 1163 2608 καὶ
1176 2552 1250 2617 ταῖς

287 2636 399 2719 δόξαις
418 2635 653 2723 πρωτεύοντας
676 2641 732 2707 καί
751 2644 821 2707 τῶν
840 2644 1021 2727 βελτίστων
1040 2637 1250 2725 πραγμάτων

286 2741 554 2824 ἐπιθυμοῦντας,
571 2741 602 2806 εί
615 2738 671 2805 καὶ
682 2737 783 2824 μήπω
796 2735 1059 2824 συνεστήκασιν,
1077 2733 1162 2805 άλλό
1176 2749 1249 2815 ταῖς

285 2834 319 2922 γ’
333 2832 479 2915 εύυοίαις
492 2833 573 2923 μεθ’
585 2833 683 2923 ἡμῶν
696 2833 813 2922 ὄντας,
829 2839 866 2905 ἐν
877 2830 927 2915 οἷς
937 2838 1014 2923 περὶ
1024 2843 1093 2905 τῶν
1104 2836 1250 2923 μελλόν-

284 2961 353 3002 των
368 2934 503 3015 είκότως
517 2930 561 3003 άν
575 2935 723 3023 μεγάλας
737 2939 872 3015 ἐλπίδας
887 2941 1027 3022 ἔχοιμεν.

237 3049 273 3105 64
372 3033 465 3123 (κη’.)
489 3031 590 3120 Οίμαι
611 3036 648 3103 δὲ
668 3038 724 3103 καί
741 3032 803 3103 τόν
819 3032 924 3104 ἄλλον
937 3030 1039 3120 όχλοκ
1052 3032 1113 3102 τόν
1129 3036 1166 3102 ἐν
1180 3042 1252 3102 Πε-

286 3130 487 3223 λοποννήσῳ
502 3133 559 3200 καὶ
571 3130 632 3201 τόν
647 3139 767 3221 δῆμον,
782 3131 824 3202 ὂν
835 3134 978 3220 οἰόμεθα
991 3132 1135 3219 μάλιστα
1146 3139 1251 3200 πολε-

286 3245 361 3318 μείυ
370 3227 463 3319 ἡμῖν,
471 3240 594 3301 ποθελν
605 3229 670 3319 ήδη
680 3229 744 3320 τήν
754 3229 919 3320 ἡμετέραν
930 3234 1129 3319 ἐπιμέλειαν.
1148 3227 1252 3299 οῦδὲν

285 3329 350 3418 γάρ
366 3329 481 3411 αὐτοῖς
495 3329 659 3400 άποστάσι
674 3335 816 3418 γέγονεν
827 3323 877 3400 τόν
890 3330 1156 3418 προσεδόκησαν,
1172 3325 1246 3399 ἀλλ’
1263 3357 1283 3397 ο

286 3427 360 3499 άντδ
369 3432 433 3518 μὲν
441 3440 499 3520 τῆς
507 3435 703 3517 ἐλευθερίας
713 3429 914 3501 τούναντίον
924 3430 1150 3519 ἀποβέβηκεν·
1162 3427 1250 3499 ιἰττο-

285 3532 440 3610 λύσαντες
448 3529 514 3617 γάρ
525 3527 639 3598 αὑτοῖν
648 3528 728 3610 τοὺς
735 3537 928 3618 βελτίστους
937 3532 990 3599 ἐπὶ
999 3534 1253 3615 τοϊςχειοίστοις

286 3635 354 3695 τῶν
374 3636 521 3697 πολιτοῖν
541 3629 740 3717 γεγόνασιν,
770 3629 843 3699 ιἰντδ
860 3634 897 3699 δὲ
914 3637 971 3715 της
983 3623 1188 3712 αύτονομίας
1206 3629 1257 3704 δίς
