2859 4334
306 417 349 480 οο
599 415 982 490 ammom)

306 577 367 665 οῦχ
383 572 453 658 οἷός
466 574 496 644 τ’
512 568 568 665 ήν,
585 573 659 646 άλλ’
673 574 763 645 οὕτω
779 579 949 659 διεκείμην
964 571 1045 641 ὥστ’
1061 570 1168 652 εὐθὺς
1185 591 1271 640 σκο-

305 685 460 761 πεῖσθαι,
484 680 555 752 πῶς
570 669 614 741 ῶν
633 669 674 740 τά
695 672 913 760 πεπραγμένα
933 675 1170 756 παραμείνειεν
1184 666 1271 756 ἡμίν

305 777 361 844 καλ
375 770 420 861 μή
434 772 560 858 χρόνον
574 768 691 859 ὀλίγον
702 770 724 857 ἡ
735 773 831 851 πόλις
842 769 939 858 ήμῶν
951 773 1152 838 διαλιποῦσα
1162 768 1300 838 πάλινο

277 876 428 958 σε’τέρων
438 873 595 957 πολέμων
606 871 843 958 ἐπιθυμήσειε·
858 865 992 949 διεξιῶν
1002 870 1038 936 δέ
1049 867 1271 954 περὶτούτων

305 968 390 1058 πρὸς
415 965 562 1056 ἐμαυτὸν
590 968 751 1056 εὕρισκον
775 964 931 1055 οάδαμῶς
957 962 1002 1036 άν
1027 966 1134 1047 άλλως
1159 965 1271 1056 αὐτὴν

304 1068 447 1159 ἡσυχίαν
462 1068 623 1156 άγονσαν,
639 1067 728 1156 πλήν
743 1073 774 1138 εί
786 1068 891 1149 δόξειε
906 1081 977 1147 ταῖς
992 1064 1108 1136 πόλεσι
1121 1081 1193 1147 ταίς
1206 1093 1270 1154 με·

304 1177 432 1266 γίσταις
452 1170 711 1255 διαλυσαμέναις
730 1164 771 1236 τά
790 1165 875 1255 πρδς
899 1174 987 1254 σφᾶς
1011 1164 1114 1247 αὐτάς
1135 1173 1181 1246 είς
1203 1163 1270 1255 τήν

301 1271 416 1338 Ἀσίαν
434 1265 496 1337 τδν
516 1269 666 1354 πόλεμον
686 1269 882 1354 ἐξενεγκεῖν,
907 1263 1042 1346 καὶτὰς
1062 1271 1269 1354 πλεονεξίας,

306 1367 346 1448 ἃς
355 1374 422 1435 νῦν
432 1364 523 1453 παρὰ
534 1363 779 1452 τῶνἙλλήνων
789 1363 942 1447 άξιοῦσιν
950 1361 1065 1444 αὑταῖς
1074 1371 1266 1453 γίγνεσθαι,

305 1462 561 1551 ταῦταςείπαρά
568 1473 636 1534 τῶν
642 1465 1040 1553 βαρβάρωνποιήσασθαι
1046 1472 1268 1553 βουληθεῖεν·

306 1564 392 1653 άπερ
413 1567 451 1634 ἐν
471 1571 517 1656 τῷ
540 1571 760 1655 πανηγυρικῷ
781 1564 871 1655 λόγῳ
895 1565 1050 1652 τυγχάνω
1072 1572 1297 1654 συμβεβοωο

305 1666 446 1744 λευκῶς.

258 1783 292 1838 1⁰
390 1766 455 1847 (ε’.)
482 1772 595 1834 Ταῦτα
610 1767 648 1834 δὲ
665 1765 859 1851 διανοηθείς
875 1765 930 1834 καὶ
946 1771 1086 1852 νομίσας
1107 1760 1266 1833 οὐδέποτ’

305 1862 351 1935 άν
366 1863 551 1950 εὑρεθῆναι
565 1870 689 1934 καλλίω
703 1864 827 1952 ταύτης
840 1861 1010 1934 ὑπόθεσιν
1025 1861 1104 1933 οῦδὲ
1114 1865 1267 1932 κοινοτέ-

306 1990 372 2051 ραν
382 1962 462 2032 οῦδέ
473 1972 602 2050 μᾶλλον
613 1962 740 2034 ἅπασιν
749 1962 830 2053 ἡμίν
841 1967 1093 2052 συμφέρουσαν,
1109 1963 1267 2050 ἐπήρθην

306 2063 410 2134 πάλιν
421 2064 549 2150 γράψαι
560 2064 635 2150 περί
647 2061 766 2150 αὐτῆς,
779 2060 842 2132 οὐκ
852 2062 988 2150 ἀγνοῶν
999 2060 1100 2131 οὐδὲν
1109 2068 1177 2130 τῶν
1187 2063 1264 2144 περὶ

306 2160 464 2249 ἐμαυτὸν,
479 2159 553 2230 ἀλλ’
567 2159 662 2241 είδῶς
674 2162 737 2249 μὲν
751 2159 813 2232 τδν
823 2162 928 2249 λόγον
937 2168 1059 2231 τοῦτον
1070 2158 1179 2247 οάτής
1189 2157 1266 2246 ἡλι-

305 2267 379 2341 κίας
400 2269 457 2348 τῆς
478 2262 558 2347 ἐμῆς
578 2261 742 2347 δεόμενον
762 2257 836 2331 ἀλλ’
856 2258 980 2347 άνδρδς
1001 2257 1180 2329 ἀνθοῦσαν
1201 2255 1267 2346 τήν

304 2356 417 2446 άκμήν
437 2365 570 2446 ἐχοντος
590 2361 645 2426 καί
665 2357 729 2446 τήν
750 2361 857 2445 φύσιν
876 2358 964 2429 πολῦ
978 2368 1048 2428 τῶν
1063 2358 1175 2429 ἄλλων
1189 2363 1267 2426 δια-

257 2481 288 2533 ll
305 2464 483 2547 φέροντος,
506 2455 598 2545 δρῶν
612 2456 644 2526 δ’
663 2457 713 2526 ὅτι
733 2459 880 2548 χαλεπόν
895 2462 963 2528 ἐστι
983 2463 1059 2545 περὶ
1077 2456 1140 2546 τήν
1155 2454 1265 2543 αὐτήν
1280 2465 1296 2519 d

304 2557 474 2630 ὑπόθεσιν
490 2560 553 2626 δύο
569 2557 692 2644 λόγους
706 2555 854 2638 ἀνεκτῶς
874 2565 995 2646 είπείν,
1021 2557 1129 2638 άλλως
1145 2584 1180 2626 τε
1197 2552 1266 2626 κῶν

304 2656 322 2728 ὁ
338 2657 506 2744 πρότερον
527 2657 679 2734 ἐκδοθεὶς
699 2650 842 2746 οῦτωςή
863 2661 1091 2744 γεγραμμένος
1109 2653 1193 2724 ῶστε
1207 2657 1266 2723 καλ

304 2755 384 2837 τοῦς
410 2764 656 2845 βασκαίνοντας
681 2753 769 2842 ἡμᾶς
796 2767 969 2843 μιμεῖσθαι
997 2757 1052 2825 καὶ
1076 2753 1267 2842 θαυμάζειν

305 2853 410 2925 αὐτὸν
438 2863 567 2941 μᾶλλον
595 2861 664 2923 τῶν
692 2852 774 2923 καθ’
801 2853 996 2944 ὑπερβολήν
1022 2854 1265 2923 ἐπαινούντων.

258 2970 291 3024 12
306 2951 381 3025 ἀλλ’
399 2952 489 3040 ὅμως
503 2952 568 3039 ἐγῶ
588 2954 711 3033 ταύτας
731 2952 790 3035 τάς
810 2958 1002 3042 δυσχερείας
1015 2949 1188 3041 ῦπεριδῶν
1203 2950 1261 3021 οῦ-

305 3080 371 3133 τως
392 3053 444 3122 ἐπὶ
467 3053 578 3140 γήρως
598 3057 724 3141 γέγονα
746 3055 936 3142 φιλότιμος,
965 3050 1043 3122 ὥστ’
1066 3051 1269 3141 ἠβουλήθην

305 3154 375 3244 ἅμα
389 3168 460 3232 τοῖς
479 3178 565 3240 προς
585 3153 622 3222 σὲ
643 3155 836 3240 λεγομένοις
852 3156 906 3221 καλ
920 3166 988 3232 τοις
1002 3149 1076 3240 μετ’
1092 3154 1176 3240 ἐμοῦ
1190 3155 1267 3219 δια·
1280 3180 1297 3218 ε

304 3259 463 3339 κρίμασιν
479 3249 650 3333 ὑποδεῖξαι
664 3254 720 3320 καλ
734 3258 871 3339 ποιήσαι
886 3249 1054 3340 φανερὸν,
1081 3250 1133 3319 ὅτι
1148 3247 1185 3319 τδ
1201 3249 1266 3337 μὲν

305 3367 376 3433 ταῖς
395 3349 628 3439 πανηγύρεσιν
643 3354 792 3438 ἐνοχλεῖν
812 3354 867 3420 καλ
888 3347 972 3438 πρὸς
988 3349 1139 3429 ἅπαντας
1153 3352 1268 3436 λέγειν

304 3449 385 3530 τοῦς
395 3456 638 3537 συντρέχοντας
649 3453 687 3520 ἐν
697 3449 814 3531 αὐταῖς
825 3448 908 3539 πρὸς
917 3448 1158 3536 οάδέναλέγειν
1165 3450 1266 3534 ἐστίν,

305 3547 379 3619 ἀλλ’
392 3548 515 3637 ὁμοίως
529 3554 564 3619 οί
574 3557 722 3621 τοιοῦτοι
735 3559 804 3620 τῶν
818 3553 930 3638 λόγων
945 3549 1065 3637 άκυροι
1075 3548 1267 3637 τυγχάνον-

305 3669 362 3718 σιν
376 3646 470 3727 ὄντες
483 3663 551 3729 τοῖς
565 3647 684 3733 νόμοις
697 3653 753 3719 καί
764 3664 835 3729 ταῖς
846 3657 1025 3729 πολιτείαις
1034 3663 1105 3729 ταίς
1116 3646 1183 3716 ῦπδ
1197 3655 1268 3716 τῶν
