2859 4334
450 340 928 397 ΠΕΡΙΑΝΤΙΔΟΣΕΩΣ.
1108 339 1167 400 135

215 502 323 581 ἐστιν,
345 495 389 577 ῶς
411 492 455 565 ἀν
469 499 609 564 ἕκαστον
623 496 705 585 τύχη
720 496 923 584 προσπεσόν,
940 497 1046 577 οὕτως
1061 505 1166 569 εἰπεῖν

215 599 291 683 περὶ
306 594 432 665 αὐτῶν·
457 592 523 663 δ’δ’
544 588 607 663 οὖν
628 621 685 682 μοι
706 604 773 663 νῦν
794 598 997 685 ἐπελήλυθε,
1021 603 1165 686 καὶπερὶ

217 689 267 764 ῶν
284 692 348 781 ἐγώ
366 692 428 780 μὲν
453 692 607 781 ἐνόμιζον
632 691 715 761 εἶναι
731 697 913 780 δηλωτέον,
940 694 1040 777 ἀλλος
1058 701 1097 766 δέ
1117 704 1165 777 τίς

215 822 273 882 μοι
288 794 513 881 συνεβούλευε
528 790 572 880 μή
595 796 721 880 λέγειν,
742 791 805 861 οὐκ
828 791 1065 882 ἀποκρύψομαι
1081 794 1165 881 πρδς

146 918 196 971 141
217 892 314 980 ὑμᾶς.
338 889 450 979 ἐπειδὴ
469 889 533 978 γάρ
551 888 719 979 ἀπήνεγκε
741 888 803 978 τήν
824 891 976 979 γραφήν,
998 895 1166 962 ἐσκόπουν

215 995 290 1079 περὶ
306 990 418 1060 αὐτῶν
432 992 561 1059 τούτων
578 989 690 1075 ὥσπερ
707 985 752 1057 ἀν
763 990 860 1076 ὑμῶν
870 993 1017 1077 ἕκαστος,
1033 997 1087 1061 καὶ
1104 993 1165 1060 τόν

215 1118 251 1161 τε
265 1097 341 1180 βίον
363 1089 424 1159 τόν
443 1093 590 1179 ἐμαυτοῦ
615 1091 669 1157 καὶ
691 1088 750 1167 τάς
770 1090 905 1171 πράξεις
928 1090 1081 1178 ἐξήταζον
1110 1094 1165 1160 καὶ

217 1199 373 1259 πλεῖστον
386 1188 511 1277 χρόνον
526 1192 601 1273 περὶ
616 1186 674 1267 τάς
684 1187 841 1268 τοιαύτας
852 1192 1030 1275 διέτριβον,
1045 1187 1100 1277 ἐφ’
1114 1186 1166 1269 αἷς

219 1288 314 1381 ήόμην
329 1291 541 1357 ἐπαινεῖσθαί
552 1314 592 1375 με
613 1288 805 1375 προσήκειν.
829 1285 1042 1373 ἀκροώμενος
1064 1293 1102 1355 δέ
1116 1316 1167 1367 τις
1180 1303 1214 1361 79

218 1398 287 1459 τῶν
298 1393 492 1475 ἐπιτηδείων
507 1388 687 1474 ἐτόλμησεν
702 1393 807 1455 εἰπεῖν
816 1387 900 1472 πρός
912 1412 952 1472 με
964 1387 1068 1473 λόγον
1078 1389 1165 1455 πόν-

217 1515 285 1555 των
300 1484 547 1574 σχετλιώτατον,
562 1482 605 1563 ῶς
626 1482 700 1565 ἀξια
716 1486 778 1570 μὲν
800 1493 851 1571 ελη
871 1483 911 1552 τόι
927 1486 1090 1573 λεγόμενα
1107 1513 1166 1573 φι-

218 1593 376 1673 λοτιμίας,
392 1583 433 1653 ού
451 1582 518 1672 μήν
529 1581 602 1653 ἀλλ’
615 1582 716 1663 αότός
735 1610 774 1669 γε
788 1585 933 1654 δεδιέναι
948 1594 1051 1654 ταῦτα
1067 1590 1166 1674 μα’λι-

146 1708 200 1761 142
217 1710 290 1772 στα,
302 1684 346 1773 μή
357 1681 503 1762 πολλούς
513 1684 647 1771 λυπήση
656 1690 725 1749 τῶν
735 1678 940 1750 ἀκουόντων.
953 1683 1067 1770 ,,ούτω
1076 1684 1165 1771 γάρ“

218 1792 283 1873 ἐφη
299 1782 410 1872 ,τινὲς
428 1782 493 1851 ὑπὸ
517 1790 578 1851 τοῦ
600 1783 738 1869 φθόνον
758 1785 813 1850 καί
833 1790 901 1851 τῶν
924 1781 1075 1871 ἀποριῶν
1093 1788 1167 1872 ἐξη-

217 1892 378 1972 γρίυνται
395 1887 449 1950 καὶ
466 1887 638 1967 δυσμενῶς
655 1888 801 1968 ἔχουσιν,
823 1880 902 1950 ὥστ’
920 1881 962 1952 ού
975 1899 1046 1964 ταῖς
1060 1911 1167 1971 πονη-

218 1992 304 2069 ρίαις
324 1981 407 2053 ἀλλά
422 1998 492 2061 ταῖς
508 1980 702 2068 εὐπραγίαις
718 1989 917 2076 πολεμοῦσι,
939 1986 993 2051 καί
1007 1992 1165 2069 μισοῦσιν

218 2083 261 2153 ού
278 2082 385 2171 μόνου
403 2080 680 2167 τῶνάνθρώπων
695 2078 774 2161 τούς
796 2084 1059 2161 ἐπιεικεστάτους
1080 2080 1164 2150 ἀλλά

219 2184 363 2252 καὶτῶν
383 2180 654 2268 ἐπιτηδευμάτων
678 2177 718 2247 τά
734 2182 895 2266 βέλτιστα,
918 2186 970 2249 καί
995 2181 1079 2267 πρὸς
1098 2196 1167 2260 τοῖς

216 2280 330 2360 ἀλλοις
343 2295 458 2359 κακοῖς
473 2294 541 2359 τοῖς
561 2279 624 2366 μὲν
643 2277 799 2347 ἀδικοῦσι
814 2287 1095 2367 συναγωνίζονται
1111 2283 1165 2349 καὶ

217 2381 422 2467 συγγνώμην
438 2386 589 2465 ἔχουσιν,
605 2373 654 2457 οἷς
672 2377 703 2445 δ’
721 2374 765 2445 ἀν
779 2380 1002 2467 φθονήσωσιυ
1016 2379 1165 2450 ἀπολλύ-

154 2490 202 2543 143
218 2498 333 2563 ουσιν,
361 2476 467 2564 ἥνπερ
493 2482 700 2565 δυνηθῶσιν.
739 2486 843 2546 ταῦτα
871 2481 907 2547 δέ
939 2484 1066 2568 δρῶσιν
1103 2478 1165 2547 οόκ

216 2576 435 2665 ἀγνοοῦντες,
447 2571 580 2666 περὶών
587 2578 648 2666 τήν
662 2584 778 2667 ψήφου
785 2590 949 2667 οίσονσιν,
962 2575 1033 2650 ἀλλ’
1046 2578 1165 2665 ἀδική-

217 2698 292 2745 σειν
298 2677 360 2762 μὲν
372 2681 566 2760 ἐλπίζοντες,
574 2678 844 2765 φθονήσεσθαιδ
851 2675 893 2746 ού
903 2684 1166 2763 προσδοκῶντες,

216 2768 461 2874 σώζουτεςούν
486 2772 564 2854 τούς
587 2776 722 2861 ὁμοίους
743 2785 860 2861 σφίσιν
886 2775 998 2857 αὐτοῖς
1025 2787 1166 2865 βοηθεῖν

219 2880 421 2961 νομίζουσιν.
445 2872 568 2942 τούτου
581 2872 613 2942 δ’
627 2875 725 2943 ἕνεκά
749 2895 803 2943 σοι
823 2882 927 2943 ταῦτα
940 2881 1094 2963 διῆλθον,
1110 2878 1166 2943 ἵνα

217 2970 382 3057 προειδώς
396 2970 537 3059 ἀμεινου
550 2975 726 3063 προσφέρῃ
741 2976 874 3054 καὶτοῖς
891 2977 1003 3061 λόγοις
1017 2975 1167 3063 ἀσφαλο-

218 3074 346 3155 στέροις
359 3079 421 3159 χρή
436 3069 520 3156 πρός
533 3070 666 3159 αύτούς,
682 3075 751 3141 ἐπεὶ
766 3080 833 3141 νῦν
844 3100 882 3160 γε
893 3082 967 3143 τίνα
984 3073 1046 3162 χρή
1060 3096 1166 3160 προσ-

217 3177 324 3239 δοκᾶν
339 3171 478 3257 γνώμην
492 3174 577 3251 ἕξειν
587 3170 667 3251 τούς
677 3172 864 3260 τοιούτους,
878 3173 961 3241 ὅταν
971 3176 1032 3242 τόν
1043 3201 1078 3242 τε
1089 3181 1166 3261 βίον

216 3268 277 3339 τόν
292 3278 420 3337 σαυτοῦ
436 3273 490 3338 καὶ
504 3269 563 3350 τάς
573 3272 708 3357 προέξεις
720 3276 840 3361 διεξίης
850 3274 933 3358 μηδὲ
950 3270 1032 3340 κατά
1044 3270 1166 3358 μικρὸν

218 3368 334 3458 ὁμοίας
345 3369 448 3450 οόσας
461 3386 530 3450 ταῖς
541 3372 681 3458 τούτων,
695 3370 769 3442 ἀλλ’
783 3375 854 3451 οἵας
865 3397 928 3458 περ
941 3369 1025 3457 πρός
1042 3374 1097 3460 ἐμὲ
1111 3376 1165 3440 λε’-

153 3487 200 3541 ιλλ
216 3498 290 3559 γειν
305 3474 494 3557 ἐπιχειρεϊς;
521 3467 719 3558 ἀποφαίνεις
736 3470 801 3557 γάρ
816 3472 895 3549 τούς
908 3497 943 3539 τε
958 3470 1089 3558 λόγους,
1105 3469 1165 3551 οδς

216 3574 403 3657 γέγραφας,
428 3566 471 3637 ού
494 3574 647 3658 μέμψεώς
674 3569 758 3640 ἀλλά
784 3569 917 3657 χάριτος
935 3578 992 3656 τῆς
1011 3576 1165 3656 μεγίστης
