2859 4334
480 370 832 429 A11'1N11T1K02.
1068 369 1132 432 225

174 524 412 613 ἀποδεδεῖχθαι
434 533 569 613 νομίζω·
593 530 650 594 ἳνα
672 528 708 594 δὲ
725 530 838 613 μηδεὶς
858 538 964 614 οίηται
981 528 1058 618 μήτ’
1075 532 1131 615 ἐμὲ

175 623 233 691 διά
249 624 370 711 μικράς
384 626 569 713 προφάσεις
586 634 672 712 ἔχειν
693 624 754 693 τόν
770 634 894 714 κλῆρον
910 629 990 710 μήτε
1005 629 1131 713 ταύτην

174 727 303 810 ἐπιεικῆ
320 728 545 811 γεγενημένην
558 728 632 808 περὶ
644 726 861 812 Θρασύλοχον
875 725 1130 811 ἀποστερεῖσθαι

175 831 244 890 τῶν
255 825 448 910 χρημάτων,
465 824 629 910 βούλομαι
642 824 696 890 καὶ
708 826 782 908 περὶ
794 824 924 891 τούτων
939 830 1052 894 εἰπεῖν.
1077 833 1129 895 αί-
1145 833 1162 888 d

176 929 358 1008 σχυνθείην
385 921 450 1009 γάρ
472 920 515 990 ἀν
540 920 624 1006 ὑπὲρ
640 930 700 988 τοῦ
723 924 1006 1011 τετελευτηκότος,
1035 932 1066 994 εί
1085 924 1130 1013 μη

176 1022 299 1099 πάντες
325 1029 531 1107 πεισθείητε,
557 1020 601 1108 μὴ
623 1023 730 1108 μόνον
747 1020 791 1101 ὡς
808 1023 889 1091 κατά
906 1023 985 1104 τούς
1005 1028 1131 1113 νόμους

125 1130 158 1183 17
177 1116 252 1187 ἀλλ’
267 1116 311 1197 ὡς
331 1121 385 1187 καὶ
404 1124 539 1198 δικαίως
552 1116 645 1186 ταῦτ’
660 1125 810 1205 ἔπραξεν.
839 1124 954 1211 βμδίας
972 1122 1007 1190 δ’
1026 1123 1131 1211 ἡγοῦ-

175 1244 234 1303 μαι
250 1215 309 1296 τας
324 1215 509 1297 ἀποδείξεις
524 1216 616 1285 εἶναι.
640 1227 803 1286 τοσούτου
817 1218 882 1306 γὰρ
898 1225 1129 1309 διηνέγκαμεν,

176 1312 262 1381 ὥσθ’
280 1313 364 1401 αὕτη
374 1316 436 1401 μὲν
448 1313 468 1402 ἡ
481 1314 562 1382 κατὰ
577 1319 674 1401 γένος
685 1314 940 1406 ἀμφισβητοῦσα
951 1322 1060 1389 πάντα
1071 1320 1131 1388 τόν

95 1452 99 1457 -
174 1414 300 1499 χρόνον
310 1417 469 1481 διετέλεσε
482 1416 536 1481 καὶ
549 1411 745 1499 πρόςαότόν
754 1420 884 1485 ἐκεῖνον
895 1421 951 1486 καὶ
962 1417 1130 1505 πρόςΣοό·

175 1522 274 1581 πολιν
293 1516 347 1581 καί
369 1511 453 1598 πρός
475 1514 537 1601 τήν
557 1513 671 1601 μητέρ’
695 1514 807 1584 αὐτῶν
828 1521 1052 1605 διαφερομένη
1075 1522 1129 1586 καὶ

174 1619 347 1698 δυσμενῶς
361 1618 498 1699 ἔχουσα,
517 1611 582 1699 ε’γώ
597 1612 628 1681 δ’
647 1614 688 1682 ού
702 1615 809 1699 μόνον
824 1618 899 1702 περὶ
910 1621 1154 1705 Θρασύλοχονε

173 1715 227 1781 καὶ
243 1710 302 1779 τὸν
323 1710 471 1797 ἀδελφόν
491 1710 641 1781 ἀλλὰκαὶ
659 1717 733 1796 περὶ
749 1712 855 1801 αὐτὴν
868 1715 929 1803 τὴν
945 1715 1074 1802 οὐσίαν,
1089 1710 1129 1804 ἦς

173 1810 460 1899 ἀμφισβητοῦμεν,
469 1815 659 1899 φανήσομαι
673 1824 830 1882 πλείστου
840 1822 908 1883 τῶν
919 1824 1027 1901 φίλων
1039 1816 1129 1897 ἄξιος

175 1913 403 1996 γεγενημένος.

124 2028 159 2082 18
261 2008 338 2095 (δ’.)
361 2013 425 2078 Καὶ
443 2014 517 2093 περὶ
532 2013 593 2096 μὲν
616 2020 682 2079 τοῖν
697 2021 849 2081 παλαιῶν
864 2013 950 2081 πολύ
968 2010 1012 2080 ἀν
1028 2020 1128 2099 ἔργον

174 2119 224 2196 είη
239 2112 364 2196 λέγειν·
388 2108 443 2177 ὅτε
458 2110 493 2178 δὲ
508 2119 654 2190 Πασῑνος
666 2112 786 2196 Πάρον
798 2116 995 2200 κατέλαβεν,
1012 2118 1127 2199 ἔτυχεν

173 2208 285 2287 αὐτοῖς
302 2206 523 2296 ύπεκκείμενα
537 2207 577 2278 τά
595 2220 731 2279 πλείστα
747 2219 805 2298 τῆς
819 2209 934 2290 οὐσίας
951 2211 1040 2297 παρά
1060 2227 1128 2289 τοῖς

172 2315 277 2389 ξένοις
297 2322 365 2387 τοῖς
387 2312 491 2395 έμοῑς·
525 2308 662 2399 ᾠόμεθα
683 2310 747 2397 γὰρ
764 2312 906 2397 μάλιστα
925 2312 1050 2399 ταύτην
1065 2311 1128 2399 την
1144 2335 1194 2389 388
1293 2366 1304 2393 ,

172 2416 277 2495 νῆσον
289 2406 447 2495 ἀσφαλῶς
458 2415 552 2495 ἔχειν.
575 2408 795 2493 ἀπορούντων
807 2406 838 2477 δ’
852 2414 990 2479 ἐκείνων
1001 2414 1056 2478 καί
1068 2438 1127 2478 νο-

170 2508 334 2594 μιζόντων
349 2505 423 2575 αὕτ’
440 2506 666 2594 ἀπολωλέναι,
688 2511 835 2588 πλεύσας
849 2509 914 2597 έγά
932 2511 1128 2597 τῆςνυκτδς

170 2602 334 2691 έξεκόμισ’
354 2603 467 2684 αὐτοῖς
480 2598 528 2673 Ιτόι
549 2608 715 2693 χρήματα,
735 2610 958 2688 κινδυνεύσας
974 2614 1048 2695 περὶ
1065 2614 1127 2676 τού

121 2725 153 2779 19
169 2710 336 2791 σώματος·
360 2708 558 2791 ἐφρουρεῖτο
572 2706 635 2793 μέν
654 2705 720 2792 γὰρ
741 2704 885 2793 ἡχοίρα,
908 2716 1127 2793 συγκατειλη-

168 2805 269 2893 φότες
283 2801 314 2870 δ’
332 2798 420 2892 ἦσάν
433 2831 521 2883 τινες
536 2814 603 2873 τῶν
618 2803 788 2892 ἡμετέρων
805 2808 970 2892 φυγάδων
984 2805 1046 2892 τὴν
1064 2806 1127 2874 πό-

167 2918 238 2989 λιν,
254 2912 288 2974 οΐ
299 2912 378 2992 μιᾶς
393 2902 515 2991 ἡμέρας
529 2902 727 2973 ἀπέκτειναν
742 2903 933 2991 αὐτόχειρες
949 2907 1126 2993 γενόμενοι

168 3006 229 3075 τόν
246 3032 282 3073 τε
303 3006 429 3086 πατέρα
447 3003 507 3071 τόν
521 3003 603 3090 έμδν
620 3006 674 3071 καὶ
689 3003 749 3072 τόν
763 3016 861 3072 θεῖον
876 3006 929 3071 καὶ
951 3002 1011 3071 τόν
1027 3008 1126 3089 κηδε-

168 3104 252 3192 στὴν
264 3107 318 3173 καὶ
333 3104 418 3190 πρός
428 3105 560 3183 τούτοις
575 3101 737 3183 ἀνεψιούς
750 3117 846 3189 τρεῖς.
871 3100 945 3170 ἀλλ’
962 3101 1051 3190 ὅμως
1066 3099 1154 3169 ού-Ι)

167 3210 226 3275 δέν
236 3232 278 3292 με
291 3207 420 3274 τούτων
433 3203 628 3291 ἀπέτρεψεν,
645 3201 720 3271 ἀλλ’
735 3201 869 3294 ᾠχόμην
878 3206 1006 3289 πλέων,
1020 3200 1123 3290 ἡγού-

167 3331 268 3392 μενος
280 3302 401 3391 ὁμοίως
412 3331 453 3389 με
466 3310 537 3372 δεῖν
544 3302 628 3389 ὑπὲρ
637 3307 775 3371 ἐκείνων
787 3304 1001 3371 κινδυνεύειν
1013 3301 1123 3386 ὥσπερ

116 3432 152 3481 ·20
166 3404 251 3490 ὑπερ
270 3406 426 3490 ἐμαυτοῦ.
459 3404 521 3489 (ί.)
537 3400 633 3471 Μετά
649 3401 684 3469 δέ
698 3410 801 3469 ταῦτα
814 3409 923 3487 φυγῆς
934 3400 1014 3489 ἡμῖν
1025 3427 1122 3487 γενο-

164 3506 269 3589 μένης
285 3506 320 3570 έκ
338 3510 394 3589 τῆς
409 3505 540 3581 πόλεως
554 3501 635 3588 μετά
654 3503 811 3569 τοιούτου
825 3502 981 3587 θορύβου
998 3503 1053 3568 καί
1068 3504 1118 3567 δέ·

164 3628 224 3679 ους
242 3600 320 3670 ὥστ’
348 3603 456 3680 ένιόνς
479 3605 534 3670 καὶ
556 3609 624 3669 ταῖν
650 3605 821 3687 σφετέρων
843 3598 955 3667 αὐτῶν
975 3597 1120 3687 ἀμελεῖν,

249 3713 404 3751 ιεοοιικτεε.
423 3698 454 3751 ΙΙ.
952 3702 982 3751 15
