<?xml version="1.0" encoding="UTF-8"?>
<!DOCTYPE html PUBLIC "-//W3C//DTD XHTML 1.0 Transitional//EN"
    "http://www.w3.org/TR/xhtml1/DTD/xhtml1-transitional.dtd">
<html xmlns="http://www.w3.org/1999/xhtml" xml:lang="en" lang="en">
 <head>
  <title>
</title>
<meta http-equiv="Content-Type" content="text/html;charset=utf-8" />
  <meta name='ocr-system' content='tesseract 3.04.00' />
  <meta name='ocr-capabilities' content='ocr_page ocr_carea ocr_par ocr_line ocrx_word'/>
</head>
<body>
  <div class='ocr_page' id='page_1' title='image "./orationes00isgoog_0139.png"; bbox 0 0 2859 4334; ppageno 0'>
   <div class='ocr_carea' id='block_1_1' title="bbox 451 407 1116 472">
    <p class='ocr_par' dir='ltr' id='par_1_1' title="bbox 451 407 1116 472">
     <span class='ocr_line' id='line_1_1' title="bbox 451 407 1116 472; baseline 0.011 -7"><span class='ocrx_word' id='word_1_1' title='bbox 451 407 826 468; x_wconf 71' lang='grc' dir='ltr'><em>ΠΑΝΗΓΤΡΙΚΟΣ.</em></span> <span class='ocrx_word' id='word_1_2' title='bbox 1074 409 1116 472; x_wconf 79' lang='grc'><strong><em>65</em></strong></span> 
     </span>
    </p>
   </div>
   <div class='ocr_carea' id='block_1_2' title="bbox 99 563 1161 3622">
    <p class='ocr_par' dir='ltr' id='par_1_2' title="bbox 99 563 1161 3622">
     <span class='ocr_line' id='line_1_2' title="bbox 157 563 1161 659; baseline 0.004 -25"><span class='ocrx_word' id='word_1_3' title='bbox 157 572 244 659; x_wconf 75' lang='grc' dir='ltr'><strong><em>λέμηο</em></strong></span> <span class='ocrx_word' id='word_1_4' title='bbox 259 576 439 653; x_wconf 82' lang='grc' dir='ltr'><strong><em>κρατῆσαι,</em></strong></span> <span class='ocrx_word' id='word_1_5' title='bbox 453 568 577 651; x_wconf 78' lang='grc' dir='ltr'><strong><em>ταύτης</em></strong></span> <span class='ocrx_word' id='word_1_6' title='bbox 588 566 625 633; x_wconf 70' lang='grc' dir='ltr'><strong><em>δὲ</em></strong></span> <span class='ocrx_word' id='word_1_7' title='bbox 638 563 702 652; x_wconf 78' lang='grc' dir='ltr'><strong><em>τὴν</em></strong></span> <span class='ocrx_word' id='word_1_8' title='bbox 714 567 817 636; x_wconf 92' lang='grc' dir='ltr'><strong><em>πόλιν</em></strong></span> <span class='ocrx_word' id='word_1_9' title='bbox 827 575 936 638; x_wconf 78' lang='grc' dir='ltr'><strong><em>αἰτίαν</em></strong></span> <span class='ocrx_word' id='word_1_10' title='bbox 945 580 1113 657; x_wconf 81' lang='grc' dir='ltr'><strong><em>γενέσθαι.</em></strong></span> <span class='ocrx_word' id='word_1_11' title='bbox 1155 563 1161 580; x_wconf 78' lang='grc'><strong>’</strong></span> 
     </span>
     <span class='ocr_line' id='line_1_3' title="bbox 115 665 1116 758; baseline 0.004 -26"><span class='ocrx_word' id='word_1_12' title='bbox 115 665 250 754; x_wconf 74' lang='grc' dir='ltr'><strong><em>99(κη’.)</em></strong></span> <span class='ocrx_word' id='word_1_13' title='bbox 274 673 391 734; x_wconf 84' lang='grc' dir='ltr'><strong><em>Καίτοι</em></strong></span> <span class='ocrx_word' id='word_1_14' title='bbox 415 665 601 752; x_wconf 79' lang='grc' dir='ltr'><strong><em>μελλούσης</em></strong></span> <span class='ocrx_word' id='word_1_15' title='bbox 623 671 795 748; x_wconf 79' lang='grc' dir='ltr'><strong><em>στρατείας</em></strong></span> <span class='ocrx_word' id='word_1_16' title='bbox 815 671 866 737; x_wconf 83' lang='grc' dir='ltr'><strong><em>έπλ</em></strong></span> <span class='ocrx_word' id='word_1_17' title='bbox 889 668 970 750; x_wconf 85' lang='grc' dir='ltr'><strong><em>τούς</em></strong></span> <span class='ocrx_word' id='word_1_18' title='bbox 985 671 1116 758; x_wconf 78' lang='grc' dir='ltr'><strong><em>βαρβά-</em></strong></span> 
     </span>
     <span class='ocr_line' id='line_1_4' title="bbox 157 761 1117 855; baseline 0.004 -23"><span class='ocrx_word' id='word_1_19' title='bbox 157 791 238 849; x_wconf 90' lang='grc' dir='ltr'><strong><em>ρονς</em></strong></span> <span class='ocrx_word' id='word_1_20' title='bbox 253 771 391 833; x_wconf 77' lang='grc' dir='ltr'><strong><em>ἔσεσθαι</em></strong></span> <span class='ocrx_word' id='word_1_21' title='bbox 407 770 499 842; x_wconf 92' lang='grc' dir='ltr'><strong><em>τίνας</em></strong></span> <span class='ocrx_word' id='word_1_22' title='bbox 511 761 574 849; x_wconf 80' lang='grc' dir='ltr'><strong><em>χρη</em></strong></span> <span class='ocrx_word' id='word_1_23' title='bbox 589 761 652 850; x_wconf 77' lang='grc' dir='ltr'><strong><em>τὴν</em></strong></span> <span class='ocrx_word' id='word_1_24' title='bbox 665 761 849 851; x_wconf 80' lang='grc' dir='ltr'><strong><em>ἡγεμονίαν</em></strong></span> <span class='ocrx_word' id='word_1_25' title='bbox 863 773 967 855; x_wconf 79' lang='grc' dir='ltr'><strong><em>ίχεινς</em></strong></span> <span class='ocrx_word' id='word_1_26' title='bbox 984 768 1027 838; x_wconf 89' lang='grc' dir='ltr'><strong><em>ού</em></strong></span> <span class='ocrx_word' id='word_1_27' title='bbox 1036 766 1117 849; x_wconf 84' lang='grc' dir='ltr'><strong><em>τούς</em></strong></span> 
     </span>
     <span class='ocr_line' id='line_1_5' title="bbox 155 860 1116 955; baseline 0.005 -24"><span class='ocrx_word' id='word_1_28' title='bbox 155 867 191 931; x_wconf 86' lang='grc' dir='ltr'><strong><em>έν</em></strong></span> <span class='ocrx_word' id='word_1_29' title='bbox 205 870 256 955; x_wconf 75' lang='grc' dir='ltr'><strong><em>τῷ</em></strong></span> <span class='ocrx_word' id='word_1_30' title='bbox 270 866 422 951; x_wconf 75' lang='grc' dir='ltr'><strong><em>προτέρῳ</em></strong></span> <span class='ocrx_word' id='word_1_31' title='bbox 436 864 569 952; x_wconf 79' lang='grc' dir='ltr'><strong><em>πολέμῳ</em></strong></span> <span class='ocrx_word' id='word_1_32' title='bbox 584 860 717 948; x_wconf 87' lang='grc' dir='ltr'><strong><em>μάλιστ’</em></strong></span> <span class='ocrx_word' id='word_1_33' title='bbox 738 861 1038 955; x_wconf 79' lang='grc' dir='ltr'><strong><em>εὐδοκιμήσαντας,</em></strong></span> <span class='ocrx_word' id='word_1_34' title='bbox 1061 869 1116 936; x_wconf 80' lang='grc' dir='ltr'><strong><em>καί</em></strong></span> 
     </span>
     <span class='ocr_line' id='line_1_6' title="bbox 154 962 1142 1052; baseline 0.003 -23"><span class='ocrx_word' id='word_1_35' title='bbox 154 965 318 1041; x_wconf 77' lang='grc' dir='ltr'><strong><em>πολλάκις</em></strong></span> <span class='ocrx_word' id='word_1_36' title='bbox 328 964 392 1049; x_wconf 70' lang='grc' dir='ltr'><strong><em>μέν</em></strong></span> <span class='ocrx_word' id='word_1_37' title='bbox 404 967 471 1052; x_wconf 78' lang='grc' dir='ltr'><strong><em>ἰδίᾳ</em></strong></span> <span class='ocrx_word' id='word_1_38' title='bbox 481 962 853 1048; x_wconf 72' lang='grc' dir='ltr'><strong><em>προκινδυνεύσαντας,</em></strong></span> <span class='ocrx_word' id='word_1_39' title='bbox 868 967 906 1034; x_wconf 84' lang='grc' dir='ltr'><strong><em>έν</em></strong></span> <span class='ocrx_word' id='word_1_40' title='bbox 916 967 952 1034; x_wconf 75' lang='grc' dir='ltr'><strong><em>δέ</em></strong></span> <span class='ocrx_word' id='word_1_41' title='bbox 964 981 1033 1047; x_wconf 78' lang='grc' dir='ltr'><strong><em>τοῖς</em></strong></span> <span class='ocrx_word' id='word_1_42' title='bbox 1042 992 1142 1036; x_wconf 80' lang='grc' dir='ltr'><strong><em>κστ-ι</em></strong></span> 
     </span>
     <span class='ocr_line' id='line_1_7' title="bbox 154 1057 1114 1152; baseline 0.007 -26"><span class='ocrx_word' id='word_1_43' title='bbox 154 1075 228 1140; x_wconf 79' lang='grc' dir='ltr'><strong><em>νοτς</em></strong></span> <span class='ocrx_word' id='word_1_44' title='bbox 240 1068 311 1128; x_wconf 87' lang='grc' dir='ltr'><strong><em>τῶν</em></strong></span> <span class='ocrx_word' id='word_1_45' title='bbox 321 1059 466 1148; x_wconf 82' lang='grc' dir='ltr'><strong><em>άχιόνων</em></strong></span> <span class='ocrx_word' id='word_1_46' title='bbox 476 1057 653 1143; x_wconf 84' lang='grc' dir='ltr'><strong><em>άριστείων</em></strong></span> <span class='ocrx_word' id='word_1_47' title='bbox 667 1058 889 1145; x_wconf 76' lang='grc' dir='ltr'><strong><em>άξιιοθένταςς</em></strong></span> <span class='ocrx_word' id='word_1_48' title='bbox 906 1060 949 1131; x_wconf 93' lang='grc' dir='ltr'><strong><em>ού</em></strong></span> <span class='ocrx_word' id='word_1_49' title='bbox 963 1062 1043 1144; x_wconf 87' lang='grc' dir='ltr'><strong><em>τούς</em></strong></span> <span class='ocrx_word' id='word_1_50' title='bbox 1052 1063 1114 1152; x_wconf 80' lang='grc' dir='ltr'><strong><em>τὴν</em></strong></span> 
     </span>
     <span class='ocr_line' id='line_1_8' title="bbox 153 1156 1113 1250; baseline 0.008 -25"><span class='ocrx_word' id='word_1_51' title='bbox 153 1156 270 1227; x_wconf 83' lang='grc' dir='ltr'><strong><em>αύτῶν</em></strong></span> <span class='ocrx_word' id='word_1_52' title='bbox 287 1161 483 1237; x_wconf 77' lang='grc' dir='ltr'><strong><em>ἐκλιπόντας</em></strong></span> <span class='ocrx_word' id='word_1_53' title='bbox 493 1156 579 1244; x_wconf 72' lang='grc' dir='ltr'><strong><em>ὑπὲρ</em></strong></span> <span class='ocrx_word' id='word_1_54' title='bbox 593 1165 652 1245; x_wconf 85' lang='grc' dir='ltr'><strong><em>τῆς</em></strong></span> <span class='ocrx_word' id='word_1_55' title='bbox 662 1165 731 1226; x_wconf 86' lang='grc' dir='ltr'><strong><em>τῶν</em></strong></span> <span class='ocrx_word' id='word_1_56' title='bbox 745 1159 859 1228; x_wconf 82' lang='grc' dir='ltr'><strong><em>ἄλλων</em></strong></span> <span class='ocrx_word' id='word_1_57' title='bbox 868 1172 1042 1250; x_wconf 81' lang='grc' dir='ltr'><strong><em>σωτηρίας,</em></strong></span> <span class='ocrx_word' id='word_1_58' title='bbox 1059 1165 1113 1233; x_wconf 83' lang='grc' dir='ltr'><strong><em>καί</em></strong></span> 
     </span>
     <span class='ocr_line' id='line_1_9' title="bbox 152 1254 1113 1348; baseline 0.007 -24"><span class='ocrx_word' id='word_1_59' title='bbox 152 1256 189 1324; x_wconf 88' lang='grc' dir='ltr'><strong><em>τό</em></strong></span> <span class='ocrx_word' id='word_1_60' title='bbox 202 1283 241 1324; x_wconf 92' lang='grc' dir='ltr'><strong><em>τε</em></strong></span> <span class='ocrx_word' id='word_1_61' title='bbox 255 1254 401 1325; x_wconf 86' lang='grc' dir='ltr'><strong><em>παλαιόν</em></strong></span> <span class='ocrx_word' id='word_1_62' title='bbox 411 1254 559 1335; x_wconf 81' lang='grc' dir='ltr'><strong><em>οίκιστάς</em></strong></span> <span class='ocrx_word' id='word_1_63' title='bbox 568 1262 637 1324; x_wconf 90' lang='grc' dir='ltr'><strong><em>τῶν</em></strong></span> <span class='ocrx_word' id='word_1_64' title='bbox 648 1263 813 1326; x_wconf 80' lang='grc' dir='ltr'><strong><em>πλείστων</em></strong></span> <span class='ocrx_word' id='word_1_65' title='bbox 826 1258 959 1327; x_wconf 89' lang='grc' dir='ltr'><strong><em>πόλεων</em></strong></span> <span class='ocrx_word' id='word_1_66' title='bbox 973 1265 1113 1348; x_wconf 80' lang='grc' dir='ltr'><strong><em>γενομέ-</em></strong></span> 
     </span>
     <span class='ocr_line' id='line_1_10' title="bbox 152 1350 1113 1445; baseline 0.006 -23"><span class='ocrx_word' id='word_1_67' title='bbox 152 1381 253 1441; x_wconf 88' lang='grc' dir='ltr'><strong><em>νους,</em></strong></span> <span class='ocrx_word' id='word_1_68' title='bbox 274 1357 328 1423; x_wconf 86' lang='grc' dir='ltr'><strong><em>καί</em></strong></span> <span class='ocrx_word' id='word_1_69' title='bbox 352 1355 456 1423; x_wconf 91' lang='grc' dir='ltr'><strong><em>πάλιν</em></strong></span> <span class='ocrx_word' id='word_1_70' title='bbox 477 1350 582 1434; x_wconf 78' lang='grc' dir='ltr'><strong><em>αύτόις</em></strong></span> <span class='ocrx_word' id='word_1_71' title='bbox 601 1358 637 1423; x_wconf 81' lang='grc' dir='ltr'><strong><em>ἐκ</em></strong></span> <span class='ocrx_word' id='word_1_72' title='bbox 653 1361 723 1422; x_wconf 90' lang='grc' dir='ltr'><strong><em>τῶν</em></strong></span> <span class='ocrx_word' id='word_1_73' title='bbox 745 1363 911 1442; x_wconf 84' lang='grc' dir='ltr'><strong><em>μεγίστων</em></strong></span> <span class='ocrx_word' id='word_1_74' title='bbox 925 1369 1113 1445; x_wconf 86' lang='grc' dir='ltr'><strong><em>συμφορῶν</em></strong></span> 
     </span>
     <span class='ocr_line' id='line_1_11' title="bbox 152 1451 1114 1546; baseline 0.008 -25"><span class='ocrx_word' id='word_1_75' title='bbox 152 1453 399 1534; x_wconf 75' lang='grc' dir='ltr'><strong><em>διασῶσανταςς</em></strong></span> <span class='ocrx_word' id='word_1_76' title='bbox 432 1460 502 1532; x_wconf 87' lang='grc' dir='ltr'><strong><em>πῶς</em></strong></span> <span class='ocrx_word' id='word_1_77' title='bbox 526 1451 559 1521; x_wconf 88' lang='grc' dir='ltr'><strong><em>δ’</em></strong></span> <span class='ocrx_word' id='word_1_78' title='bbox 586 1451 650 1522; x_wconf 90' lang='grc' dir='ltr'><strong><em>ούκ</em></strong></span> <span class='ocrx_word' id='word_1_79' title='bbox 675 1451 720 1522; x_wconf 80' lang='grc' dir='ltr'><strong><em>άν</em></strong></span> <span class='ocrx_word' id='word_1_80' title='bbox 745 1454 840 1524; x_wconf 81' lang='grc' dir='ltr'><strong><em>δεινά</em></strong></span> <span class='ocrx_word' id='word_1_81' title='bbox 867 1459 1054 1546; x_wconf 90' lang='grc' dir='ltr'><strong><em>πάθοιμεν,</em></strong></span> <span class='ocrx_word' id='word_1_82' title='bbox 1083 1467 1114 1529; x_wconf 89' lang='grc' dir='ltr'><strong><em>εί</em></strong></span> 
     </span>
     <span class='ocr_line' id='line_1_12' title="bbox 151 1554 1112 1642; baseline 0.008 -24"><span class='ocrx_word' id='word_1_83' title='bbox 151 1559 218 1618; x_wconf 91' lang='grc' dir='ltr'><strong><em>τῶν</em></strong></span> <span class='ocrx_word' id='word_1_84' title='bbox 232 1558 352 1620; x_wconf 90' lang='grc' dir='ltr'><strong><em>κακῶν</em></strong></span> <span class='ocrx_word' id='word_1_85' title='bbox 365 1560 522 1621; x_wconf 89' lang='grc' dir='ltr'><strong><em>πλείστον</em></strong></span> <span class='ocrx_word' id='word_1_86' title='bbox 534 1554 634 1640; x_wconf 81' lang='grc' dir='ltr'><strong><em>μέρος</em></strong></span> <span class='ocrx_word' id='word_1_87' title='bbox 645 1555 864 1640; x_wconf 83' lang='grc' dir='ltr'><strong><em>μετασχόντες</em></strong></span> <span class='ocrx_word' id='word_1_88' title='bbox 874 1559 912 1623; x_wconf 88' lang='grc' dir='ltr'><strong><em>έν</em></strong></span> <span class='ocrx_word' id='word_1_89' title='bbox 922 1569 993 1636; x_wconf 79' lang='grc' dir='ltr'><strong><em>ταῖς</em></strong></span> <span class='ocrx_word' id='word_1_90' title='bbox 1003 1569 1112 1642; x_wconf 77' lang='grc' dir='ltr'><strong><em>τιμαῖς</em></strong></span> 
     </span>
     <span class='ocr_line' id='line_1_13' title="bbox 151 1652 1110 1744; baseline 0.003 -22"><span class='ocrx_word' id='word_1_91' title='bbox 151 1661 290 1724; x_wconf 80' lang='grc' dir='ltr'><strong><em>ἔλαττον</em></strong></span> <span class='ocrx_word' id='word_1_92' title='bbox 301 1660 389 1740; x_wconf 79' lang='grc' dir='ltr'><strong><em>ἔχειν</em></strong></span> <span class='ocrx_word' id='word_1_93' title='bbox 400 1652 601 1742; x_wconf 81' lang='grc' dir='ltr'><strong><em>άξιωθεϊμεν</em></strong></span> <span class='ocrx_word' id='word_1_94' title='bbox 614 1657 669 1723; x_wconf 86' lang='grc' dir='ltr'><strong><em>καί</em></strong></span> <span class='ocrx_word' id='word_1_95' title='bbox 679 1656 755 1724; x_wconf 91' lang='grc' dir='ltr'><strong><em>τότε</em></strong></span> <span class='ocrx_word' id='word_1_96' title='bbox 770 1660 1013 1742; x_wconf 80' lang='grc' dir='ltr'><strong><em>προταχθέντες</em></strong></span> <span class='ocrx_word' id='word_1_97' title='bbox 1024 1655 1110 1744; x_wconf 75' lang='grc' dir='ltr'><strong><em>ὑπὲρ</em></strong></span> 
     </span>
     <span class='ocr_line' id='line_1_14' title="bbox 151 1751 1138 1840; baseline 0 -20"><span class='ocrx_word' id='word_1_98' title='bbox 151 1751 314 1820; x_wconf 74' lang='grc' dir='ltr'><strong><em>ἁπάντων</em></strong></span> <span class='ocrx_word' id='word_1_99' title='bbox 328 1760 395 1820; x_wconf 84' lang='grc' dir='ltr'><strong><em>νῦν</em></strong></span> <span class='ocrx_word' id='word_1_100' title='bbox 408 1756 531 1840; x_wconf 82' lang='grc' dir='ltr'><strong><em>ἑτέροις</em></strong></span> <span class='ocrx_word' id='word_1_101' title='bbox 545 1751 749 1823; x_wconf 75' lang='grc' dir='ltr'><strong><em>ἀκολουθεῖν</em></strong></span> <span class='ocrx_word' id='word_1_102' title='bbox 765 1751 1053 1840; x_wconf 72' lang='grc' dir='ltr'><strong><em>άναγκασθείμενς</em></strong></span> <span class='ocrx_word' id='word_1_103' title='bbox 1121 1765 1138 1820; x_wconf 87' lang='grc' dir='ltr'><strong><em>δ</em></strong></span> 
     </span>
     <span class='ocr_line' id='line_1_15' title="bbox 103 1845 1112 1940; baseline 0.005 -22"><span class='ocrx_word' id='word_1_104' title='bbox 103 1868 146 1921; x_wconf 79' lang='lat' dir='ltr'><strong><em>1oe</em></strong></span> <span class='ocrx_word' id='word_1_105' title='bbox 240 1852 341 1938; x_wconf 69' lang='grc' dir='ltr'><strong><em>(κθ.)</em></strong></span> <span class='ocrx_word' id='word_1_106' title='bbox 364 1854 473 1938; x_wconf 86' lang='grc' dir='ltr'><strong><em>Μέχρι</em></strong></span> <span class='ocrx_word' id='word_1_107' title='bbox 488 1853 551 1940; x_wconf 74' lang='grc' dir='ltr'><strong><em>μὲν</em></strong></span> <span class='ocrx_word' id='word_1_108' title='bbox 565 1845 631 1921; x_wconf 88' lang='grc' dir='ltr'><strong><em>ούν</em></strong></span> <span class='ocrx_word' id='word_1_109' title='bbox 642 1855 773 1921; x_wconf 89' lang='grc' dir='ltr'><strong><em>τούτων</em></strong></span> <span class='ocrx_word' id='word_1_110' title='bbox 788 1851 853 1921; x_wconf 80' lang='grc' dir='ltr'><strong><em>οἷδ’</em></strong></span> <span class='ocrx_word' id='word_1_111' title='bbox 868 1851 919 1920; x_wconf 86' lang='grc' dir='ltr'><strong><em>ότι</em></strong></span> <span class='ocrx_word' id='word_1_112' title='bbox 932 1854 1055 1934; x_wconf 90' lang='grc' dir='ltr'><strong><em>πάντες</em></strong></span> <span class='ocrx_word' id='word_1_113' title='bbox 1068 1851 1112 1924; x_wconf 73' lang='grc' dir='ltr'><strong><em>ἂν</em></strong></span> 
     </span>
     <span class='ocr_line' id='line_1_16' title="bbox 152 1948 1110 2040; baseline 0.004 -22"><span class='ocrx_word' id='word_1_114' title='bbox 152 1950 400 2038; x_wconf 72' lang='grc' dir='ltr'><strong><em>ὁμολογήσειαν</em></strong></span> <span class='ocrx_word' id='word_1_115' title='bbox 420 1960 585 2019; x_wconf 86' lang='grc' dir='ltr'><strong><em>πλείστων</em></strong></span> <span class='ocrx_word' id='word_1_116' title='bbox 605 1948 747 2037; x_wconf 79' lang='grc' dir='ltr'><strong><em>άγαθῶν</em></strong></span> <span class='ocrx_word' id='word_1_117' title='bbox 761 1950 824 2038; x_wconf 80' lang='grc' dir='ltr'><strong><em>τὴν</em></strong></span> <span class='ocrx_word' id='word_1_118' title='bbox 840 1951 940 2020; x_wconf 91' lang='grc' dir='ltr'><strong><em>πόλιν</em></strong></span> <span class='ocrx_word' id='word_1_119' title='bbox 953 1951 1015 2039; x_wconf 73' lang='grc' dir='ltr'><strong><em>τὴν</em></strong></span> <span class='ocrx_word' id='word_1_120' title='bbox 1028 1951 1110 2040; x_wconf 79' lang='grc' dir='ltr'><strong><em>ἡμε-</em></strong></span> 
     </span>
     <span class='ocr_line' id='line_1_17' title="bbox 150 2046 1111 2138; baseline 0.004 -22"><span class='ocrx_word' id='word_1_121' title='bbox 150 2055 251 2132; x_wconf 87' lang='grc' dir='ltr'><strong><em>τέραν</em></strong></span> <span class='ocrx_word' id='word_1_122' title='bbox 273 2053 383 2116; x_wconf 90' lang='grc' dir='ltr'><strong><em>αίτίαν</em></strong></span> <span class='ocrx_word' id='word_1_123' title='bbox 403 2056 607 2135; x_wconf 77' lang='grc' dir='ltr'><strong><em>γεγενῆσθαι</em></strong></span> <span class='ocrx_word' id='word_1_124' title='bbox 628 2052 683 2118; x_wconf 87' lang='grc' dir='ltr'><strong><em>καί</em></strong></span> <span class='ocrx_word' id='word_1_125' title='bbox 704 2053 839 2129; x_wconf 86' lang='grc' dir='ltr'><strong><em>δικαίως</em></strong></span> <span class='ocrx_word' id='word_1_126' title='bbox 861 2046 905 2118; x_wconf 72' lang='grc' dir='ltr'><strong><em>ἂν</em></strong></span> <span class='ocrx_word' id='word_1_127' title='bbox 928 2048 1030 2138; x_wconf 83' lang='grc' dir='ltr'><strong><em>αύτῆς</em></strong></span> <span class='ocrx_word' id='word_1_128' title='bbox 1049 2052 1111 2138; x_wconf 79' lang='grc' dir='ltr'><strong><em>τήν</em></strong></span> 
     </span>
     <span class='ocr_line' id='line_1_18' title="bbox 150 2143 1110 2237; baseline 0.004 -23"><span class='ocrx_word' id='word_1_129' title='bbox 150 2145 336 2233; x_wconf 77' lang='grc' dir='ltr'><strong><em>ἡγεμονίαν</em></strong></span> <span class='ocrx_word' id='word_1_130' title='bbox 347 2145 450 2233; x_wconf 81' lang='grc' dir='ltr'><strong><em>εἶναι,</em></strong></span> <span class='ocrx_word' id='word_1_131' title='bbox 467 2146 550 2236; x_wconf 77' lang='grc' dir='ltr'><strong><em>μετὰ</em></strong></span> <span class='ocrx_word' id='word_1_132' title='bbox 562 2148 598 2215; x_wconf 75' lang='grc' dir='ltr'><strong><em>δὲ</em></strong></span> <span class='ocrx_word' id='word_1_133' title='bbox 610 2143 704 2215; x_wconf 77' lang='grc' dir='ltr'><strong><em>ταῦτ’</em></strong></span> <span class='ocrx_word' id='word_1_134' title='bbox 720 2145 784 2235; x_wconf 79' lang='grc' dir='ltr'><strong><em>ἤδη</em></strong></span> <span class='ocrx_word' id='word_1_135' title='bbox 799 2148 886 2227; x_wconf 74' lang='grc' dir='ltr'><strong><em>τινές</em></strong></span> <span class='ocrx_word' id='word_1_136' title='bbox 897 2147 994 2236; x_wconf 78' lang='grc' dir='ltr'><strong><em>ἡμῶν</em></strong></span> <span class='ocrx_word' id='word_1_137' title='bbox 1008 2177 1110 2237; x_wconf 89' lang='grc' dir='ltr'><strong><em>κατη-</em></strong></span> 
     </span>
     <span class='ocr_line' id='line_1_19' title="bbox 150 2243 1109 2337; baseline 0.005 -23"><span class='ocrx_word' id='word_1_138' title='bbox 150 2253 333 2334; x_wconf 86' lang='grc' dir='ltr'><strong><em>γοροῦσιν,</em></strong></span> <span class='ocrx_word' id='word_1_139' title='bbox 358 2244 403 2327; x_wconf 82' lang='grc' dir='ltr'><strong><em>ῶς</em></strong></span> <span class='ocrx_word' id='word_1_140' title='bbox 418 2243 530 2334; x_wconf 74' lang='grc' dir='ltr'><strong><em>ἐπειδὴ</em></strong></span> <span class='ocrx_word' id='word_1_141' title='bbox 546 2244 609 2334; x_wconf 78' lang='grc' dir='ltr'><strong><em>την</em></strong></span> <span class='ocrx_word' id='word_1_142' title='bbox 629 2244 736 2334; x_wconf 77' lang='grc' dir='ltr'><strong><em>ἀρχὴν</em></strong></span> <span class='ocrx_word' id='word_1_143' title='bbox 751 2254 809 2333; x_wconf 84' lang='grc' dir='ltr'><strong><em>τῆς</em></strong></span> <span class='ocrx_word' id='word_1_144' title='bbox 822 2249 991 2337; x_wconf 76' lang='grc' dir='ltr'><strong><em>θαλάττης</em></strong></span> <span class='ocrx_word' id='word_1_145' title='bbox 1005 2275 1109 2336; x_wconf 86' lang='grc' dir='ltr'><strong><em>παρε-</em></strong></span> 
     </span>
     <span class='ocr_line' id='line_1_20' title="bbox 150 2345 1105 2437; baseline 0.004 -22"><span class='ocrx_word' id='word_1_146' title='bbox 150 2347 317 2433; x_wconf 80' lang='grc' dir='ltr'><strong><em>λάβομεν,</em></strong></span> <span class='ocrx_word' id='word_1_147' title='bbox 333 2353 469 2416; x_wconf 89' lang='grc' dir='ltr'><strong><em>πολλῶν</em></strong></span> <span class='ocrx_word' id='word_1_148' title='bbox 483 2354 597 2414; x_wconf 80' lang='grc' dir='ltr'><strong><em>κακῶν</em></strong></span> <span class='ocrx_word' id='word_1_149' title='bbox 611 2356 710 2414; x_wconf 79' lang='grc' dir='ltr'><strong><em>αι’τιοι</em></strong></span> <span class='ocrx_word' id='word_1_150' title='bbox 724 2360 793 2424; x_wconf 81' lang='grc' dir='ltr'><strong><em>τοῖς</em></strong></span> <span class='ocrx_word' id='word_1_151' title='bbox 800 2345 934 2433; x_wconf 79' lang='grc' dir='ltr'><strong><em>Ἕλλησι</em></strong></span> <span class='ocrx_word' id='word_1_152' title='bbox 949 2355 1105 2437; x_wconf 85' lang='grc' dir='ltr'><strong><em>κατέστη-</em></strong></span> 
     </span>
     <span class='ocr_line' id='line_1_21' title="bbox 149 2441 1108 2533; baseline 0.003 -19"><span class='ocrx_word' id='word_1_153' title='bbox 149 2473 227 2533; x_wconf 89' lang='grc' dir='ltr'><strong><em>μεν,</em></strong></span> <span class='ocrx_word' id='word_1_154' title='bbox 238 2446 295 2513; x_wconf 86' lang='grc' dir='ltr'><strong><em>καλ</em></strong></span> <span class='ocrx_word' id='word_1_155' title='bbox 305 2445 366 2512; x_wconf 90' lang='grc' dir='ltr'><strong><em>τόν</em></strong></span> <span class='ocrx_word' id='word_1_156' title='bbox 377 2471 412 2513; x_wconf 88' lang='grc' dir='ltr'><strong><em>τε</em></strong></span> <span class='ocrx_word' id='word_1_157' title='bbox 421 2452 564 2532; x_wconf 87' lang='grc' dir='ltr'><strong><em>Μηλίων</em></strong></span> <span class='ocrx_word' id='word_1_158' title='bbox 575 2441 851 2532; x_wconf 75' lang='grc' dir='ltr'><strong><em>ἀνδραποδισμὸν</em></strong></span> <span class='ocrx_word' id='word_1_159' title='bbox 863 2449 917 2514; x_wconf 86' lang='grc' dir='ltr'><strong><em>καλ</em></strong></span> <span class='ocrx_word' id='word_1_160' title='bbox 928 2445 1108 2517; x_wconf 86' lang='grc' dir='ltr'><strong><em>τόνΣκιω-</em></strong></span> 
     </span>
     <span class='ocr_line' id='line_1_22' title="bbox 149 2542 1136 2634; baseline 0.004 -22"><span class='ocrx_word' id='word_1_161' title='bbox 149 2552 256 2614; x_wconf 86' lang='grc' dir='ltr'><strong><em>ναίων</em></strong></span> <span class='ocrx_word' id='word_1_162' title='bbox 272 2544 421 2627; x_wconf 88' lang='grc' dir='ltr'><strong><em>ὄλεθρον</em></strong></span> <span class='ocrx_word' id='word_1_163' title='bbox 431 2547 470 2612; x_wconf 87' lang='grc' dir='ltr'><strong><em>έν</em></strong></span> <span class='ocrx_word' id='word_1_164' title='bbox 477 2545 610 2624; x_wconf 89' lang='grc' dir='ltr'><strong><em>τούτοις</em></strong></span> <span class='ocrx_word' id='word_1_165' title='bbox 618 2558 688 2623; x_wconf 72' lang='grc' dir='ltr'><strong><em>τοῖς</em></strong></span> <span class='ocrx_word' id='word_1_166' title='bbox 698 2545 813 2631; x_wconf 81' lang='grc' dir='ltr'><strong><em>λόχοις</em></strong></span> <span class='ocrx_word' id='word_1_167' title='bbox 823 2542 904 2632; x_wconf 78' lang='grc' dir='ltr'><strong><em>ἡμῖν</em></strong></span> <span class='ocrx_word' id='word_1_168' title='bbox 914 2552 1136 2634; x_wconf 71' lang='grc' dir='ltr'><strong><em>προφέρων-ε</em></strong></span> 
     </span>
     <span class='ocr_line' id='line_1_23' title="bbox 99 2640 1108 2731; baseline 0.002 -19"><span class='ocrx_word' id='word_1_169' title='bbox 99 2663 139 2714; x_wconf 86' lang='grc' dir='ltr'><strong><em>ιο]</em></strong></span> <span class='ocrx_word' id='word_1_170' title='bbox 153 2664 216 2713; x_wconf 91' lang='grc' dir='ltr'><strong><em>σιν.</em></strong></span> <span class='ocrx_word' id='word_1_171' title='bbox 244 2641 311 2730; x_wconf 83' lang='grc' dir='ltr'><strong><em>έγῶ</em></strong></span> <span class='ocrx_word' id='word_1_172' title='bbox 333 2640 365 2710; x_wconf 88' lang='grc' dir='ltr'><strong><em>δ’</em></strong></span> <span class='ocrx_word' id='word_1_173' title='bbox 386 2641 533 2731; x_wconf 80' lang='grc' dir='ltr'><strong><em>ἡγοῦμαι</em></strong></span> <span class='ocrx_word' id='word_1_174' title='bbox 554 2651 689 2729; x_wconf 91' lang='grc' dir='ltr'><strong><em>πρῶτον</em></strong></span> <span class='ocrx_word' id='word_1_175' title='bbox 708 2645 772 2730; x_wconf 74' lang='grc' dir='ltr'><strong><em>μὲν</em></strong></span> <span class='ocrx_word' id='word_1_176' title='bbox 787 2640 889 2712; x_wconf 74' lang='grc' dir='ltr'><strong><em>οὐδὲν</em></strong></span> <span class='ocrx_word' id='word_1_177' title='bbox 908 2644 1108 2714; x_wconf 82' lang='grc' dir='ltr'><strong><em>εἶναιτοῦτο</em></strong></span> 
     </span>
     <span class='ocr_line' id='line_1_24' title="bbox 151 2739 1109 2832; baseline 0.003 -23"><span class='ocrx_word' id='word_1_178' title='bbox 151 2756 307 2830; x_wconf 77' lang='grc' dir='ltr'><strong><em>σημεῖον,</em></strong></span> <span class='ocrx_word' id='word_1_179' title='bbox 323 2739 367 2820; x_wconf 77' lang='grc' dir='ltr'><strong><em>ὡς</em></strong></span> <span class='ocrx_word' id='word_1_180' title='bbox 376 2752 488 2822; x_wconf 87' lang='grc' dir='ltr'><strong><em>κακῶς</em></strong></span> <span class='ocrx_word' id='word_1_181' title='bbox 497 2741 659 2831; x_wconf 75' lang='grc' dir='ltr'><strong><em>ἤρχομεν,</em></strong></span> <span class='ocrx_word' id='word_1_182' title='bbox 678 2752 712 2811; x_wconf 85' lang='grc' dir='ltr'><strong><em>εί</em></strong></span> <span class='ocrx_word' id='word_1_183' title='bbox 717 2769 805 2821; x_wconf 88' lang='grc' dir='ltr'><strong><em>τινες</em></strong></span> <span class='ocrx_word' id='word_1_184' title='bbox 816 2750 885 2811; x_wconf 87' lang='grc' dir='ltr'><strong><em>τῶν</em></strong></span> <span class='ocrx_word' id='word_1_185' title='bbox 895 2747 1109 2832; x_wconf 86' lang='grc' dir='ltr'><strong><em>πολεμησάν-</em></strong></span> 
     </span>
     <span class='ocr_line' id='line_1_25' title="bbox 150 2838 1108 2928; baseline 0.003 -20"><span class='ocrx_word' id='word_1_186' title='bbox 150 2867 217 2909; x_wconf 87' lang='grc' dir='ltr'><strong><em>των</em></strong></span> <span class='ocrx_word' id='word_1_187' title='bbox 230 2838 314 2928; x_wconf 84' lang='grc' dir='ltr'><strong><em>ἡμίν</em></strong></span> <span class='ocrx_word' id='word_1_188' title='bbox 326 2842 460 2928; x_wconf 83' lang='grc' dir='ltr'><strong><em>σφόδρα</em></strong></span> <span class='ocrx_word' id='word_1_189' title='bbox 471 2849 650 2927; x_wconf 89' lang='grc' dir='ltr'><strong><em>φαίνονται</em></strong></span> <span class='ocrx_word' id='word_1_190' title='bbox 665 2846 904 2928; x_wconf 81' lang='grc' dir='ltr'><strong><em>κολασθέντες,</em></strong></span> <span class='ocrx_word' id='word_1_191' title='bbox 921 2841 1006 2912; x_wconf 77' lang='grc' dir='ltr'><strong><em>ἀλλὰ</em></strong></span> <span class='ocrx_word' id='word_1_192' title='bbox 1020 2841 1108 2912; x_wconf 84' lang='grc' dir='ltr'><strong><em>πολύ</em></strong></span> 
     </span>
     <span class='ocr_line' id='line_1_26' title="bbox 149 2938 1107 3037; baseline 0.004 -31"><span class='ocrx_word' id='word_1_193' title='bbox 149 2939 226 3008; x_wconf 91' lang='grc' dir='ltr'><strong><em>τόδε</em></strong></span> <span class='ocrx_word' id='word_1_194' title='bbox 240 2945 354 3025; x_wconf 82' lang='grc' dir='ltr'><strong><em>μείζον</em></strong></span> <span class='ocrx_word' id='word_1_195' title='bbox 370 2940 564 3037; x_wconf 81' lang='grc' dir='ltr'><strong><em>τεκμήριον,</em></strong></span> <span class='ocrx_word' id='word_1_196' title='bbox 585 2938 631 3021; x_wconf 78' lang='grc' dir='ltr'><strong><em>ὥς</em></strong></span> <span class='ocrx_word' id='word_1_197' title='bbox 646 2949 755 3021; x_wconf 87' lang='grc' dir='ltr'><strong><em>καλῶς</em></strong></span> <span class='ocrx_word' id='word_1_198' title='bbox 775 2945 965 3033; x_wconf 67' lang='grc' dir='ltr'><strong><em>διοικοῦμεν</em></strong></span> <span class='ocrx_word' id='word_1_199' title='bbox 980 2941 1020 3010; x_wconf 82' lang='grc' dir='ltr'><strong><em>τά</em></strong></span> <span class='ocrx_word' id='word_1_200' title='bbox 1038 2953 1107 3011; x_wconf 87' lang='grc' dir='ltr'><strong><em>τῶν</em></strong></span> 
     </span>
     <span class='ocr_line' id='line_1_27' title="bbox 149 3036 1156 3127; baseline -0.002 -21"><span class='ocrx_word' id='word_1_201' title='bbox 149 3039 351 3126; x_wconf 89' lang='grc' dir='ltr'><strong><em>συμμάχων,</em></strong></span> <span class='ocrx_word' id='word_1_202' title='bbox 366 3037 418 3106; x_wconf 85' lang='grc' dir='ltr'><strong><em>ὅτι</em></strong></span> <span class='ocrx_word' id='word_1_203' title='bbox 432 3047 502 3108; x_wconf 89' lang='grc' dir='ltr'><strong><em>τῶν</em></strong></span> <span class='ocrx_word' id='word_1_204' title='bbox 516 3042 649 3109; x_wconf 89' lang='grc' dir='ltr'><strong><em>πόλεων</em></strong></span> <span class='ocrx_word' id='word_1_205' title='bbox 662 3047 732 3108; x_wconf 89' lang='grc' dir='ltr'><strong><em>τῶν</em></strong></span> <span class='ocrx_word' id='word_1_206' title='bbox 745 3036 808 3125; x_wconf 82' lang='grc' dir='ltr'><strong><em>ὑφ’</em></strong></span> <span class='ocrx_word' id='word_1_207' title='bbox 825 3037 906 3127; x_wconf 81' lang='grc' dir='ltr'><strong><em>ἡμῖν</em></strong></span> <span class='ocrx_word' id='word_1_208' title='bbox 920 3037 1034 3108; x_wconf 88' lang='grc' dir='ltr'><strong><em>ούσιτν</em></strong></span> <span class='ocrx_word' id='word_1_209' title='bbox 1047 3039 1108 3108; x_wconf 82' lang='grc' dir='ltr'><strong><em>ού·</em></strong></span> <span class='ocrx_word' id='word_1_210' title='bbox 1122 3051 1156 3106; x_wconf 72' lang='grc' dir='ltr'><strong><em>θλ</em></strong></span> 
     </span>
     <span class='ocr_line' id='line_1_28' title="bbox 99 3135 1111 3226; baseline 0.003 -21"><span class='ocrx_word' id='word_1_211' title='bbox 99 3161 141 3214; x_wconf 73' lang='lat'><strong><em>102</em></strong></span> <span class='ocrx_word' id='word_1_212' title='bbox 152 3141 250 3224; x_wconf 87' lang='grc' dir='ltr'><strong><em>δεμία</em></strong></span> <span class='ocrx_word' id='word_1_213' title='bbox 269 3136 405 3215; x_wconf 79' lang='grc' dir='ltr'><strong><em>ταύταις</em></strong></span> <span class='ocrx_word' id='word_1_214' title='bbox 424 3151 496 3217; x_wconf 76' lang='grc' dir='ltr'><strong><em>ταῖς</em></strong></span> <span class='ocrx_word' id='word_1_215' title='bbox 516 3153 704 3226; x_wconf 82' lang='grc' dir='ltr'><strong><em>σνμφοραίς</em></strong></span> <span class='ocrx_word' id='word_1_216' title='bbox 724 3141 927 3222; x_wconf 84' lang='grc' dir='ltr'><strong><em>περιέπεσεν.</em></strong></span> <span class='ocrx_word' id='word_1_217' title='bbox 957 3135 1058 3206; x_wconf 78' lang='grc' dir='ltr'><strong><em>ἔπειτ’</em></strong></span> <span class='ocrx_word' id='word_1_218' title='bbox 1081 3145 1111 3208; x_wconf 90' lang='grc' dir='ltr'><strong><em>εί</em></strong></span> 
     </span>
     <span class='ocr_line' id='line_1_29' title="bbox 149 3235 1108 3323; baseline -0.001 -18"><span class='ocrx_word' id='word_1_219' title='bbox 149 3239 211 3323; x_wconf 69' lang='grc' dir='ltr'><strong><em>μὲν</em></strong></span> <span class='ocrx_word' id='word_1_220' title='bbox 236 3235 333 3305; x_wconf 72' lang='grc' dir='ltr'><strong><em>ἄλλοι</em></strong></span> <span class='ocrx_word' id='word_1_221' title='bbox 357 3238 444 3315; x_wconf 73' lang='grc' dir='ltr'><strong><em>τινες</em></strong></span> <span class='ocrx_word' id='word_1_222' title='bbox 465 3245 535 3304; x_wconf 90' lang='grc' dir='ltr'><strong><em>τῶν</em></strong></span> <span class='ocrx_word' id='word_1_223' title='bbox 556 3235 669 3306; x_wconf 87' lang='grc' dir='ltr'><strong><em>αύτῶν</em></strong></span> <span class='ocrx_word' id='word_1_224' title='bbox 691 3237 897 3322; x_wconf 78' lang='grc' dir='ltr'><strong><em>πραγμάτων</em></strong></span> <span class='ocrx_word' id='word_1_225' title='bbox 919 3238 1108 3322; x_wconf 85' lang='grc' dir='ltr'><strong><em>πραότερον</em></strong></span> 
     </span>
     <span class='ocr_line' id='line_1_30' title="bbox 150 3332 1107 3425; baseline 0 -22"><span class='ocrx_word' id='word_1_226' title='bbox 150 3335 423 3422; x_wconf 79' lang='grc' dir='ltr'><strong><em>ἐπεμελήθησαν,</em></strong></span> <span class='ocrx_word' id='word_1_227' title='bbox 436 3335 572 3416; x_wconf 86' lang='grc' dir='ltr'><strong><em>είκότως</em></strong></span> <span class='ocrx_word' id='word_1_228' title='bbox 581 3332 626 3403; x_wconf 79' lang='grc' dir='ltr'><strong><em>ύν</em></strong></span> <span class='ocrx_word' id='word_1_229' title='bbox 635 3336 717 3423; x_wconf 69' lang='grc' dir='ltr'><strong><em>ἡμῖν</em></strong></span> <span class='ocrx_word' id='word_1_230' title='bbox 729 3339 920 3425; x_wconf 80' lang='grc' dir='ltr'><strong><em>έπιτιμῶεν·</em></strong></span> <span class='ocrx_word' id='word_1_231' title='bbox 938 3339 968 3402; x_wconf 86' lang='grc' dir='ltr'><strong><em>εί</em></strong></span> <span class='ocrx_word' id='word_1_232' title='bbox 978 3337 1013 3402; x_wconf 78' lang='grc' dir='ltr'><strong><em>δέ</em></strong></span> <span class='ocrx_word' id='word_1_233' title='bbox 1026 3335 1107 3420; x_wconf 83' lang='grc' dir='ltr'><strong><em>μήτε</em></strong></span> 
     </span>
     <span class='ocr_line' id='line_1_31' title="bbox 148 3431 1105 3519; baseline 0 -17"><span class='ocrx_word' id='word_1_234' title='bbox 148 3439 249 3502; x_wconf 81' lang='grc' dir='ltr'><strong><em>τοῦτο</em></strong></span> <span class='ocrx_word' id='word_1_235' title='bbox 263 3432 382 3518; x_wconf 77' lang='grc' dir='ltr'><strong><em>γέγονε</em></strong></span> <span class='ocrx_word' id='word_1_236' title='bbox 399 3433 483 3519; x_wconf 81' lang='grc' dir='ltr'><strong><em>μήθ’</em></strong></span> <span class='ocrx_word' id='word_1_237' title='bbox 506 3431 580 3503; x_wconf 89' lang='grc' dir='ltr'><strong><em>οίόν</em></strong></span> <span class='ocrx_word' id='word_1_238' title='bbox 599 3432 629 3503; x_wconf 89' lang='grc' dir='ltr'><strong><em>τ’</em></strong></span> <span class='ocrx_word' id='word_1_239' title='bbox 649 3438 715 3503; x_wconf 87' lang='grc' dir='ltr'><strong><em>έστλ</em></strong></span> <span class='ocrx_word' id='word_1_240' title='bbox 729 3434 902 3502; x_wconf 86' lang='grc' dir='ltr'><strong><em>τοσούτων</em></strong></span> <span class='ocrx_word' id='word_1_241' title='bbox 922 3432 1055 3500; x_wconf 86' lang='grc' dir='ltr'><strong><em>πόλεων</em></strong></span> <span class='ocrx_word' id='word_1_242' title='bbox 1068 3432 1105 3502; x_wconf 83' lang='grc' dir='ltr'><strong><em>τό</em></strong></span> 
     </span>
     <span class='ocr_line' id='line_1_32' title="bbox 149 3527 1107 3622; baseline 0 -22"><span class='ocrx_word' id='word_1_243' title='bbox 149 3537 281 3619; x_wconf 83' lang='grc' dir='ltr'><strong><em>πλῆθος</em></strong></span> <span class='ocrx_word' id='word_1_244' title='bbox 296 3545 447 3616; x_wconf 73' lang='grc' dir='ltr'><strong><em>κρατεῖν,</em></strong></span> <span class='ocrx_word' id='word_1_245' title='bbox 463 3527 507 3618; x_wconf 80' lang='grc' dir='ltr'><strong><em>ἢν</em></strong></span> <span class='ocrx_word' id='word_1_246' title='bbox 521 3535 626 3621; x_wconf 81' lang='grc' dir='ltr'><strong><em>μήτις</em></strong></span> <span class='ocrx_word' id='word_1_247' title='bbox 636 3535 758 3622; x_wconf 76' lang='grc' dir='ltr'><strong><em>κολάζῃ</em></strong></span> <span class='ocrx_word' id='word_1_248' title='bbox 768 3530 847 3611; x_wconf 84' lang='grc' dir='ltr'><strong><em>τούς</em></strong></span> <span class='ocrx_word' id='word_1_249' title='bbox 859 3532 1107 3619; x_wconf 76' lang='grc' dir='ltr'><strong><em>έξαμαρτάνον·</em></strong></span> 
     </span>
    </p>
   </div>
   <div class='ocr_carea' id='block_1_3' title="bbox 149 3624 1108 3783">
    <p class='ocr_par' dir='ltr' id='par_1_3' title="bbox 149 3624 1108 3783">
     <span class='ocr_line' id='line_1_33' title="bbox 149 3624 1108 3778; baseline 0.002 -81"><span class='ocrx_word' id='word_1_250' title='bbox 149 3655 224 3716; x_wconf 89' lang='grc' dir='ltr'><strong><em>τας,</em></strong></span> <span class='ocrx_word' id='word_1_251' title='bbox 235 3634 308 3706; x_wconf 89' lang='grc' dir='ltr'><strong><em>πῶς</em></strong></span> <span class='ocrx_word' id='word_1_252' title='bbox 318 3624 382 3696; x_wconf 90' lang='grc' dir='ltr'><strong><em>ούκ</em></strong></span> <span class='ocrx_word' id='word_1_253' title='bbox 391 3627 456 3778; x_wconf 60' lang='grc' dir='ltr'><strong><em>ἤχθη</em></strong></span> <span class='ocrx_word' id='word_1_254' title='bbox 467 3631 600 3700; x_wconf 88' lang='grc' dir='ltr'><strong><em>δίκαιόν</em></strong></span> <span class='ocrx_word' id='word_1_255' title='bbox 613 3635 703 3699; x_wconf 77' lang='grc' dir='ltr'><strong><em>ἐστιν</em></strong></span> <span class='ocrx_word' id='word_1_256' title='bbox 713 3629 800 3715; x_wconf 79' lang='grc' dir='ltr'><strong><em>ἡμᾶς</em></strong></span> <span class='ocrx_word' id='word_1_257' title='bbox 809 3633 975 3713; x_wconf 80' lang='grc' dir='ltr'><strong><em>έπαινετν,</em></strong></span> <span class='ocrx_word' id='word_1_258' title='bbox 986 3633 1108 3710; x_wconf 79' lang='grc' dir='ltr'><strong><em>οἵτινες</em></strong></span> 
     </span>
     <span class='ocr_line' id='line_1_34' title="bbox 233 3733 968 3783; baseline -0.01 -5"><span class='ocrx_word' id='word_1_259' title='bbox 233 3738 394 3778; x_wconf 72' lang='lat' dir='ltr'><strong>nomm.</strong></span> <span class='ocrx_word' id='word_1_260' title='bbox 430 3763 436 3776; x_wconf 94' lang='lat'>.</span> <span class='ocrx_word' id='word_1_261' title='bbox 950 3733 968 3783; x_wconf 71' lang='grc' dir='ltr'><strong><em>ς</em></strong></span> 
     </span>
    </p>
   </div>
   <div class='ocr_carea' id='block_1_4' title="bbox 0 0 1434 4334">
    <p class='ocr_par' dir='ltr' id='par_1_4' title="bbox 0 0 1434 4334">
     <span class='ocr_line' id='line_1_35' title="bbox 0 0 1434 4334; baseline 0 4"><span class='ocrx_word' id='word_1_262' title='bbox 0 0 1434 4334; x_wconf 95' lang='lat' dir='ltr'><strong><em> </em></strong></span> 
     </span>
    </p>
   </div>
  </div>
 </body>
</html>
