2859 4334
498 1189 840 1270 PRAEFATIO

377 1347 648 1422 EDITIONIS
676 1348 954 1420 ALTERIUS.

228 1505 365 1562 Isocratis
380 1504 508 1560 codicum
521 1505 666 1563 Beklrerus
685 1507 770 1564 docet
787 1508 857 1562 duas
870 1504 992 1560 familias
1010 1524 1080 1574 esse,
1099 1526 1171 1578 quae

157 1595 222 1632 cnm
240 1577 306 1632 aliis
331 1576 414 1632 rebus
440 1575 515 1631 inter
539 1595 568 1633 se
587 1577 730 1647 differant,
754 1579 815 1633 tum
833 1577 964 1632 Antidosi
988 1580 1039 1632 aut
1061 1578 1173 1651 integra

156 1652 207 1703 aut
224 1647 335 1702 mutila
369 1646 451 1701 Illius
469 1647 580 1717 generis
599 1650 720 1704 contulit
736 1651 794 1704 tres
813 1648 937 1704 codices:
955 1648 1120 1705 Urbinatem
1139 1657 1171 1719 Γ,

156 1719 330 1774 Vaticanum
349 1725 387 1786 A,
405 1717 623 1774 laurentianum
642 1722 680 1788 Θ,
704 1719 821 1775 alterius
838 1721 934 1774 autem
953 1719 1036 1787 duos,
1059 1721 1172 1777 Vatica-

155 1809 224 1845 num
233 1795 267 1856 A,
287 1806 371 1858 quem
387 1788 445 1844 iam
460 1787 560 1845 Corsos
579 1792 773 1862 usurpaverat,
793 1791 823 1845 et
839 1789 1012 1846 Marcianum
1025 1793 1058 1852 Ξ.
1091 1793 1172 1848 Urbi·

155 1859 233 1916 natis
258 1860 397 1916 lectiones
422 1859 452 1914 in
475 1860 603 1916 omnibus
622 1861 808 1927 orationibus,
834 1878 905 1929 quae
932 1861 1046 1930 quidem
1067 1862 1098 1917 in
1119 1863 1171 1919 illo

157 1931 256 1988 codiee
275 1930 386 1998 insunt,
405 1930 567 2014 exscripsit,
585 1932 758 2002 reliquorum
771 1933 904 2002 quattuor
922 1932 1090 2004 scripturam
1107 1953 1171 2006 sup

156 2001 299 2075 plementi
322 2001 369 2057 vel
394 2001 555 2084 speciminis
582 2019 667 2058 causa
689 2003 720 2057 in
745 2002 844 2075 paucis
867 2005 976 2057 tantum
999 2005 1172 2060 orationibus

157 2073 295 2130 enotavit
337 2072 434 2128 Multis
458 2075 553 2128 sutem
579 2073 659 2128 annis
683 2075 751 2144 post
777 2089 811 2128 ex
832 2072 963 2128 Urbinati
989 2091 1046 2129 non
1067 2092 1171 2146 paucus

156 2145 310 2211 lectiones,
335 2143 489 2213 dequibus
507 2144 538 2198 in
556 2144 679 2200 editione
703 2161 754 2199 sua
775 2144 822 2199 vel
844 2144 918 2198 nihil
939 2144 986 2200 vel
1008 2144 1080 2200 falso
1097 2148 1172 2200 reto-

156 2217 244 2285 lerat,
268 2214 422 2285 separatim
443 2213 552 2285 publici
573 2213 642 2269 iuris
665 2214 736 2270 iecit
758 2215 1012 2286 („Abhandlungen
1033 2216 1084 2271 der
1105 2216 1171 2271 Ber·

156 2288 230 2343 liner
247 2285 423 2342 Alrademie“
444 2291 527 2354 1861,
544 2304 572 2357 p.
593 2289 680 2358 1034).
714 2286 820 2340 Tamen
841 2303 877 2340 ne
900 2285 1073 2354 sicquidem
1090 2286 1171 2341 Urbi-

156 2359 232 2414 natis
251 2357 350 2428 copias
375 2357 525 2412 exhaustas
550 2372 611 2412 esse
637 2356 736 2411 docuit
758 2357 792 2411 It.
817 2357 954 2423 Hercher‚
979 2355 1171 2428 Epistologra·

156 2432 279 2500 phorum
293 2427 462 2483 Graecorum
476 2426 568 2482 editor
579 2426 736 2493 Parisinus,
755 2427 805 2497 qui
816 2428 854 2482 od
868 2427 1004 2498 epistulas
1017 2428 1171 2483 Isocrateas

157 2502 239 2555 illum
258 2499 386 2553 codicem
400 2498 491 2552 multo
510 2515 573 2552 oum
590 2497 684 2552 fructu
702 2499 794 2554 denuo
808 2497 1024 2568 diligentissimo
1043 2499 1170 2553 contulit

156 2573 238 2626 Alter
256 2571 354 2624 autem
371 2568 461 2624 bonae
483 2570 567 2623 notae
591 2569 680 2624 codex
700 2567 901 2622 Ambrosianus
920 2572 958 2635 Ε,
981 2584 1016 2623 ex
1038 2585 1092 2637 quo
1116 2570 1172 2624 An·

157 2641 259 2696 tidosis
279 2639 316 2694 ab
335 2639 367 2693 A.
387 2639 555 2708 Mustoxyde
572 2639 694 2710 primum
716 2639 828 2710 integra
846 2639 924 2693 edita
942 2641 997 2705 est,
1015 2640 1083 2708 post
1099 2639 1171 2694 Bek-

157 2712 219 2768 keri
238 2712 354 2766 demum
373 2708 527 2764 editionem
545 2710 580 2764 ab
598 2709 663 2764 aliis
682 2726 792 2780 quoque
816 2711 846 2764 et
867 2710 898 2763 in
915 2709 980 2763 aliis
998 2710 1171 2766 orationibus

158 2786 199 2838 est
218 2782 351 2838 collatus
383 2779 546 2835 Lectionem
564 2779 624 2835 eius
643 2780 673 2836 in
691 2780 878 2851 Panegyrico,
896 2779 1075 2848 Archidamo,
1094 2782 1171 2851 Sym-

157 2853 299 2919 machioo,
323 2850 501 2922 lhapezitioo
519 2851 659 2921 integram
682 2851 810 2906 exhibuit
827 2850 989 2905 Baiteriana
1005 2851 1172 2922 Panegyrici

158 2925 259 2992 editio,
275 2940 311 2978 ex
325 2921 477 2978 collatione
486 2921 635 2976 maximam
645 2923 756 3003 partem
785 2920 1007 2976 erMelohiorem
1015 2922 1173 2978 Ulriohium

157 2996 302 3062 instituta,
327 3009 413 3065 porro
439 3008 473 3048 ex
497 2991 586 3063 ipsius
605 2992 711 3047 Basteri
737 3009 769 3047 co
810 2991 888 3046 tione
914 3009 977 3048 cum
999 2992 1029 3047 in
1047 2993 1172 3049 editione

159 3065 304 3123 Turioensi
336 3063 444 3134 passim
473 3080 526 3133 per
556 3080 652 3118 omnes
684 3063 826 3118 orationes
856 3063 963 3118 multae
994 3063 1170 3119 Ambrosiani

159 3138 295 3193 lectiones
314 3135 446 3190 enotatas
465 3135 543 3200 sunt,
561 3135 622 3188 tom
640 3133 670 3188 in
682 3133 828 3188 Benscleri
841 3133 966 3190 editione
984 3135 1081 3201 altera,
1100 3152 1171 3204 quae

158 3209 263 3279 prodiit
282 3205 397 3277 Lipsiae
417 3221 442 3259 a.
460 3202 647 3259 MDOGCLIV
665 3206 695 3260 et
711 3203 884 3259 Mocccnv
903 3205 989 3276 (apud
1005 3205 1050 3259 W.
1070 3205 1172 3287 Bugel-

157 3284 264 3350 mann),
284 3277 316 3332 in
333 3276 379 3331 his
394 3275 517 3358 quinque
531 3275 704 3330 orationibus
719 3292 791 3345 quae
809 3275 850 3329 ihi
863 3275 971 3330 insunt:
990 3276 1171 3346 Panegyrico,

156 3350 306 3421 Philippo,
324 3347 465 3413 Plataico,
484 3345 668 3414 Archidamo,
687 3345 896 3416 Symmachico,
916 3346 1005 3401 omnis
1024 3347 1108 3402 huius
1127 3365 1171 3402 co·

157 3422 226 3476 diois
245 3418 372 3475 varietas
391 3417 505 3472 adiecta
517 3419 568 3472 est.
598 3415 709 3472 Codicis
725 3417 909 3487 Scaphusiani
923 3422 956 3484 Z,
976 3416 1024 3486 qui
1037 3417 1068 3471 in
1080 3418 1173 3489 prima

157 3494 268 3547 tantum
288 3488 414 3544 oratioue
433 3485 551 3542 alicuius
574 3487 660 3558 pretii
682 3489 739 3554 est,
763 3487 879 3542 collatio
897 3487 1094 3543 Turiccnsibus
1113 3488 1172 3544 edi·

159 3563 265 3617 toribus
284 3560 399 3632 praesto
418 3557 485 3626 fuit,
509 3557 558 3627 qui
580 3574 615 3613 ex
632 3575 709 3613 more
733 3575 783 3613 suo
808 3558 856 3612 hic
873 3557 934 3612 illic
957 3558 1017 3614 eius
1036 3559 1171 3613 lectiones

160 3632 368 3697 indicaverunt3
387 3629 486 3684 sedin
506 3628 601 3712 prima
619 3628 745 3684 oratione
769 3628 829 3684 eins
851 3629 974 3684 varietas
997 3629 1109 3698 integro
1126 3645 1171 3682 ex·

162 3705 264 3774 scripta
289 3703 383 3757 exstat
405 3699 435 3754 in
461 3699 624 3755 Ba1teriana
646 3699 813 3770 Panegyrioi
835 3699 967 3755 editione.
1000 3699 1108 3753 Ibidem
1130 3698 1171 3750 in-

162 3775 310 3829 veniuntur
320 3771 419 3842 copiae
428 3771 622 3839 Victoriauae,
636 3771 654 3826 i
666 3788 690 3827 e.
705 3769 836 3827 lectionis
847 3769 968 3824 varietus
978 3769 1034 3824 aP.
1044 3767 1170 3823 Victorio
