<?xml version="1.0" encoding="UTF-8"?>
<!DOCTYPE html PUBLIC "-//W3C//DTD XHTML 1.0 Transitional//EN"
    "http://www.w3.org/TR/xhtml1/DTD/xhtml1-transitional.dtd">
<html xmlns="http://www.w3.org/1999/xhtml" xml:lang="en" lang="en">
 <head>
  <title>
</title>
<meta http-equiv="Content-Type" content="text/html;charset=utf-8" />
  <meta name='ocr-system' content='tesseract 3.04.00' />
  <meta name='ocr-capabilities' content='ocr_page ocr_carea ocr_par ocr_line ocrx_word'/>
</head>
<body>
  <div class='ocr_page' id='page_1' title='image "./orationes00isgoog_0516.png"; bbox 0 0 2859 4334; ppageno 0'>
   <div class='ocr_carea' id='block_1_1' title="bbox 406 393 1119 460">
    <p class='ocr_par' dir='ltr' id='par_1_1' title="bbox 406 393 1119 460">
     <span class='ocr_line' id='line_1_1' title="bbox 406 393 1119 460; baseline 0.006 -8"><span class='ocrx_word' id='word_1_1' title='bbox 406 397 526 453; x_wconf 84' lang='grc' dir='ltr'><em>ΠΕΡΙ</em></span> <span class='ocrx_word' id='word_1_2' title='bbox 554 397 894 460; x_wconf 81' lang='grc' dir='ltr'><em>ΑΝΤΙΔΟΣΕΩΣ.</em></span> <span class='ocrx_word' id='word_1_3' title='bbox 1059 393 1119 457; x_wconf 79' lang='grc'><strong><em>143</em></strong></span> 
     </span>
    </p>
   </div>
   <div class='ocr_carea' id='block_1_2' title="bbox 102 544 1121 1045">
    <p class='ocr_par' dir='ltr' id='par_1_2' title="bbox 102 544 1121 1045">
     <span class='ocr_line' id='line_1_2' title="bbox 178 544 1121 643; baseline -0.001 -23"><span class='ocrx_word' id='word_1_4' title='bbox 178 548 264 620; x_wconf 83' lang='grc' dir='ltr'><strong><em>άλλά</em></strong></span> <span class='ocrx_word' id='word_1_5' title='bbox 275 552 329 618; x_wconf 82' lang='grc' dir='ltr'><strong><em>καὶ</em></strong></span> <span class='ocrx_word' id='word_1_6' title='bbox 338 551 414 637; x_wconf 79' lang='grc' dir='ltr'><strong><em>περὶ</em></strong></span> <span class='ocrx_word' id='word_1_7' title='bbox 422 550 690 639; x_wconf 74' lang='grc' dir='ltr'><strong><em>ἐπιτηδεύματος,</em></strong></span> <span class='ocrx_word' id='word_1_8' title='bbox 706 544 938 643; x_wconf 76' lang='grc' dir='ltr'><strong><em>ᾦπολλοὶτάν</em></strong></span> <span class='ocrx_word' id='word_1_9' title='bbox 946 552 1121 636; x_wconf 84' lang='grc' dir='ltr'><strong><em>νεωτέρων</em></strong></span> 
     </span>
     <span class='ocr_line' id='line_1_3' title="bbox 102 648 1119 741; baseline 0.001 -21"><span class='ocrx_word' id='word_1_10' title='bbox 102 666 166 715; x_wconf 81' lang='lat'><strong><em>1⁷4</em></strong></span> <span class='ocrx_word' id='word_1_11' title='bbox 177 654 381 739; x_wconf 83' lang='grc' dir='ltr'><strong><em>προσέχουσι</em></strong></span> <span class='ocrx_word' id='word_1_12' title='bbox 392 648 452 720; x_wconf 89' lang='grc' dir='ltr'><strong><em>τόν</em></strong></span> <span class='ocrx_word' id='word_1_13' title='bbox 465 658 561 721; x_wconf 83' lang='grc' dir='ltr'><strong><em>νοόν.</em></strong></span> <span class='ocrx_word' id='word_1_14' title='bbox 586 652 678 741; x_wconf 86' lang='grc' dir='ltr'><strong><em>οἶμαι</em></strong></span> <span class='ocrx_word' id='word_1_15' title='bbox 692 651 725 721; x_wconf 85' lang='grc' dir='ltr'><strong><em>δ’</em></strong></span> <span class='ocrx_word' id='word_1_16' title='bbox 736 651 825 740; x_wconf 82' lang='grc' dir='ltr'><strong><em>ύμῖις</em></strong></span> <span class='ocrx_word' id='word_1_17' title='bbox 840 653 1056 740; x_wconf 79' lang='grc' dir='ltr'><strong><em>οόκάγνοείν,</em></strong></span> <span class='ocrx_word' id='word_1_18' title='bbox 1070 651 1119 721; x_wconf 85' lang='grc' dir='ltr'><strong><em>ότι</em></strong></span> 
     </span>
     <span class='ocr_line' id='line_1_4' title="bbox 175 752 1120 842; baseline 0.001 -19"><span class='ocrx_word' id='word_1_19' title='bbox 175 752 217 823; x_wconf 85' lang='grc' dir='ltr'><strong><em>τά</em></strong></span> <span class='ocrx_word' id='word_1_20' title='bbox 234 753 411 842; x_wconf 87' lang='grc' dir='ltr'><strong><em>πράγματα</em></strong></span> <span class='ocrx_word' id='word_1_21' title='bbox 424 756 483 841; x_wconf 79' lang='grc' dir='ltr'><strong><em>τῆς</em></strong></span> <span class='ocrx_word' id='word_1_22' title='bbox 497 754 625 834; x_wconf 84' lang='grc' dir='ltr'><strong><em>πόλεως</em></strong></span> <span class='ocrx_word' id='word_1_23' title='bbox 639 769 707 835; x_wconf 79' lang='grc' dir='ltr'><strong><em>τοῖς</em></strong></span> <span class='ocrx_word' id='word_1_24' title='bbox 718 758 978 842; x_wconf 71' lang='grc' dir='ltr'><strong><em>ἐπιγιγνομένοις</em></strong></span> <span class='ocrx_word' id='word_1_25' title='bbox 985 757 1120 835; x_wconf 73' lang='grc' dir='ltr'><strong><em>καὶτοῖς</em></strong></span> 
     </span>
     <span class='ocr_line' id='line_1_5' title="bbox 175 854 1121 943; baseline 0.003 -21"><span class='ocrx_word' id='word_1_26' title='bbox 175 855 383 941; x_wconf 77' lang='grc' dir='ltr'><strong><em>τηλικούτοις</em></strong></span> <span class='ocrx_word' id='word_1_27' title='bbox 397 859 434 924; x_wconf 89' lang='grc' dir='ltr'><strong><em>οί</em></strong></span> <span class='ocrx_word' id='word_1_28' title='bbox 448 854 663 943; x_wconf 87' lang='grc' dir='ltr'><strong><em>πρεσβύτεροι</em></strong></span> <span class='ocrx_word' id='word_1_29' title='bbox 684 856 937 941; x_wconf 78' lang='grc' dir='ltr'><strong><em>παραδιδόασιν.</em></strong></span> <span class='ocrx_word' id='word_1_30' title='bbox 967 854 1121 942; x_wconf 79' lang='grc' dir='ltr'><strong><em>τοιαύτης</em></strong></span> 
     </span>
     <span class='ocr_line' id='line_1_6' title="bbox 176 947 1117 1045; baseline 0 -20"><span class='ocrx_word' id='word_1_31' title='bbox 176 947 240 1025; x_wconf 82' lang='grc' dir='ltr'><strong><em>οὖν</em></strong></span> <span class='ocrx_word' id='word_1_32' title='bbox 249 956 367 1043; x_wconf 81' lang='grc' dir='ltr'><strong><em>άεὶτης</em></strong></span> <span class='ocrx_word' id='word_1_33' title='bbox 382 957 541 1043; x_wconf 90' lang='grc' dir='ltr'><strong><em>περιόδου</em></strong></span> <span class='ocrx_word' id='word_1_34' title='bbox 556 960 753 1044; x_wconf 78' lang='grc' dir='ltr'><strong><em>γιγνομένης</em></strong></span> <span class='ocrx_word' id='word_1_35' title='bbox 766 956 952 1043; x_wconf 74' lang='grc' dir='ltr'><strong><em>ἀναγκαῖόν</em></strong></span> <span class='ocrx_word' id='word_1_36' title='bbox 967 960 1067 1045; x_wconf 77' lang='grc' dir='ltr'><strong><em>ἐστιν,</em></strong></span> <span class='ocrx_word' id='word_1_37' title='bbox 1081 956 1117 1025; x_wconf 83' lang='grc' dir='ltr'><strong><em>ό-</em></strong></span> 
     </span>
    </p>
   </div>
   <div class='ocr_carea' id='block_1_3' title="bbox 109 1053 1120 3783">
    <p class='ocr_par' dir='ltr' id='par_1_3' title="bbox 176 1053 1120 1554">
     <span class='ocr_line' id='line_1_7' title="bbox 177 1053 1120 1147; baseline 0.001 -20"><span class='ocrx_word' id='word_1_38' title='bbox 177 1084 250 1137; x_wconf 86' lang='grc' dir='ltr'><strong><em>πως</em></strong></span> <span class='ocrx_word' id='word_1_39' title='bbox 268 1053 313 1125; x_wconf 80' lang='grc' dir='ltr'><strong><em>διν</em></strong></span> <span class='ocrx_word' id='word_1_40' title='bbox 337 1062 374 1126; x_wconf 87' lang='grc' dir='ltr'><strong><em>οί</em></strong></span> <span class='ocrx_word' id='word_1_41' title='bbox 387 1057 541 1145; x_wconf 87' lang='grc' dir='ltr'><strong><em>νειότεροι</em></strong></span> <span class='ocrx_word' id='word_1_42' title='bbox 565 1062 807 1142; x_wconf 79' lang='grc' dir='ltr'><strong><em>παιδευθῶσιν,</em></strong></span> <span class='ocrx_word' id='word_1_43' title='bbox 832 1058 923 1127; x_wconf 75' lang='grc' dir='ltr'><strong><em>οὕτω</em></strong></span> <span class='ocrx_word' id='word_1_44' title='bbox 941 1058 1003 1147; x_wconf 80' lang='grc' dir='ltr'><strong><em>τήν</em></strong></span> <span class='ocrx_word' id='word_1_45' title='bbox 1021 1060 1120 1128; x_wconf 85' lang='grc' dir='ltr'><strong><em>πόλιν</em></strong></span> 
     </span>
     <span class='ocr_line' id='line_1_8' title="bbox 176 1157 1119 1246; baseline 0 -18"><span class='ocrx_word' id='word_1_46' title='bbox 176 1159 392 1246; x_wconf 79' lang='grc' dir='ltr'><strong><em>πράττουσαν</em></strong></span> <span class='ocrx_word' id='word_1_47' title='bbox 406 1164 585 1229; x_wconf 74' lang='grc' dir='ltr'><strong><em>διατελεῖν·</em></strong></span> <span class='ocrx_word' id='word_1_48' title='bbox 606 1157 683 1229; x_wconf 79' lang='grc' dir='ltr'><strong><em>ὥστ’</em></strong></span> <span class='ocrx_word' id='word_1_49' title='bbox 700 1157 741 1228; x_wconf 88' lang='grc' dir='ltr'><strong><em>ού</em></strong></span> <span class='ocrx_word' id='word_1_50' title='bbox 754 1162 908 1246; x_wconf 90' lang='grc' dir='ltr'><strong><em>ποιητέον</em></strong></span> <span class='ocrx_word' id='word_1_51' title='bbox 921 1159 1001 1240; x_wconf 87' lang='grc' dir='ltr'><strong><em>τούς</em></strong></span> <span class='ocrx_word' id='word_1_52' title='bbox 1016 1183 1119 1229; x_wconf 84' lang='grc' dir='ltr'><strong><em>συκο-</em></strong></span> 
     </span>
     <span class='ocr_line' id='line_1_9' title="bbox 176 1260 1120 1349; baseline 0.001 -21"><span class='ocrx_word' id='word_1_53' title='bbox 176 1260 309 1348; x_wconf 82' lang='grc' dir='ltr'><strong><em>φάντος</em></strong></span> <span class='ocrx_word' id='word_1_54' title='bbox 316 1262 662 1347; x_wconf 85' lang='grc' dir='ltr'><strong><em>κυρίουςτηλικοότου</em></strong></span> <span class='ocrx_word' id='word_1_55' title='bbox 671 1262 875 1349; x_wconf 84' lang='grc' dir='ltr'><strong><em>πράγματος,</em></strong></span> <span class='ocrx_word' id='word_1_56' title='bbox 884 1261 1050 1341; x_wconf 71' lang='grc' dir='ltr'><strong><em>ούδὲτούς</em></strong></span> <span class='ocrx_word' id='word_1_57' title='bbox 1056 1261 1120 1348; x_wconf 69' lang='grc' dir='ltr'><strong><em>μὲν</em></strong></span> 
     </span>
     <span class='ocr_line' id='line_1_10' title="bbox 176 1354 1119 1451; baseline 0 -21"><span class='ocrx_word' id='word_1_58' title='bbox 176 1361 223 1450; x_wconf 80' lang='grc' dir='ltr'><strong><em>μὴ</em></strong></span> <span class='ocrx_word' id='word_1_59' title='bbox 242 1362 398 1441; x_wconf 86' lang='grc' dir='ltr'><strong><em>διδόντας</em></strong></span> <span class='ocrx_word' id='word_1_60' title='bbox 413 1361 542 1441; x_wconf 80' lang='grc' dir='ltr'><strong><em>τούτοις</em></strong></span> <span class='ocrx_word' id='word_1_61' title='bbox 560 1360 724 1450; x_wconf 88' lang='grc' dir='ltr'><strong><em>άργύριου</em></strong></span> <span class='ocrx_word' id='word_1_62' title='bbox 741 1365 956 1451; x_wconf 69' lang='grc' dir='ltr'><strong><em>τιμωρητέον,</em></strong></span> <span class='ocrx_word' id='word_1_63' title='bbox 974 1362 1054 1451; x_wconf 83' lang='grc' dir='ltr'><strong><em>παρ’</em></strong></span> <span class='ocrx_word' id='word_1_64' title='bbox 1071 1354 1119 1431; x_wconf 78' lang='grc' dir='ltr'><strong><em>τόν</em></strong></span> 
     </span>
     <span class='ocr_line' id='line_1_11' title="bbox 176 1459 1118 1554; baseline 0 -22"><span class='ocrx_word' id='word_1_65' title='bbox 176 1461 211 1532; x_wconf 87' lang='grc' dir='ltr'><strong><em>δ’</em></strong></span> <span class='ocrx_word' id='word_1_66' title='bbox 231 1459 274 1532; x_wconf 80' lang='grc' dir='ltr'><strong><em>άν</em></strong></span> <span class='ocrx_word' id='word_1_67' title='bbox 298 1463 445 1549; x_wconf 75' lang='grc' dir='ltr'><strong><em>λάβωσιν</em></strong></span> <span class='ocrx_word' id='word_1_68' title='bbox 471 1463 585 1531; x_wconf 86' lang='grc' dir='ltr'><strong><em>έατέον</em></strong></span> <span class='ocrx_word' id='word_1_69' title='bbox 610 1479 719 1532; x_wconf 79' lang='grc' dir='ltr'><strong><em>ποιεῖν</em></strong></span> <span class='ocrx_word' id='word_1_70' title='bbox 742 1461 807 1532; x_wconf 88' lang='grc' dir='ltr'><strong><em>ότι</em></strong></span> <span class='ocrx_word' id='word_1_71' title='bbox 825 1461 868 1533; x_wconf 80' lang='grc' dir='ltr'><strong><em>ἂν</em></strong></span> <span class='ocrx_word' id='word_1_72' title='bbox 890 1469 1118 1554; x_wconf 72' lang='grc' dir='ltr'><strong><em>βουληθῶσιν,</em></strong></span> 
     </span>
    </p>

    <p class='ocr_par' dir='ltr' id='par_1_4' title="bbox 109 1560 1120 2564">
     <span class='ocr_line' id='line_1_12' title="bbox 109 1560 1119 1654; baseline 0.005 -24"><span class='ocrx_word' id='word_1_73' title='bbox 109 1579 166 1630; x_wconf 81' lang='lat'><strong><em>175</em></strong></span> <span class='ocrx_word' id='word_1_74' title='bbox 176 1560 256 1633; x_wconf 79' lang='grc' dir='ltr'><strong><em>ἀλλ’</em></strong></span> <span class='ocrx_word' id='word_1_75' title='bbox 272 1570 305 1633; x_wconf 86' lang='grc' dir='ltr'><strong><em>εί</em></strong></span> <span class='ocrx_word' id='word_1_76' title='bbox 315 1562 378 1650; x_wconf 71' lang='grc' dir='ltr'><strong><em>μὲν</em></strong></span> <span class='ocrx_word' id='word_1_77' title='bbox 391 1561 412 1651; x_wconf 81' lang='grc' dir='ltr'><strong><em>ἡ</em></strong></span> <span class='ocrx_word' id='word_1_78' title='bbox 426 1572 609 1651; x_wconf 84' lang='grc' dir='ltr'><strong><em>φιλοσοφία</em></strong></span> <span class='ocrx_word' id='word_1_79' title='bbox 622 1565 779 1653; x_wconf 88' lang='grc' dir='ltr'><strong><em>τοιαύτην</em></strong></span> <span class='ocrx_word' id='word_1_80' title='bbox 795 1572 859 1653; x_wconf 77' lang='grc' dir='ltr'><strong><em>ἔχει</em></strong></span> <span class='ocrx_word' id='word_1_81' title='bbox 872 1566 1020 1654; x_wconf 91' lang='grc' dir='ltr'><strong><em>δύναμιν</em></strong></span> <span class='ocrx_word' id='word_1_82' title='bbox 1034 1563 1119 1635; x_wconf 79' lang='grc' dir='ltr'><strong><em>ὥστε</em></strong></span> 
     </span>
     <span class='ocr_line' id='line_1_13' title="bbox 175 1663 1119 1755; baseline 0.001 -20"><span class='ocrx_word' id='word_1_83' title='bbox 175 1672 389 1753; x_wconf 80' lang='grc' dir='ltr'><strong><em>διαφθείρειν</em></strong></span> <span class='ocrx_word' id='word_1_84' title='bbox 405 1666 486 1745; x_wconf 83' lang='grc' dir='ltr'><strong><em>τούς</em></strong></span> <span class='ocrx_word' id='word_1_85' title='bbox 503 1666 704 1753; x_wconf 75' lang='grc' dir='ltr'><strong><em>νεωτέρους,</em></strong></span> <span class='ocrx_word' id='word_1_86' title='bbox 730 1663 771 1734; x_wconf 84' lang='grc' dir='ltr'><strong><em>ού</em></strong></span> <span class='ocrx_word' id='word_1_87' title='bbox 795 1669 917 1736; x_wconf 83' lang='grc' dir='ltr'><strong><em>τοῦτον</em></strong></span> <span class='ocrx_word' id='word_1_88' title='bbox 934 1667 996 1755; x_wconf 79' lang='grc' dir='ltr'><strong><em>χρὴ</em></strong></span> <span class='ocrx_word' id='word_1_89' title='bbox 1012 1667 1119 1754; x_wconf 91' lang='grc' dir='ltr'><strong><em>μόνον</em></strong></span> 
     </span>
     <span class='ocr_line' id='line_1_14' title="bbox 175 1763 1119 1855; baseline 0.002 -20"><span class='ocrx_word' id='word_1_90' title='bbox 175 1768 338 1854; x_wconf 77' lang='grc' dir='ltr'><strong><em>κολάζειν,</em></strong></span> <span class='ocrx_word' id='word_1_91' title='bbox 357 1763 398 1834; x_wconf 85' lang='grc' dir='ltr'><strong><em>δν</em></strong></span> <span class='ocrx_word' id='word_1_92' title='bbox 415 1763 459 1834; x_wconf 75' lang='grc' dir='ltr'><strong><em>ἄν</em></strong></span> <span class='ocrx_word' id='word_1_93' title='bbox 476 1768 649 1855; x_wconf 80' lang='grc' dir='ltr'><strong><em>γράψηταί</em></strong></span> <span class='ocrx_word' id='word_1_94' title='bbox 663 1795 712 1848; x_wconf 90' lang='grc' dir='ltr'><strong><em>τις</em></strong></span> <span class='ocrx_word' id='word_1_95' title='bbox 725 1768 869 1855; x_wconf 90' lang='grc' dir='ltr'><strong><em>τούτων,</em></strong></span> <span class='ocrx_word' id='word_1_96' title='bbox 887 1768 972 1836; x_wconf 81' lang='grc' dir='ltr'><strong><em>άλλδ</em></strong></span> <span class='ocrx_word' id='word_1_97' title='bbox 991 1769 1119 1849; x_wconf 89' lang='grc' dir='ltr'><strong><em>πάντας</em></strong></span> 
     </span>
     <span class='ocr_line' id='line_1_15' title="bbox 177 1865 1120 1959; baseline 0.002 -22"><span class='ocrx_word' id='word_1_98' title='bbox 177 1868 331 1938; x_wconf 79' lang='grc' dir='ltr'><strong><em>έκποδάν</em></strong></span> <span class='ocrx_word' id='word_1_99' title='bbox 346 1880 514 1937; x_wconf 77' lang='grc' dir='ltr'><strong><em>ποιεῖσθαι</em></strong></span> <span class='ocrx_word' id='word_1_100' title='bbox 531 1865 611 1948; x_wconf 87' lang='grc' dir='ltr'><strong><em>τούς</em></strong></span> <span class='ocrx_word' id='word_1_101' title='bbox 630 1871 707 1955; x_wconf 82' lang='grc' dir='ltr'><strong><em>περὶ</em></strong></span> <span class='ocrx_word' id='word_1_102' title='bbox 725 1867 787 1955; x_wconf 78' lang='grc' dir='ltr'><strong><em>τὴν</em></strong></span> <span class='ocrx_word' id='word_1_103' title='bbox 804 1869 976 1957; x_wconf 77' lang='grc' dir='ltr'><strong><em>διατριβὴν</em></strong></span> <span class='ocrx_word' id='word_1_104' title='bbox 992 1871 1120 1959; x_wconf 90' lang='grc' dir='ltr'><strong><em>ταύτην</em></strong></span> 
     </span>
     <span class='ocr_line' id='line_1_16' title="bbox 177 1966 1118 2058; baseline 0.001 -19"><span class='ocrx_word' id='word_1_105' title='bbox 177 1971 295 2050; x_wconf 86' lang='grc' dir='ltr'><strong><em>ὄντας·</em></strong></span> <span class='ocrx_word' id='word_1_106' title='bbox 315 1977 347 2038; x_wconf 92' lang='grc' dir='ltr'><strong><em>εί</em></strong></span> <span class='ocrx_word' id='word_1_107' title='bbox 364 1970 402 2038; x_wconf 71' lang='grc' dir='ltr'><strong><em>δὲ</em></strong></span> <span class='ocrx_word' id='word_1_108' title='bbox 419 1966 621 2038; x_wconf 90' lang='grc' dir='ltr'><strong><em>τούναντίον</em></strong></span> <span class='ocrx_word' id='word_1_109' title='bbox 639 1972 791 2056; x_wconf 86' lang='grc' dir='ltr'><strong><em>πέφυκεν</em></strong></span> <span class='ocrx_word' id='word_1_110' title='bbox 810 1966 890 2039; x_wconf 75' lang='grc' dir='ltr'><strong><em>ὥστ’</em></strong></span> <span class='ocrx_word' id='word_1_111' title='bbox 906 1969 1050 2058; x_wconf 80' lang='grc' dir='ltr'><strong><em>άφελεῑν</em></strong></span> <span class='ocrx_word' id='word_1_112' title='bbox 1062 1972 1118 2041; x_wconf 77' lang='grc' dir='ltr'><strong><em>καὶ</em></strong></span> 
     </span>
     <span class='ocr_line' id='line_1_17' title="bbox 175 2069 1117 2160; baseline 0.003 -20"><span class='ocrx_word' id='word_1_113' title='bbox 175 2078 331 2160; x_wconf 83' lang='grc' dir='ltr'><strong><em>βελτίους</em></strong></span> <span class='ocrx_word' id='word_1_114' title='bbox 342 2086 450 2140; x_wconf 76' lang='grc' dir='ltr'><strong><em>ποιεῖν</em></strong></span> <span class='ocrx_word' id='word_1_115' title='bbox 459 2069 539 2151; x_wconf 85' lang='grc' dir='ltr'><strong><em>τούς</em></strong></span> <span class='ocrx_word' id='word_1_116' title='bbox 554 2073 791 2157; x_wconf 78' lang='grc' dir='ltr'><strong><em>πλησιάζοντας</em></strong></span> <span class='ocrx_word' id='word_1_117' title='bbox 805 2075 861 2141; x_wconf 81' lang='grc' dir='ltr'><strong><em>καὶ</em></strong></span> <span class='ocrx_word' id='word_1_118' title='bbox 874 2080 1029 2152; x_wconf 86' lang='grc' dir='ltr'><strong><em>πλείονος</em></strong></span> <span class='ocrx_word' id='word_1_119' title='bbox 1044 2071 1117 2155; x_wconf 81' lang='grc' dir='ltr'><strong><em>άξί-</em></strong></span> 
     </span>
     <span class='ocr_line' id='line_1_18' title="bbox 175 2171 1119 2262; baseline 0 -19"><span class='ocrx_word' id='word_1_120' title='bbox 175 2201 249 2260; x_wconf 90' lang='grc' dir='ltr'><strong><em>ους,</em></strong></span> <span class='ocrx_word' id='word_1_121' title='bbox 265 2171 343 2253; x_wconf 81' lang='grc' dir='ltr'><strong><em>τούς</em></strong></span> <span class='ocrx_word' id='word_1_122' title='bbox 355 2171 417 2260; x_wconf 70' lang='grc' dir='ltr'><strong><em>μὲν</em></strong></span> <span class='ocrx_word' id='word_1_123' title='bbox 432 2175 714 2262; x_wconf 79' lang='grc' dir='ltr'><strong><em>διαβεβλημένους</em></strong></span> <span class='ocrx_word' id='word_1_124' title='bbox 729 2173 813 2261; x_wconf 87' lang='grc' dir='ltr'><strong><em>πρός</em></strong></span> <span class='ocrx_word' id='word_1_125' title='bbox 823 2172 930 2260; x_wconf 76' lang='grc' dir='ltr'><strong><em>αὐτὴν</em></strong></span> <span class='ocrx_word' id='word_1_126' title='bbox 940 2176 1119 2262; x_wconf 83' lang='grc' dir='ltr'><strong><em>παυστέον,</em></strong></span> 
     </span>
     <span class='ocr_line' id='line_1_19' title="bbox 175 2271 1119 2364; baseline 0.001 -20"><span class='ocrx_word' id='word_1_127' title='bbox 175 2276 258 2356; x_wconf 84' lang='grc' dir='ltr'><strong><em>τούς</em></strong></span> <span class='ocrx_word' id='word_1_128' title='bbox 281 2274 319 2343; x_wconf 72' lang='grc' dir='ltr'><strong><em>δὲ</em></strong></span> <span class='ocrx_word' id='word_1_129' title='bbox 343 2271 556 2361; x_wconf 86' lang='grc' dir='ltr'><strong><em>συκοφάντας</em></strong></span> <span class='ocrx_word' id='word_1_130' title='bbox 581 2271 773 2362; x_wconf 89' lang='grc' dir='ltr'><strong><em>άτιμητέον,</em></strong></span> <span class='ocrx_word' id='word_1_131' title='bbox 797 2290 866 2354; x_wconf 81' lang='grc' dir='ltr'><strong><em>τοῖς</em></strong></span> <span class='ocrx_word' id='word_1_132' title='bbox 891 2275 928 2345; x_wconf 77' lang='grc' dir='ltr'><strong><em>δὲ</em></strong></span> <span class='ocrx_word' id='word_1_133' title='bbox 945 2278 1119 2364; x_wconf 88' lang='grc' dir='ltr'><strong><em>νεωτέροις</em></strong></span> 
     </span>
     <span class='ocr_line' id='line_1_20' title="bbox 175 2373 1117 2465; baseline 0.002 -20"><span class='ocrx_word' id='word_1_134' title='bbox 175 2378 448 2463; x_wconf 83' lang='grc' dir='ltr'><strong><em>συμβουλευτίον</em></strong></span> <span class='ocrx_word' id='word_1_135' title='bbox 474 2380 510 2443; x_wconf 86' lang='grc' dir='ltr'><strong><em>έν</em></strong></span> <span class='ocrx_word' id='word_1_136' title='bbox 534 2373 642 2465; x_wconf 86' lang='grc' dir='ltr'><strong><em>ταύτη</em></strong></span> <span class='ocrx_word' id='word_1_137' title='bbox 661 2381 844 2464; x_wconf 90' lang='grc' dir='ltr'><strong><em>διατρίβειν</em></strong></span> <span class='ocrx_word' id='word_1_138' title='bbox 861 2380 990 2464; x_wconf 82' lang='grc' dir='ltr'><strong><em>μᾶλλον</em></strong></span> <span class='ocrx_word' id='word_1_139' title='bbox 1007 2373 1027 2465; x_wconf 80' lang='grc' dir='ltr'><em>ἢ</em></span> <span class='ocrx_word' id='word_1_140' title='bbox 1045 2393 1117 2459; x_wconf 79' lang='grc' dir='ltr'><strong><em>τοῖς</em></strong></span> 
     </span>
     <span class='ocr_line' id='line_1_21' title="bbox 175 2475 573 2564; baseline -0.005 -17"><span class='ocrx_word' id='word_1_141' title='bbox 175 2478 291 2556; x_wconf 81' lang='grc' dir='ltr'><strong><em>ἄλλοις</em></strong></span> <span class='ocrx_word' id='word_1_142' title='bbox 310 2475 573 2564; x_wconf 77' lang='grc' dir='ltr'><strong><em>ἐπιτηδεύμασιν.</em></strong></span> 
     </span>
    </p>

    <p class='ocr_par' dir='ltr' id='par_1_5' title="bbox 116 2571 1118 3276">
     <span class='ocr_line' id='line_1_22' title="bbox 116 2571 1118 2668; baseline 0.009 -28"><span class='ocrx_word' id='word_1_143' title='bbox 116 2591 166 2641; x_wconf 74' lang='lat'><strong><em>176</em></strong></span> <span class='ocrx_word' id='word_1_144' title='bbox 253 2571 1118 2668; x_wconf 79' lang='grc' dir='ltr'><strong><em>(κς’*ιβ’.)Πρδπολλῶνδ’άνέποιησάμην,είπερῆν</em></strong></span> 
     </span>
     <span class='ocr_line' id='line_1_23' title="bbox 176 2679 1116 2769; baseline 0 -20"><span class='ocrx_word' id='word_1_145' title='bbox 176 2680 441 2767; x_wconf 87' lang='grc' dir='ltr'><strong><em>είμαρμένονμοι</em></strong></span> <span class='ocrx_word' id='word_1_146' title='bbox 449 2679 588 2767; x_wconf 89' lang='grc' dir='ltr'><strong><em>φεύγειν</em></strong></span> <span class='ocrx_word' id='word_1_147' title='bbox 595 2681 943 2769; x_wconf 76' lang='grc' dir='ltr'><strong><em>τὴνγραφὴνταύτην,</em></strong></span> <span class='ocrx_word' id='word_1_148' title='bbox 951 2680 1116 2769; x_wconf 81' lang='grc' dir='ltr'><strong><em>ἀκμάζον-</em></strong></span> 
     </span>
     <span class='ocr_line' id='line_1_24' title="bbox 175 2779 1117 2870; baseline 0.003 -22"><span class='ocrx_word' id='word_1_149' title='bbox 175 2789 212 2849; x_wconf 92' lang='grc' dir='ltr'><strong><em>τί</em></strong></span> <span class='ocrx_word' id='word_1_150' title='bbox 214 2809 270 2870; x_wconf 91' lang='grc' dir='ltr'><strong><em>μοι</em></strong></span> <span class='ocrx_word' id='word_1_151' title='bbox 277 2795 480 2869; x_wconf 82' lang='grc' dir='ltr'><strong><em>προσπεσεῖν</em></strong></span> <span class='ocrx_word' id='word_1_152' title='bbox 492 2779 553 2850; x_wconf 86' lang='grc' dir='ltr'><strong><em>τόν</em></strong></span> <span class='ocrx_word' id='word_1_153' title='bbox 566 2786 747 2850; x_wconf 85' lang='grc' dir='ltr'><strong><em>κίνδυνον·</em></strong></span> <span class='ocrx_word' id='word_1_154' title='bbox 766 2780 807 2850; x_wconf 85' lang='grc' dir='ltr'><strong><em>ού</em></strong></span> <span class='ocrx_word' id='word_1_155' title='bbox 820 2782 887 2869; x_wconf 87' lang='grc' dir='ltr'><strong><em>γάρ</em></strong></span> <span class='ocrx_word' id='word_1_156' title='bbox 898 2779 943 2850; x_wconf 82' lang='grc' dir='ltr'><strong><em>άν</em></strong></span> <span class='ocrx_word' id='word_1_157' title='bbox 956 2782 1117 2870; x_wconf 80' lang='grc' dir='ltr'><strong><em>ἠθύμουν</em></strong></span> 
     </span>
     <span class='ocr_line' id='line_1_25' title="bbox 175 2876 1117 2971; baseline 0.002 -21"><span class='ocrx_word' id='word_1_158' title='bbox 175 2882 262 2950; x_wconf 83' lang='grc' dir='ltr'><strong><em>άλλά</em></strong></span> <span class='ocrx_word' id='word_1_159' title='bbox 275 2888 404 2970; x_wconf 82' lang='grc' dir='ltr'><strong><em>μᾶλλον</em></strong></span> <span class='ocrx_word' id='word_1_160' title='bbox 418 2876 489 2961; x_wconf 85' lang='grc' dir='ltr'><strong><em>οἷός</em></strong></span> <span class='ocrx_word' id='word_1_161' title='bbox 502 2878 532 2948; x_wconf 92' lang='grc' dir='ltr'><strong><em>τ’</em></strong></span> <span class='ocrx_word' id='word_1_162' title='bbox 550 2878 593 2950; x_wconf 76' lang='grc' dir='ltr'><strong><em>ἂν</em></strong></span> <span class='ocrx_word' id='word_1_163' title='bbox 608 2881 771 2970; x_wconf 80' lang='grc' dir='ltr'><strong><em>ἐγενόμην</em></strong></span> <span class='ocrx_word' id='word_1_164' title='bbox 784 2885 840 2951; x_wconf 76' lang='grc' dir='ltr'><strong><em>καί</em></strong></span> <span class='ocrx_word' id='word_1_165' title='bbox 854 2884 913 2951; x_wconf 85' lang='grc' dir='ltr'><strong><em>τὸν</em></strong></span> <span class='ocrx_word' id='word_1_166' title='bbox 931 2882 1117 2971; x_wconf 79' lang='grc' dir='ltr'><strong><em>κατήγορον</em></strong></span> 
     </span>
     <span class='ocr_line' id='line_1_26' title="bbox 173 2981 1114 3073; baseline 0.001 -20"><span class='ocrx_word' id='word_1_167' title='bbox 173 2981 1114 3073; x_wconf 75' lang='grc' dir='ltr'><strong><em>άμύνασθαικαὶτῇφιλοσοφίᾳβοηθησαι·νύνδδφοβοῦ-</em></strong></span> 
     </span>
     <span class='ocr_line' id='line_1_27' title="bbox 174 3082 1117 3175; baseline -0.001 -20"><span class='ocrx_word' id='word_1_168' title='bbox 174 3085 305 3175; x_wconf 82' lang='grc' dir='ltr'><strong><em>μαι,μή</em></strong></span> <span class='ocrx_word' id='word_1_169' title='bbox 320 3087 375 3155; x_wconf 84' lang='grc' dir='ltr'><strong><em>διὰ</em></strong></span> <span class='ocrx_word' id='word_1_170' title='bbox 390 3086 515 3173; x_wconf 89' lang='grc' dir='ltr'><strong><em>ταύτην</em></strong></span> <span class='ocrx_word' id='word_1_171' title='bbox 529 3082 616 3174; x_wconf 68' lang='grc' dir='ltr'><strong><em>ὑπὲρ</em></strong></span> <span class='ocrx_word' id='word_1_172' title='bbox 630 3084 743 3154; x_wconf 75' lang='grc' dir='ltr'><strong><em>ἄλλων</em></strong></span> <span class='ocrx_word' id='word_1_173' title='bbox 757 3085 961 3174; x_wconf 88' lang='grc' dir='ltr'><strong><em>πραγμάτων</em></strong></span> <span class='ocrx_word' id='word_1_174' title='bbox 970 3089 1117 3168; x_wconf 76' lang='grc' dir='ltr'><strong><em>ἐπιεικῶς</em></strong></span> 
     </span>
     <span class='ocr_line' id='line_1_28' title="bbox 175 3183 1116 3276; baseline -0.002 -19"><span class='ocrx_word' id='word_1_175' title='bbox 175 3185 320 3276; x_wconf 78' lang='grc' dir='ltr'><strong><em>είρηκοδς</em></strong></span> <span class='ocrx_word' id='word_1_176' title='bbox 334 3188 409 3273; x_wconf 81' lang='grc' dir='ltr'><strong><em>περὶ</em></strong></span> <span class='ocrx_word' id='word_1_177' title='bbox 424 3183 529 3274; x_wconf 76' lang='grc' dir='ltr'><strong><em>αὐτῆς</em></strong></span> <span class='ocrx_word' id='word_1_178' title='bbox 542 3188 665 3275; x_wconf 88' lang='grc' dir='ltr'><strong><em>ταύτης</em></strong></span> <span class='ocrx_word' id='word_1_179' title='bbox 679 3203 795 3275; x_wconf 80' lang='grc' dir='ltr'><strong><em>χεῖρον</em></strong></span> <span class='ocrx_word' id='word_1_180' title='bbox 802 3186 893 3275; x_wconf 83' lang='grc' dir='ltr'><strong><em>τύχω</em></strong></span> <span class='ocrx_word' id='word_1_181' title='bbox 901 3185 1116 3276; x_wconf 76' lang='grc' dir='ltr'><strong><em>διαλεχθεὶςῆ</em></strong></span> 
     </span>
    </p>

    <p class='ocr_par' dir='ltr' id='par_1_6' title="bbox 119 3278 1117 3683">
     <span class='ocr_line' id='line_1_29' title="bbox 119 3278 1114 3377; baseline 0.007 -25"><span class='ocrx_word' id='word_1_182' title='bbox 119 3301 163 3352; x_wconf 70' lang='lat' dir='ltr'><strong><em>lw</em></strong></span> <span class='ocrx_word' id='word_1_183' title='bbox 175 3292 253 3374; x_wconf 79' lang='grc' dir='ltr'><strong><em>περὶ</em></strong></span> <span class='ocrx_word' id='word_1_184' title='bbox 263 3278 311 3357; x_wconf 77' lang='grc' dir='ltr'><strong><em>ὧν</em></strong></span> <span class='ocrx_word' id='word_1_185' title='bbox 317 3281 418 3376; x_wconf 77' lang='grc' dir='ltr'><strong><em>ἧττόν</em></strong></span> <span class='ocrx_word' id='word_1_186' title='bbox 424 3315 481 3377; x_wconf 87' lang='grc' dir='ltr'><strong><em>μοι</em></strong></span> <span class='ocrx_word' id='word_1_187' title='bbox 489 3288 678 3357; x_wconf 88' lang='grc' dir='ltr'><strong><em>σπουδάσαι</em></strong></span> <span class='ocrx_word' id='word_1_188' title='bbox 691 3295 867 3377; x_wconf 76' lang='grc' dir='ltr'><strong><em>προσῆκεν.</em></strong></span> <span class='ocrx_word' id='word_1_189' title='bbox 885 3296 991 3358; x_wconf 87' lang='grc' dir='ltr'><strong><em>καίτοι</em></strong></span> <span class='ocrx_word' id='word_1_190' title='bbox 1005 3291 1114 3371; x_wconf 82' lang='grc' dir='ltr'><strong><em>δεξαί-</em></strong></span> 
     </span>
     <span class='ocr_line' id='line_1_30' title="bbox 173 3386 1117 3479; baseline 0.003 -22"><span class='ocrx_word' id='word_1_191' title='bbox 173 3418 241 3479; x_wconf 91' lang='grc' dir='ltr'><strong><em>μην</em></strong></span> <span class='ocrx_word' id='word_1_192' title='bbox 254 3386 308 3475; x_wconf 84' lang='grc' dir='ltr'><strong><em>διν,</em></strong></span> <span class='ocrx_word' id='word_1_193' title='bbox 322 3388 487 3478; x_wconf 77' lang='grc' dir='ltr'><strong><em>εἰρήσεται</em></strong></span> <span class='ocrx_word' id='word_1_194' title='bbox 500 3389 566 3477; x_wconf 82' lang='grc' dir='ltr'><strong><em>γάρ</em></strong></span> <span class='ocrx_word' id='word_1_195' title='bbox 579 3388 737 3478; x_wconf 73' lang='grc' dir='ltr'><strong><em>τάληθές,</em></strong></span> <span class='ocrx_word' id='word_1_196' title='bbox 750 3399 783 3461; x_wconf 84' lang='grc' dir='ltr'><strong><em>εί</em></strong></span> <span class='ocrx_word' id='word_1_197' title='bbox 789 3395 846 3466; x_wconf 75' lang='grc' dir='ltr'><strong><em>καὶ</em></strong></span> <span class='ocrx_word' id='word_1_198' title='bbox 859 3389 971 3479; x_wconf 81' lang='grc' dir='ltr'><strong><em>μωρὸς</em></strong></span> <span class='ocrx_word' id='word_1_199' title='bbox 985 3389 1003 3458; x_wconf 91' lang='grc' dir='ltr'><strong><em>ό</em></strong></span> <span class='ocrx_word' id='word_1_200' title='bbox 1017 3390 1117 3478; x_wconf 85' lang='grc' dir='ltr'><strong><em>λόγος</em></strong></span> 
     </span>
     <span class='ocr_line' id='line_1_31' title="bbox 174 3488 1114 3581; baseline -0.001 -19"><span class='ocrx_word' id='word_1_201' title='bbox 174 3494 281 3581; x_wconf 79' lang='grc' dir='ltr'><strong><em>ἐστὶν,</em></strong></span> <span class='ocrx_word' id='word_1_202' title='bbox 294 3488 720 3579; x_wconf 78' lang='grc' dir='ltr'><strong><em>ἥδητελευτῆσαιτόνβίον,</em></strong></span> <span class='ocrx_word' id='word_1_203' title='bbox 733 3491 1012 3581; x_wconf 79' lang='grc' dir='ltr'><strong><em>άξίωςείπεδντης</em></strong></span> <span class='ocrx_word' id='word_1_204' title='bbox 1026 3492 1114 3563; x_wconf 89' lang='grc' dir='ltr'><strong><em>ύπο-</em></strong></span> 
     </span>
     <span class='ocr_line' id='line_1_32' title="bbox 171 3593 1116 3683; baseline 0.003 -21"><span class='ocrx_word' id='word_1_205' title='bbox 171 3597 301 3672; x_wconf 81' lang='grc' dir='ltr'><strong><em>θέσεως</em></strong></span> <span class='ocrx_word' id='word_1_206' title='bbox 318 3594 375 3662; x_wconf 84' lang='grc' dir='ltr'><strong><em>καὶ</em></strong></span> <span class='ocrx_word' id='word_1_207' title='bbox 394 3601 512 3674; x_wconf 88' lang='grc' dir='ltr'><strong><em>πείσας</em></strong></span> <span class='ocrx_word' id='word_1_208' title='bbox 525 3593 614 3680; x_wconf 78' lang='grc' dir='ltr'><strong><em>ὑμᾶς</em></strong></span> <span class='ocrx_word' id='word_1_209' title='bbox 627 3593 785 3680; x_wconf 90' lang='grc' dir='ltr'><strong><em>τοιαύτην</em></strong></span> <span class='ocrx_word' id='word_1_210' title='bbox 799 3593 885 3662; x_wconf 82' lang='grc' dir='ltr'><strong><em>εἶναι</em></strong></span> <span class='ocrx_word' id='word_1_211' title='bbox 897 3601 1041 3682; x_wconf 77' lang='grc' dir='ltr'><strong><em>νομίζειν</em></strong></span> <span class='ocrx_word' id='word_1_212' title='bbox 1053 3596 1116 3683; x_wconf 80' lang='grc' dir='ltr'><strong><em>τὴν</em></strong></span> 
     </span>
    </p>

    <p class='ocr_par' dir='ltr' id='par_1_7' title="bbox 113 3691 1114 3783">
     <span class='ocr_line' id='line_1_33' title="bbox 113 3691 1114 3783; baseline 0 -19"><span class='ocrx_word' id='word_1_213' title='bbox 113 3717 115 3720; x_wconf 79' lang='grc'>’</span> <span class='ocrx_word' id='word_1_214' title='bbox 171 3694 359 3781; x_wconf 80' lang='grc' dir='ltr'><strong><em>τῶνλόγων</em></strong></span> <span class='ocrx_word' id='word_1_215' title='bbox 365 3695 517 3781; x_wconf 84' lang='grc' dir='ltr'><strong><em>μελέτην,</em></strong></span> <span class='ocrx_word' id='word_1_216' title='bbox 533 3700 587 3764; x_wconf 78' lang='grc' dir='ltr'><strong><em>οἵα</em></strong></span> <span class='ocrx_word' id='word_1_217' title='bbox 602 3721 663 3783; x_wconf 85' lang='grc' dir='ltr'><strong><em>περ</em></strong></span> <span class='ocrx_word' id='word_1_218' title='bbox 680 3696 761 3781; x_wconf 74' lang='grc' dir='ltr'><strong><em>ἐστὶ,</em></strong></span> <span class='ocrx_word' id='word_1_219' title='bbox 775 3700 903 3783; x_wconf 82' lang='grc' dir='ltr'><strong><em>μᾶλλον</em></strong></span> <span class='ocrx_word' id='word_1_220' title='bbox 915 3691 1114 3781; x_wconf 75' lang='grc' dir='ltr'><strong><em>ἢζῆνπολυ-</em></strong></span> 
     </span>
    </p>
   </div>
   <div class='ocr_carea' id='block_1_4' title="bbox 0 0 1434 4334">
    <p class='ocr_par' dir='ltr' id='par_1_8' title="bbox 0 0 1434 4334">
     <span class='ocr_line' id='line_1_34' title="bbox 0 0 1434 4334; baseline 0 0"><span class='ocrx_word' id='word_1_221' title='bbox 0 0 1434 4334; x_wconf 95' lang='lat' dir='ltr'><strong><em> </em></strong></span> 
     </span>
    </p>
   </div>
  </div>
 </body>
</html>
