2859 4334
415 363 533 419 ΠΕΡΙ
560 360 624 420 AN
632 364 679 421 TI
688 364 898 423 ΔΟΣΕΩΣ.
1067 361 1128 425 139

181 519 333 602 κασθεὶς,
348 523 394 586 ἔτι
408 516 446 585 δὲ
459 517 544 604 πρὸς
556 516 685 597 τούτοις
693 515 771 587 οὔτε
782 534 929 605 γυναῖκα
935 520 1042 607 γήμας
1050 517 1127 590 οὔτε

182 616 1126 707 παῖδαςποιησάμενοςἀλλ’ἀτελὴςγενόμενοςκαλταύτης

182 723 243 805 τῆς
255 728 460 807 λῃτουργίας
466 725 525 805 τῆς
541 722 1123 808 ἐνδελεχεστάτηςκαὶπολυτελεστά-
1136 734 1169 787 84

182 846 254 905 της,
263 819 1128 909 τοσοῦτονπρολαβῶνπρόςτόπλείωκτησασδαιτῶν

114 940 171 988 157
183 920 933 1010 ἀλλων,χιλιόυςμόνουςστατῆραςκατέλιπεν.
953 926 1128 1013 καίτοιχρη

183 1023 259 1109 περὶ
272 1026 331 1109 τῆς
346 1020 387 1091 ου’
391 1033 467 1103 σίας
480 1020 1127 1114 τῆςάλλήλωνμὴτοῖςαίτιωμίνοιςείκη

183 1125 367 1209 πιστεύειν,
381 1125 531 1212 μηδὲτάς
546 1131 703 1212 ἐργασίας
712 1136 786 1205 ίσας
794 1127 1005 1212 νομιζειντάς
1012 1155 1048 1196 τε
1058 1136 1128 1197 τῶν

184 1232 357 1313 σοφιστῶν
371 1227 426 1294 καὶ
440 1228 497 1305 τάς
511 1230 581 1295 τῶν
594 1220 800 1312 ὑποκριτῶν,
814 1226 900 1296 ἀλλά
914 1227 993 1307 τούς
1009 1232 1045 1297 ἐν
1054 1246 1128 1309 ταῖς

185 1324 305 1406 αύταῖς
318 1328 447 1414 τέχναις
461 1326 560 1407 ὄντας
575 1326 659 1415 πρός
673 1328 838 1415 ἀλλήλους
848 1338 974 1418 κρίνειν
983 1331 1039 1398 καὶ
1047 1331 1129 1411 τούς

184 1425 307 1514 ὁμοίαν
317 1432 353 1498 ἐν
363 1428 483 1519 ἑκάστη
491 1431 552 1516 τὴν
560 1430 706 1517 δύναμιν
716 1430 879 1515 λαβόντας
892 1439 1128 1519 παραπλησίαν

122 1548 174 1599 158
185 1530 243 1597 καὶ
262 1528 324 1617 τὴν
341 1528 464 1599 οὐσίαν
482 1537 567 1618 ἔχειν
584 1540 737 1617 νομίζειν.
765 1522 884 1618 ἣνοῦν
898 1532 1074 1621 ἐξισύσητί
1088 1561 1130 1620 με

184 1632 233 1721 τῷ
261 1639 418 1700 πλεῖστον
445 1634 661 1723 ἐργασαμένῳ
687 1633 743 1700 καὶ
767 1635 851 1719 θῆτε
877 1632 962 1721 πρός
984 1637 1129 1720 ἐκεῖνον,

106 1790 109 1795 ,
185 1730 1130 1821 οὔθ’ύμεῖςπαντάπασινἀσκέπτωςείκάζεινδόξετεπερὶ

184 1836 256 1901 τῶν
278 1834 457 1919 τοιούτων,
480 1832 559 1903 οὔθ’
578 1832 674 1921 ἡμεῖς
698 1832 897 1921 εὖρεδεῖμεν
921 1831 964 1903 ἀν
987 1834 1065 1905 οὔτε
1088 1835 1129 1905 τά

186 1934 263 2022 περὶ
271 1936 333 2021 τὴν
341 1934 527 2005 πόλινούτε
534 1935 574 2004 τά
589 1938 665 2023 περὶ
679 1932 767 2023 ἡμᾶς
782 1934 906 2016 αύτούς
921 1942 1031 2017 κακῶς
1047 1944 1128 2029 διω-

185 2034 334 2124 κηκότες,
353 2034 428 2104 ἀλλ’
444 2035 503 2105 ἀπ’
520 2036 706 2105 ἐλαττόνων
720 2044 840 2121 ζῶντες
855 2029 904 2105 ῶν
922 2044 969 2119 εἰς
983 2038 1047 2118 ’τάς
1067 2048 1127 2128 λη·
1164 2055 1167 2061 “

184 2144 346 2224 τουργίας
359 2135 587 2226 ἀνηλώκαμεν.
615 2146 722 2207 καίτοι
735 2138 812 2217 τοὺς
827 2136 1079 2228 εὐτελεστέρους
1094 2145 1131 2210 ἐν

186 2254 257 2318 τοῖς
267 2234 466 2325 ίδίοιςῆτοῖς
474 2254 597 2319 κοινοῖς
611 2237 710 2319 ’ὄντας
724 2240 855 2307 δίκαιόν
869 2244 957 2309 ἐστιν
972 2243 1129 2310 ἐπαινεῖν.

126 2360 177 2410 159
238 2338 313 2428 (κς’.
330 2337 400 2427 *ι’·)
428 2338 658 2429 Ἐνθυμοῦμαι
682 2340 720 2411 δὲ
742 2340 864 2428 μεταξύ
893 2344 1019 2429 λέγων,
1050 2340 1131 2411 ὅσον

186 2440 227 2511 τά
244 2447 301 2529 της
315 2440 445 2521 πόλεως
454 2442 701 2528 μεταπίπτωκε,
716 2444 772 2510 καὶ
783 2441 843 2521 τάς
853 2448 1003 2523 διανοίας
1014 2442 1058 2523 ῶς
1069 2441 1130 2513 ού·

187 2544 248 2615 &zv
266 2541 382 2631 ὁμοίας
402 2545 477 2629 περὶ
496 2548 564 2611 τῶν
579 2543 784 2631 πραγμάτων
798 2548 834 2612 ολ
843 2546 911 2612 νῦν
923 2559 995 2625 τοῖς
1009 2544 1131 2632 πρότε-

188 2672 250 2732 ρον
267 2644 535 2732 πολιτευομένοις
555 2650 697 2732 ἔχουσιν.
729 2641 785 2714 ὅτε
801 2644 865 2731 μὲν
882 2644 947 2732 γάρ
966 2645 1031 2732 ἐγῶ
1051 2660 1130 2725 παῖς

187 2738 242 2835 ἦν,
261 2743 369 2825 οὕτως
389 2748 554 2831 ἐνομιζετο
572 2745 610 2814 τό
627 2754 791 2815 πλουτεῖν
808 2745 958 2833 ἀσφαλὲς
976 2737 1130 2816 εἶναικαὶ

189 2844 1132 2941 σεμνόν,ῶστ’ὀλίγουδεῖνπάντεςπροσεποιούντοπλείω

188 2952 368 3036 κεκτῆσθαι
382 2947 443 3036 τὴν
457 2948 578 3018 ούσίαν
592 2938 630 3035 ἧς
645 2954 776 3037 ἔχοντες
791 2949 988 3036 ἐτύγχανον,
1006 2944 1131 3035 βουλό-

131 3072 178 3121 ιοο
186 3078 283 3141 μενοι
296 3064 471 3139 μετασχεῖν
488 3054 546 3137 τῆς
560 3048 658 3137 δόξης
676 3049 815 3137 ταύτης·
834 3054 900 3118 νύν
918 3044 952 3118 δ’
967 3042 1054 3138 όπδρ
1071 3056 1132 3119 τοῦ

187 3152 235 3242 μὴ
249 3160 409 3221 πλουτεῖν
425 3149 536 3237 ῶσπερ
548 3154 616 3220 τῶν
630 3158 795 3239 μεγίστων
813 3150 1026 3239 ἀδικημάτων
1043 3150 1130 3219 ἀπο-
1141 3163 1175 3215 8⁶

189 3260 309 3341 λογίαν
327 3258 381 3323 δεῖ
396 3252 704 3340 παρασκευάζεσθαι
721 3253 778 3321 καλ
796 3267 954 3342 σκοπεῖν,
977 3258 1010 3321 εί
1023 3253 1134 3338 μέλλει

189 3384 239 3438 τις
253 3354 478 3442 σωθήσεσθαι.
507 3355 593 3423 πολύ
609 3352 673 3441 γάρ
688 3352 877 3443 δεινότερον
896 3356 1081 3440 καθέστηκε
1094 3350 1132 3422 τό

191 3463 306 3527 δοκεῖν
319 3454 479 3544 εύπορεῖν
493 3452 513 3544 ἢ
527 3454 564 3525 τό
581 3460 738 3544 φανερῶς
752 3454 897 3525 ἀδικεῖν·
917 3460 954 3525 οί
962 3454 1025 3544 μὲν
1033 3483 1097 3541 γαρ
1110 3452 1132 3542 ἢ
1198 3477 1200 3480 ·

189 3555 393 3646 συγγνῶμης
409 3564 527 3644 ἔτυχον
541 3550 562 3644 ἢ
575 3572 705 3645 μικροῖς
721 3558 965 3646 ἐζημιῶθησαν,
975 3562 1011 3626 ολ
1022 3555 1056 3625 δ’
1068 3555 1131 3644 ἀρ·
1155 3622 1173 3655 ,1,

190 3666 253 3750 δην
272 3656 495 3746 ἀπόλλυνται,
519 3660 576 3727 καὶ
601 3665 739 3738 πλείους
764 3654 809 3729 ἀν
826 3656 980 3750 εὕροιμεν
997 3660 1078 3739 τούς
1097 3660 1134 3727 ἐκ
