2859 4334
508 415 773 474 ΕΠΙΣΤΟΛΛ
783 419 807 476 1.
1075 415 1137 480 255

180 583 255 656 σίας
266 581 555 662 δυσχεραινουσιν,
568 572 613 652 ῶς
625 567 673 643 ῶν
682 574 724 642 οὐ
736 585 975 664 προαιροῦνται
988 601 1017 647 τι
1030 592 1139 648 ποιεῖν

180 677 381 766 βιαζομένην
402 670 541 759 αὑτοὺς,
563 671 626 741 οὐκ
639 675 778 759 εἰδότες,
798 673 843 754 ῶς
861 681 896 746 οί
907 679 1048 764 μάλιστα
1063 683 1137 764 περὶ

179 783 242 844 τοῦ
262 776 492 860 συμφέροντος
509 769 696 860 ἀντιλέγειν
719 783 919 863 τολμῶντες,
936 771 1029 846 οὗτοι
1045 785 1136 847 πλεί-

179 895 265 961 στην
279 875 432 952 ἐξουσίαν
446 869 559 950 αὐτοῖς
573 878 634 938 τοῦ
653 873 812 956 πράττειν
833 871 856 942 δι’
872 877 1053 961 βούλονται
1073 904 1212 976 vta-s

137 983 161 1036 6
179 971 453 1058 ρασκευάζονσιν.
477 967 565 1047 εἰκὸς
577 966 644 1055 γάρ
659 967 714 1037 διὰ
727 973 789 1056 μέν
799 969 878 1050 τοδς
893 970 943 1041 ἀεὶ
958 972 1041 1058 πρὸς
1054 972 1136 1062 ἡδο·
1151 1003 1166 1040 c

181 1068 248 1157 νην
263 1071 373 1155 λέγειν
388 1071 678 1154 προαιρουμένους
693 1066 871 1190 Q
886 1070 944 1150 τάς
958 1079 1138 1159 μοναρχίας

181 1169 353 1237 δύνασθαι
379 1171 568 1254 διαμένειν,
601 1173 639 1247 αἲ
660 1176 806 1247 πολλονς
831 1167 911 1250 τούς
934 1169 1137 1258 ἀναγκαίους

180 1269 376 1354 ἐφέλκονται
396 1265 595 1351 κινδύνους,
615 1259 698 1367 ἀλλ’
720 1262 799 1334 οὐδὲ
819 1265 878 1345 τάς
895 1275 1076 1354 πολιτείας,
1102 1275 1140 1338 αἲ

180 1362 263 1453 μετά
275 1371 429 1441 πλείονος
440 1361 623 1449 ἀσφαλείας
638 1366 710 1448 εἰσὶ,
723 1363 778 1432 διά
792 1365 828 1434 δέ
842 1365 921 1445 τούς
934 1367 987 1434 ἐπὶ
1000 1375 1047 1457 τῷ
1058 1374 1136 1455 βελ-

180 1470 280 1552 τίστφ
312 1463 641 1547 παρρησιαζομένους
669 1459 777 1529 πολλά
803 1463 967 1556 σῴζεσθαι
991 1466 1046 1534 καὶ
1071 1472 1139 1533 τῶν

179 1561 345 1639 ἐπιδόξων
376 1559 672 1646 διαφθαρήσεσθαι
704 1561 917 1647 πραγμάτων.
968 1555 1016 1629 ῶν
1041 1565 1138 1630 ἕνεκα

178 1669 327 1747 προσῆκε
342 1659 404 1745 μὲν
426 1657 515 1741 παρά
538 1667 619 1728 πᾶσι
634 1673 702 1738 τοῖς
720 1661 900 1746 μονάρχοις
921 1667 1023 1732 πλέον
1038 1668 1137 1750 φέρε-

178 1770 264 1828 σθαι
274 1756 353 1837 τούς
366 1757 429 1844 τήν
439 1755 607 1844 ἀλήθειαν
618 1756 912 1846 ἀποφαινομένους
923 1769 991 1830 τῶν
1005 1761 1136 1830 ἅπαντα
1151 1785 1168 1839 d

179 1858 243 1947 μὲν
262 1854 345 1943 πρός
364 1859 479 1943 χάριν,
505 1859 610 1945 μηδὲν
630 1859 665 1927 δὲ
683 1860 818 1946 χάριτος
838 1858 932 1941 ἀξιον
951 1863 1119 1949 λεγόντων
1121 1888 1214 1956 Lf

179 1964 357 2045 συμβαίνει
373 1955 403 2024 δ’
420 1965 556 2027 ἐλαττον
568 1965 655 2045 ἐχειν
666 1957 790 2038 αὐτοὺς
801 1957 881 2045 παρ’
898 1964 999 2041 ἐνίοις
1014 1958 1134 2034 αὐτῶν.

144 2065 159 2121 7
180 2056 202 2124 ὃ
222 2059 277 2126 καλ
292 2057 445 2147 Διοδότῳ
466 2069 591 2126 παθεῖν
611 2063 775 2127 συνέπεσε
793 2061 882 2145 παρά
898 2082 963 2129 τισι
978 2068 1046 2130 τῶν
1061 2062 1136 2144 περὶ
1239 2102 1242 2109 -

180 2154 244 2243 την
256 2153 368 2224 Ἀσίαν
384 2160 572 2240 δυναστῶν,
588 2153 636 2236 οἷς
651 2161 726 2242 περὶ
743 2157 848 2228 πολλά
866 2162 1024 2248 χρήσιμος
1037 2161 1137 2250 γενό-

123 2273 127 2278 ’
179 2282 282 2343 μενος
298 2253 339 2323 οά
354 2256 462 2342 μόνον
478 2266 524 2347 τῶ
538 2259 786 2345 συμβουλεύειν
801 2257 885 2329 ἀλλά
900 2264 954 2329 καὶ
969 2268 1014 2351 τῷ
1030 2262 1136 2346 πράτ-

178 2383 251 2426 τειν
264 2359 319 2425 καὶ
331 2357 551 2446 κινδυνεύειν,
557 2355 611 2424 διά
622 2357 659 2425 τό
673 2360 959 2444 παρρησιάζεσθαι
975 2358 1058 2445 πρὸς
1073 2358 1136 2427 αὐ-

178 2454 259 2536 τοὺς
281 2458 356 2541 περὶ
379 2448 428 2525 ῶν
451 2459 590 2537 ἐκείνοις
610 2461 792 2544 συνέφερε,
816 2460 870 2527 καλ
894 2467 961 2526 τῶν
981 2469 1066 2528 οίκοι
1086 2486 1131 2528 τι·

180 2563 255 2643 μῶν
266 2553 484 2642 ἀπεστέρηται
494 2558 549 2626 καὶ
559 2565 693 2627 πολλῶν
702 2558 815 2627 ἄλλων
827 2561 980 2644 ἐλπίδων,
998 2562 1052 2628 καὶ
1064 2573 1162 2645 pet-e

180 2663 237 2736 ζον
257 2665 399 2743 ίσχυσαν
420 2661 456 2724 αί
474 2664 543 2723 τῶν
563 2658 733 2742 τυχόντων
755 2655 949 2741 ἀνθρώπων
969 2667 1137 2727 κολακεῖαι

150 2761 163 2814 3
183 2762 252 2823 τῶν
273 2753 475 2842 εὐεργεσιῶν
497 2763 565 2822 τῶν
579 2756 711 2825 τούτου.
745 2752 797 2826 διό
815 2755 856 2843 δη
874 2760 928 2825 κοιλ
949 2759 1032 2842 πρὸς
1051 2756 1137 2843 ὑμᾶς

180 2852 232 2924 ἀεὶ
253 2860 428 2940 προσιέναι
449 2855 689 2946 διανοούμενος
709 2852 861 2941 ὀκνηρῶς
882 2854 983 2942 εἶχεν,
1010 2854 1071 2942 οὐχ
1093 2855 1137 2936 ῶς

181 2953 331 3033 ἅπαντας
345 2953 482 3042 ὁμοίους
499 2953 584 3023 εἶναι
600 2959 745 3041 νομίζων
759 2952 837 3033 τούς
859 2951 943 3038 ὑπὲρ
959 2951 1065 3023 αὑτὸν
1077 2952 1137 3022 όν·
1152 2975 1203 3026 415

181 3080 254 3139 τας,
271 3051 355 3124 ἀλλά
372 3052 427 3122 διά
443 3053 502 3133 τάς
516 3052 601 3141 πρός
616 3057 765 3132 ἐκείνους
780 3057 1002 3141 γεγενημένας
1016 3058 1135 3139 δυσχε-

181 3148 336 3236 ρέίαςκαλ
350 3150 433 3236 πρός
443 3153 503 3233 τάς
513 3151 594 3236 παρ’
607 3151 703 3239 ὑμῶν
714 3156 848 3231 ἐλπίδας
862 3149 1072 3252 ἀθυμότερος
1084 3146 1134 3240 ἦν,

180 3252 430 3340 παραπλήσιον,
447 3251 492 3331 ῶς
503 3256 574 3341 ἐμοὶ
594 3257 700 3337 δοκεῖ,
715 3251 896 3332 πεπονθῶς
910 3260 978 3320 τῶν
991 3260 1134 3320 πεπλευ-

179 3353 289 3421 κότων
308 3355 413 3438 τισὶν,
437 3360 472 3421 οἳ
483 3351 521 3420 τό
536 3359 673 3438 πρῶτον
713 3351 796 3420 ὅταν
812 3352 999 3439 χρήσωνται
1013 3358 1134 3437 χειμῶ-

178 3473 254 3535 σιν,
275 3451 387 3521 οάκέτι
405 3461 617 3538 θαρροῦντες
637 3458 866 3541 είσβαίνουσιν
885 3458 931 3530 είς
951 3451 1133 3534 θάλατταν,

178 3558 298 3636 καίπερ
320 3552 460 3636 εἰδότες,
482 3551 534 3620 ὅτι
550 3553 604 3620 καλ
624 3558 730 3621 καλοῦ
744 3557 831 3619 πλοῦ
845 3549 1005 3628 πολλάκις
1020 3554 1133 3617 ἐπιτυ-

179 3665 249 3734 χεῖν
259 3657 359 3719 ἐστιν.
383 3648 424 3719 οὐ
439 3649 506 3738 μὴν
521 3647 595 3719 ἀλλ’
611 3651 724 3736 ἐπειδη
739 3653 924 3735 συνέστηκέ
936 3670 1005 3732 σοι,
1024 3657 1133 3730 καλῶς
