2859 4334
534 380 812 445 mmm.
1090 380 1155 445 215

192 566 263 633 τοῖς
289 555 479 640 λεγομένας
509 550 694 640 άπιστήσας
721 551 882 637 ἐξετάζειν
906 552 1153 642 ἐπιχειρήσειεν,

193 651 282 733 ὅπως
299 656 437 735 ἕκαστος
455 653 711 743 ἐτυράννευσεν.
739 655 934 743 φανήσομαι
950 653 1016 744 γάρ
1034 653 1098 725 ούκ
1118 657 1154 725 ἐκ

191 754 314 835 παντὸς
334 754 463 843 τρόπου
480 754 611 843 μεγάλα
629 756 742 843 λέγειν
758 755 1042 844 προθυμούμενος
1067 755 1154 825 άλλδ

192 856 247 925 διδ
269 854 332 944 τήν
354 858 416 926 τοῦ
434 855 627 945 πράγματος
651 854 816 944 άλήθειαν
839 856 930 928 οὕτω
947 858 1026 946 περὶ
1043 856 1150 929 αὐτοῦ
1170 872 1186 921 d

191 959 343 1047 θρασέως
361 958 513 1047 είρηκάς.

93 1066 96 1153 J
144 1077 174 1125 ιο
264 1057 322 1147 (ιη’
323 1057 349 1148 .)
369 1058 460 1130 Εί
424 1084 488 1147 μεν
506 1050 572 1127 οὖν
591 1060 646 1128 ἐπὶ
659 1074 793 1148 μικρολς
806 1060 973 1147 διήνεγκε,
992 1061 1155 1131 τοιούτων

92 1211 93 1219 1
188 1154 231 1229 άν
246 1186 305 1228 και
322 1164 392 1229 τάν
405 1160 518 1247 λόγων
535 1158 628 1253 αύτῷ
643 1165 814 1251 προσῆκεν
827 1158 1019 1243 άξιούσθαι·
1037 1157 1154 1231 νῦνδ’

188 1259 333 1341 ἅπαντες
355 1256 400 1329 άυ
418 1260 663 1350 ὁμολογήσειαν
678 1266 869 1351 τυραννίδα
886 1262 945 1332 καί
962 1266 1030 1331 τῶν
1046 1269 1155 1333 θείων

188 1360 333 1449 ἀγαθῶν
352 1364 500 1431 καὶτῶν
518 1360 751 1454 άνθρωπίυων
772 1364 931 1452 μίγιστον
951 1364 1009 1433 καλ
1030 1365 1152 1451 σεμνά·

187 1491 289 1533 τατον
307 1464 365 1532 καὶ
383 1464 687 1553 περιμαχητότατον
704 1463 801 1534 είναι.
837 1463 898 1534 τὸν
915 1464 958 1553 δή
975 1465 1013 1534 τὸ
1038 1466 1153 1533 κάλλι-

188 1588 269 1636 στον
282 1571 352 1633 τῶν
370 1564 482 1635 ὄντων
495 1565 655 1635 κάλλιστα
667 1565 880 1654 κτησάμενον
891 1572 943 1647 τίς
961 1562 1005 1634 ἂν
1020 1560 1043 1654 ή
1056 1591 1152 1655 ποιη-

186 1665 247 1754 τής
264 1663 287 1755 ἢ
305 1666 418 1755 λόγων
431 1661 572 1754 εύρετής
589 1665 691 1749 άξίως
708 1670 779 1736 τῶν
792 1668 1040 1756 πεπραγμένωυ
1059 1670 1154 1737 ἐπαι-

186 1769 335 1851 νέσειεν;

139 1887 168 1935 ει
264 1866 353 1958 (ιδ’.)
370 1868 421 1939 Ού
435 1876 556 1941 τοίνυν
568 1868 744 1951 ἐντούτοις
754 1865 1030 1959 ύπερβαλόμενος
1040 1872 1155 1951 ἐντολς
1173 1903 1188 1937 e

152 1998 156 2005 ·
187 1971 301 2051 ἄλλοις
326 1968 543 2059 εὑρεθήσεται
560 1971 819 2060 καταδεέστερος
841 1970 1042 2060 γενόμενος,
1067 1968 1153 2041 άλλά

188 2078 325 2161 πρῶτον
337 2071 400 2160 μὲν
411 2066 679 2159 εύφυέστατος’1
654 2099 703 2140 ων
699 2072 778 2175 τήν
791 2072 933 2197 γνώμην
946 2074 1003 2142 καλ
1017 2082 1156 2142 πλείστα

187 2180 382 2263 κατορθοῦν
394 2170 619 2261 δυνάμενος”
599 2200 694 2297 ομως
703 2170 768 2241 ούκ
783 2170 881 2296 φ’ήθη
894 2178 969 2243 δεῖν
979 2172 1156 2263 ὀλιγωρεῖν

188 2272 267 2347 οὐδ’
275 2272 541 2363 αὐτοσχεδιάζειν
557 2275 716 2362 περὶτῶν
730 2275 950 2364 πραγμάτων,
963 2274 1040 2345 ἄλλ’
1055 2279 1154 2346 ἐν
1106 2302 1153 2367 τφ

188 2386 296 2465 ζητεῖν
315 2376 373 2444 καὶ
392 2383 582 2463 φροντίζειν
602 2376 658 2444 καὶ
670 2377 953 2465 βουλεύεσθαι
917 2404 978 2446 τον
997 2345 1155 2447 πλεῖστον
1175 2394 1220 2443 191

190 2482 251 2547 τού
272 2476 398 2567 χρόνον
414 2478 590 2567 διέτριβεν,
612 2475 800 2567 ήγούμενος
820 2476 896 2565 μέν,
916 2484 949 2547 εί
963 2482 1073 2557 καλῶς
1092 2476 1156 2565 τήν
1308 2477 1311 2483 ’

191 2576 296 2649 αὑτοῦ
318 2577 485 2667 φρόνησιν
505 2578 810 2669 παρασκευάσαεν,
832 2576 955 2665 ὁμοίως
982 2572 1077 2669 αύτῷ
1099 2579 1156 2647 καὶ

190 2681 250 2770 τήν
259 2687 435 2770 βασιλείαν
445 2682 542 2767 ἕξειν,
555 2681 739 2768 θαυμάζων
749 2677 782 2747 δ’
794 2679 866 2748 ὅσοι
880 2684 951 2747 τάν
963 2678 1028 2768 μέν
1040 2678 1156 2748 άλλων

190 2785 289 2852 ἕνεκα
307 2785 367 2869 τής
386 2784 495 2870 ψυχῆς
512 2780 758 2868 ποιοῦνταιτὴν
777 2781 978 2869 ἐπιμέλειαν,
997 2776 1101 2866 αὐτῆς
1118 2780 1156 2850 δέ

140 2900 172 2948 42
189 2885 313 2971 ταύτης
333 2882 440 2970 μηδὲν
458 2883 662 2971 τυγχάνουσι
684 2889 928 2971 φροντίζοντες.
964 2888 1079 2951 ἐπειτα
1097 2881 1155 2951 καὶ

189 2985 266 3076 περὶ
279 2988 350 3053 τῶν
363 2983 568 3071 πραγμάτων
581 2982 645 3071 τήν
658 2982 768 3070 αύτήν
777 2983 930 3052 διάνοιαν
944 2980 1048 3071 εἶχεν·
1063 2980 1155 3069 ὀροῖν

188 3085 255 3174 γάρ
268 3083 349 3167 τούς
363 3084 482 3174 άριστα
492 3088 563 3153 τῶν
576 3080 686 3153 ὄντων
703 3084 985 3172 ἐπιμελουμένους
1001 3083 1155 3171 ἐλάχιστα

188 3187 439 3276 λυπουμένους,
453 3184 510 3254 καί
521 3184 582 3265 τάς
591 3183 1024 3277 άληθιυάςτῶυήαθυμιῶυ
1037 3182 1102 3254 ούκ
1116 3186 1154 3254 ἐν
1172 3201 1188 3250 b

188 3304 263 3371 ταῖς
283 3287 418 3379 άργίαις
437 3282 513 3355 ἀλλ’
533 3288 570 3355 ἐν
588 3301 662 3366 ταῖς
680 3284 883 3375 εύπραγίαις
896 3289 953 3356 καλ
967 3293 1156 3374 καρτερίαις

189 3391 348 3477 ἐνούσας,
367 3386 472 3458 ούδέυ
490 3385 709 3466 άυεξέταστον
728 3389 939 3479 παρέλειπεν,
959 3386 1033 3457 ἀλλ’
1049 3384 1156 3469 οὕτως

187 3488 334 3581 άκριβάς
352 3490 409 3559 καλ
427 3488 487 3570 τάς
505 3489 642 3577 πράξεις
656 3486 734 3577 ήδει
751 3490 809 3558 καί
824 3495 894 3558 τοῖν
907 3494 1055 3557 πολιτῶν
1074 3490 1155 3558 ἐκα-

187 3612 268 3662 στυυ
283 3595 489 3678 ἐγίγνωσκεν
502 3588 588 3659 α’ίστε
599 3589 682 3678 μήτε
695 3588 777 3670 τούς
791 3590 1073 3678 ἐπιβουλεύοντας
1087 3587 1152 3659 αύ-

187 3697 233 3783 τῷ
244 3694 393 3779 φθάνειν
403 3689 573 3779 μήτετούς
587 3694 742 3772 ἐπιεικεῖς
750 3689 851 3773 ὄντας
859 3692 1055 3775 λανθάνειν,
1068 3689 1153 3759 άλλδ
