2859 4334
272 401 313 460 οε
536 403 931 481 mmmmm)

209 570 255 624 171
273 560 433 628 ἁπάντων
457 571 525 629 τῶν
543 560 719 646 Ἑλλήνων.
754 553 801 627 τόν
829 560 1033 642 ἄκου’σαντες
1058 569 1091 631 οἱ
1111 566 1228 647 κύριοι
1249 582 1308 633 269

272 662 346 726 τότε
379 666 502 747 Θηβῶν
543 660 637 736 ὅντες
663 656 723 743 οὐχ
749 657 870 745 ὁμοίως
891 668 1042 748 ἔγνωσαν
1063 664 1140 731 οὔτε
1153 678 1226 742 ταῖς

275 758 387 837 δόξαις
398 752 448 833 αἷς
462 765 574 844 ἔχουσί
583 783 671 834 τινες
683 760 758 842 περὶ
770 755 891 844 αὐτῶν,
909 759 987 828 οὔθ’
1002 758 1050 839 οἷς
1062 762 1225 849 ἐβουλεύ-

275 875 376 923 σαντο
394 857 569 941 πρότερον,
585 854 668 924 άλλά
685 863 824 941 μετρίως
838 860 912 943 περὶ
930 856 1043 926 αὑτῶν
1060 886 1094 927 τε
1111 862 1227 928 διαλε-

273 957 410 1040 χθέντες
431 958 485 1024 καί
505 964 573 1022 των
594 957 922 1038 ἐπιστρατευσάντων
938 956 1227 1043 κατηγορήσαντες

209 1061 257 1116 172
273 1057 393 1120 έδοσαν
405 1062 444 1141 τῇ
459 1054 551 1121 πόλει
569 1051 631 1141 την
646 1051 826 1139 ἀναίρεσιν.
851 1056 943 1140 (οα’.)
966 1060 1031 1123 Καὶ
1046 1060 1159 1143 μηδεὶς
1172 1062 1227 1123 οί-

274 1155 364 1220 έσθω
379 1149 414 1237 μ’
432 1148 578 1237 άγνοεῖν,
594 1151 645 1219 ότι
658 1149 817 1220 τάυαντία
833 1154 987 1239 τυγχάνω
1003 1157 1110 1242 λέγων
1121 1152 1171 1233 οἷς
1185 1160 1228 1223 έν

272 1261 318 1342 τῷ
339 1258 565 1340 Πανηγυρικηδ
585 1252 674 1341 λόγῳ
693 1261 836 1337 φανείην
859 1248 903 1318 άν
924 1254 1088 1338 περὶτῶν
1109 1250 1228 1321 αὐτῶν

272 1352 401 1417 τούτων
427 1350 619 1436 γεγραφώς·
651 1348 735 1418 άλλά
767 1352 829 1435 γάρ
859 1350 980 1419 οὐδένα
1008 1359 1128 1438 νομίζω
1153 1362 1257 1424 τωυο

276 1458 379 1517 ταῦτα
401 1455 551 1518 συνιδεῖν
573 1446 616 1515 άν
647 1453 865 1535 δυνηθέντων
893 1454 1055 1538 τοσαύτης
1075 1448 1227 1537 άμαθίας

274 1547 357 1616 εἶναι
378 1552 432 1616 καὶ
447 1549 585 1632 φθόνου
601 1547 734 1635 μεστόν,
750 1547 839 1628 ὅστις
854 1548 917 1618 οὐκ
932 1547 973 1619 άν
985 1554 1169 1620 ἐπαινέσειέ
1181 1579 1226 1637 με

250 1656 327 1719 καί
352 1664 542 1735 σωφρονεῖν
565 1647 726 1737 ἡγήσαιτο
749 1649 823 1717 τότε
844 1653 905 1737 μὲν
928 1656 1080 1733 ἐκείνως,
1106 1660 1171 1720 νῦν
1186 1651 1223 1719 δ’

209 1762 256 1817 173
272 1750 360 1818 οὕτω
377 1752 593 1835 διαλεχθέντα
608 1752 683 1835 περὶ
698 1748 819 1817 αὐτῶν.
843 1752 918 1834 περὶ
934 1753 994 1837 μέν
1015 1744 1079 1817 οὖν
1093 1752 1227 1819 τούτων

273 1846 336 1915 οἷδ’
355 1846 405 1915 ότι
421 1856 529 1925 καλῶς
542 1850 694 1933 γέγραφα
711 1849 766 1915 καὶ
778 1849 1030 1933 συμφερόντως
1054 1848 1135 1916 ὅσον
1151 1848 1181 1916 δ’
1201 1850 1225 1937 ἡ

273 1946 368 2024 πόλις
381 1943 476 2031 ἡμῶν
492 1951 625 2033 διέφερε
636 1947 676 2013 τὰ
687 1951 762 2032 περὶ
773 1946 834 2014 τὸν
845 1948 993 2035 πόλεμον
1005 1948 1078 2018 κατ’
1092 1953 1226 2018 ἐκεῖνον

272 2043 332 2113 τόν
348 2046 483 2131 χρόνον,
498 2053 596 2113 τοῦτο
608 2045 672 2132 γάρ
685 2044 853 2127 ἀποδεῖξαι
866 2049 1071 2135 βουλόμενος
1082 2055 1227 2136 διῆλθον

273 2142 313 2212 τά
333 2144 498 2231 γενόμενα
518 2146 687 2233 Θήβησιν,
715 2143 861 2233 ἡγοῦμαι
879 2146 940 2233 τὴν
956 2155 1076 2233 πρᾶξιν
1091 2153 1257 2236 ἐκείνηνο

271 2244 373 2313 ἅπασι
387 2253 503 2329 σαφῶς
518 2249 644 2330 δηλοῦν
658 2243 720 2330 τὴν
734 2243 794 2313 τόν
808 2249 869 2332 μὲν
880 2252 1016 2333 βασιλέα
1028 2246 1226 2335 τόνἈργεί-

273 2369 321 2410 ων
339 2340 577 2427 άναγκάσασαν
593 2347 705 2430 ίκέτην
720 2349 880 2431 γενέσθαι
901 2354 959 2432 τῆς
972 2348 1100 2427 πόλεως
1111 2356 1168 2435 τῆς
1182 2345 1225 2434 ἡ·

209 2457 256 2512 174
271 2446 423 2528 μετέρας,
446 2440 525 2521 τοὺς
539 2446 575 2511 δὲ
595 2451 734 2528 κυρίους
751 2442 850 2523 όντας
878 2446 1000 2532 Θηβῶν
1036 2446 1125 2514 οὕτω
1147 2453 1221 2514 δια-

272 2553 392 2611 θεῖσαν
413 2539 499 2608 άσθ’
525 2545 659 2610 ἑλέσθαι
682 2550 812 2627 μᾶλλον
835 2541 957 2623 αὐτοὺς
980 2549 1130 2631 ἐμμεῖναι
1153 2562 1223 2627 τοῖς

272 2642 383 2729 λόγοις
394 2655 462 2719 τοῖς
472 2638 537 2707 ὑπό
554 2648 610 2726 της
628 2642 755 2719 πόλεως
770 2651 973 2728 πεμφθεῖσιν
988 2638 1008 2728 ἢ
1022 2657 1090 2722 τοῖς
1105 2644 1224 2731 νόμοις

271 2756 340 2819 τοῖς
354 2737 421 2808 ὑπὸ
437 2747 498 2807 τοῦ
513 2744 689 2825 δαιμονίου
709 2751 982 2808 κατασταθεῖσιν·
1006 2733 1054 2808 ὦν
1066 2741 1167 2811 οὐδὲν
1177 2741 1223 2811 ἄν

272 2844 326 2907 οἵα
341 2837 372 2907 τ’
391 2840 520 2924 ἐγένετο
538 2839 803 2923 διοικῆσαικατὰ
824 2841 950 2924 τρόπον
971 2838 1103 2927 ἡπόλις
1114 2841 1221 2929 ἡμῶν,

273 2946 302 3009 εί
327 2938 371 3026 μὴ
397 2940 451 3006 καὶ
476 2946 516 3026 τῇ
543 2939 623 3026 δόξη
649 2941 703 3006 καὶ
729 2948 769 3027 τῇ
791 2939 932 3025 δυνάμει
958 2939 1044 3007 πολι)
1066 2942 1254 3028 διήνεγκεδ

271 3048 337 3106 τοῖν
354 3038 475 3105 άλλων.

209 3157 256 3213 175
355 3138 448 3224 (οβ’.)
462 3135 570 3222 Ἕχων
591 3139 626 3205 δὲ
651 3136 774 3217 πολλάς
795 3143 849 3207 καλ
871 3137 973 3219 καλάς
989 3141 1124 3225 πράξεις
1140 3143 1220 3226 ’περὶ

271 3246 339 3304 τῶν
352 3236 531 3322 προγόνων
553 3243 667 3324 εἰπεῖν,
684 3246 883 3325 σκοποῦμαι,
905 3246 980 3306 τίνα
994 3240 1120 3323 τρόπον
1145 3243 1219 3306 δια-

272 3346 381 3423 λεχθω
402 3339 475 3422 περὶ
496 3335 617 3405 αὐτῶν.
642 3341 734 3425 μέλει
754 3339 819 3423 γάρ
842 3364 898 3424 μοι
913 3339 1042 3405 τούτων
1057 3336 1219 3423 μᾶλλονῆ

273 3446 340 3502 τῶν
354 3434 489 3503 ἄλλων(
506 3437 660 3521 τυγχάνω
677 3436 742 3523 γάρ
760 3432 809 3504 σόν
818 3439 892 3523 περὶ
903 3434 964 3522 τὴν
979 3433 1157 3521 ὑπόθεσιν,
1177 3436 1220 3523 ἣν

273 3535 479 3620 ἐποιησάμην
492 3542 702 3619 τελευταίαν,
725 3539 761 3603 έν
778 3527 800 3624 ᾗ
818 3549 980 3619 προεῖπον
1009 3532 1053 3612 ὡς
1068 3538 1220 3616 ἐπιδείξω

272 3631 351 3710 τούς
363 3634 550 3717 προγόνους
560 3632 655 3718 ἡμῶν
666 3639 703 3701 έν
715 3650 784 3712 τοῖς
797 3638 951 3732 πολέμοις
963 3635 1220 3721 καὶταῖςμάχαις
