2859 4334
424 390 844 451 ΗΑΝΑΘΗΝΑΙΚΟΣ
1066 388 1107 450 49

163 559 390 640 συμβολαίων,
416 552 509 628 οἴους
526 574 588 631 περ
609 550 694 616 είναι
714 546 777 635 χρὴ
800 547 889 634 παρά
910 562 978 627 τοίς
1001 558 1107 629 καλῶς

101 682 147 732 145
163 653 437 736 πολιτευομένοις,
460 650 535 732 περὶ
556 650 593 715 δέ
614 644 693 726 τούς
713 645 837 726 αύτούς
850 650 994 734 χρόνους
1008 656 1107 717 καθί-

162 769 285 817 στασαν
296 749 348 815 ἐπὶ
359 744 417 825 τάς
428 745 528 831 ἀρχάς
540 744 618 824 τούς
628 749 873 829 προκριθέντας
882 744 948 813 ὑπὸ
961 755 1028 814 τῶν
1039 774 1107 833 φυ-

164 854 265 916 λετῶυ
272 848 327 913 καί
334 849 497 931 δημοτῶν,
505 842 547 910 ού
553 847 796 931 περιμαχήτους
802 842 904 925 αύτάς
911 848 1108 932 ποιήσαντες

163 943 235 1013 οὐδ’
252 949 432 1030 ἐπιθυμίας
442 942 544 1027 ἀξίας,
556 941 639 1012 ἀλλά
652 941 740 1011 πολύ
751 952 878 1030 μᾶλλον
889 952 1108 1031 λειτουργίαις

163 1043 277 1130 ὁμοίας
287 1056 358 1120 ταῖς
369 1045 582 1128 ἐνοχλούσαις
593 1047 665 1129 μὲν,
681 1039 730 1121 οἷς
742 1042 785 1109 ἀν
797 1053 1042 1129 προσταχθῶσι,
1058 1071 1107 1111 τι-

162 1141 229 1229 μὴν
242 1145 280 1209 δέ
292 1170 366 1210 τινα
384 1150 622 1228 περιτιθείσαις
633 1141 762 1221 αὐτοῖς·
786 1146 852 1210 ἔδει
870 1140 934 1230 γάρ
950 1141 1028 1221 τούς
1046 1142 1107 1225 ἀρ-

161 1267 230 1327 χειν
243 1244 440 1324 αίρεθέυτας
453 1250 521 1309 ταῖν
535 1270 569 1310 τε
585 1244 762 1329 κτημάτων
776 1249 844 1310 τῶν
859 1247 954 1310 ίδίων
970 1243 1106 1328 ἀμελεῖν
1120 1258 1134 1310 b

163 1343 216 1407 καὶ
235 1366 304 1406 του
330 1341 510 1426 λημμάτων
536 1349 604 1409 τῶν
629 1344 832 1427 εἰθισμένων
857 1347 1013 1410 δίδοσθαι
1038 1356 1108 1419 ταῖς

161 1436 274 1525 ἀρχαίς
290 1436 470 1524 ἀντέχεσθαι
486 1440 590 1527 μηδὲν
604 1433 737 1527 ἧττουῆ
752 1449 819 1508 των
833 1446 944 1527 ίερῶυ,
967 1440 989 1509 ά
1002 1450 1049 1519 τίς
1064 1436 1108 1508 ἀν

99 1561 148 1615 145
163 1539 200 1604 ἐν
216 1552 285 1615 τοῖς
306 1545 372 1605 νῦν
391 1548 601 1609 καθεστῶσιν
624 1540 855 1626 ὑπομείνειεν·
884 1544 937 1609 καὶ
954 1541 1032 1621 τούς
1047 1542 1108 1626 μὲν

161 1635 308 1724 ἀκριβεῖς
319 1640 394 1723 περὶ
405 1639 525 1718 ταύτας
535 1644 901 1726 γιγνομένουςμετρίως
912 1643 1108 1708 ἐπαινεθέν-

161 1762 219 1813 τας
234 1734 289 1820 ἐφ’
306 1739 421 1819 ἑτέραν
438 1741 627 1824 ἐπιμέλειαν
648 1740 824 1808 τάττεσθαι
839 1741 1009 1825 τοιαύτην,
1029 1736 1109 1815 τούς

162 1834 198 1902 δὲ
220 1838 275 1902 καί
295 1832 417 1920 μικρδν
438 1837 652 1923 παραβάντας
675 1854 745 1923 ταῖς
768 1838 917 1923 ἐσχάταις
938 1838 1108 1923 αίσχύναις

161 1937 217 2000 καί
230 1942 398 2019 μεγίσταις
413 1942 540 2021 ζημίαις
554 1944 778 2022 περιπίπτειν·
804 1936 887 2002 ὥστε
902 1941 1027 2022 μηδένα
1042 1943 1110 2003 τῶν

97 2155 143 2210 147
160 2140 291 2218 μᾶλλον
308 2130 383 2199 τότε
401 2131 540 2217 φεύγειν
558 2129 663 2210 αύτάς
680 2129 700 2217 ἢ
716 2140 782 2199 νῦν
795 2134 940 2217 διώκειν,
956 2136 1010 2201 καὶ
1022 2134 1109 2200 πάν-

161 2258 219 2309 τας
236 2240 383 2314 νομίζειν
394 2229 551 2315 μηδέποτ’
567 2230 611 2296 ἀν
620 2236 781 2315 γενέσθαι
791 2236 1016 2317 δημοκρατίαν
1027 2230 1109 2316 ἀλη-

161 2332 327 2413 θεστέραν
345 2333 429 2418 μηδὲ
447 2333 662 2418 βεβαιοτέραν
678 2332 761 2416 μηδὲ
777 2339 904 2418 μᾶλλον
926 2338 970 2419 τςό
987 2330 1109 2417 πλήθει

161 2431 404 2517 συμφέρουσαν
427 2437 485 2516 τῆς
511 2437 579 2496 τῶν
601 2429 664 2514 μὲν
683 2431 846 2497 τοιούτων
875 2436 1108 2515 πραγματειῶν

161 2528 313 2598 ἀτέλειαν
327 2538 373 2619 τῷ
388 2531 482 2618 δήμω
498 2528 667 2614 διδούσης,
684 2536 745 2595 τοῦ
761 2530 795 2597 δέ
812 2527 870 2607 τάς
886 2527 989 2614 ἀρχάς
1007 2555 1110 2595 κατα-

159 2638 278 2716 στῆσαι
294 2631 348 2696 καί
363 2636 478 2716 λαβεῖν
493 2633 589 2715 δίκην
600 2626 690 2711 παρὰ
702 2636 770 2695 τῶν
781 2628 1033 2713 ἐξαμαρτόντων
1048 2626 1109 2692 κύ-

159 2755 238 2812 ριον
255 2731 427 2814 ποιούσης,
444 2728 529 2813 ἅπερ
545 2726 686 2814 ὑπάρχει
703 2729 758 2794 καί
773 2735 841 2794 τῶν
853 2726 1031 2811 τυράννων
1042 2738 1110 2801 τοῖς

101 2848 140 2901 48
160 2826 479 2913 εὐδαιμονεστάτοις.
523 2828 619 2915 (νθ’.)
641 2835 789 2912 Σημείον
811 2827 846 2891 δὲ
862 2827 1033 2911 μέγιστον,
1056 2822 1136 2889 ὅτιδ

159 2926 257 2995 ταῦτ’
269 2924 410 3011 ἠγάπων
421 2934 549 3011 μάλλον
563 2923 632 3011 ἦγά
650 2928 752 3010 λέγω·
775 2931 928 3009 φαίνεται
943 2922 1036 3009 γάρὸ
1051 2930 1110 3009 δη-

158 3052 223 3110 μος
238 3039 308 3103 ταῖς
322 3026 384 3109 μὲν
400 3024 514 3101 ἀλλαις
526 3031 705 3102 πολιτείαις
721 3038 791 3100 ταῖς
808 3022 869 3089 οὐκ
890 3020 1110 3107 ἀρεσκούσαις

157 3125 347 3211 μαχόμενος
362 3126 416 3191 καὶ
430 3124 606 3190 καταλύων
620 3123 672 3190 καὶ·
686 3120 764 3198 τούς
774 3129 981 3206 προεστῶτας
998 3119 1111 3187 αὐτῶν

157 3222 380 3304 ἀποκτείνων,
403 3222 506 3309 ταύτη
522 3226 557 3289 δὲ
573 3222 742 3306 χρώμενος
769 3218 831 3287 οὐκ
854 3221 976 3286 ἐλάττω
995 3226 1110 3303 χιλίων

158 3325 257 3399 ἐτῶν,
273 3318 346 3389 ἀλλ’
361 3323 525 3405 ἐμμείνας,
537 3317 598 3403 ἀφ’
616 3312 723 3401 ούπερ
736 3325 843 3405 ἐλαβε,
860 3321 952 3404 μέχρι
967 3326 1024 3403 τῆς
1038 3316 1108 3383 Σό-

157 3437 270 3500 λωνος
286 3422 347 3507 μὲν
361 3419 505 3507 ἡλικίας,
528 3420 770 3503 Πεισιστράτου
785 3420 820 3485 δὲ
842 3422 1054 3499 δυναστείας,
1073 3412 1109 3491 ὃς

157 3516 362 3606 δημαγωγὸς
375 3520 557 3605 γενόμενος
572 3522 626 3585 καὶ
638 3516 744 3584 πολλά
762 3514 824 3602 την
841 3516 940 3581 πόλιν
959 3512 1104 3599 λυμηνά-

158 3646 262 3703 μενος
277 3623 332 3687 καί
349 3616 427 3697 τούς
443 3626 634 3706 βελτίστους
648 3624 715 3683 τῶν
727 3622 872 3682 πολιτῶν
889 3610 931 3690 ὡς
942 3610 1106 3697 ὀλιγαρχι-

246 3731 401 3768 memes.
422 3715 453 3767 ll.
949 3705 968 3758 4
