2859 4334
211 364 298 422 [svm
604 373 878 429 ῬΠΟΘΕΣΕΙΣ.

212 519 259 571 ψαι
281 502 351 573 ὑπέρ
370 508 420 559 τοῦ
437 507 603 572 Βουσίριδος
629 508 677 559 καί
702 504 773 573 ιἰπέρ
797 506 903 563 τούτων
927 500 967 562 ῶν
986 507 1155 564 ἐνεκαλεῖτο·
1182 509 1223 575 είς
1247 509 1286 581 ἣν

208 570 293 627 αότοῶ
315 572 330 628 ὁ
354 569 511 643 Ἰσοκράτης
533 570 748 648 ἐπιλαμβάνεται
772 578 820 631 καλ
838 574 1005 632 ὑποτίθεται
1025 576 1123 649 αότὸς,
1147 585 1207 644 πῶς
1225 581 1285 635 ἔδει

208 642 293 698 αὐτόν
315 639 423 767 γράφοι
446 640 476 698 τὸ
498 640 645 713 ἐγκάιιιον.
677 642 722 699 διδ
748 646 797 699 καί
820 645 835 699 ὁ
860 646 940 716 λόγος
965 640 1046 711 οὗτος
1064 652 1120 703 τῶν
1139 648 1287 716 τεσσάρων

208 709 350 783 ἐγκωμίων
381 716 451 770 στίν.

406 854 488 908 Οτκι.
508 856 563 905 ΧΠ.
584 856 864 925 Ροηοίλεκαίειιι.
883 860 924 925 (p.
945 856 1082 924 13—011)

472 956 673 1009 ῬΠΟΘΕΣΙΣ
692 958 745 1009 ΕΚ
763 958 841 1010 TO‘P
859 958 1014 1018 umor.

272 1055 304 1111 Ὁ
328 1054 358 1111 δέ
382 1055 608 1127 Παναθηναϊκός
631 1054 769 1128 ἐγκάμιίν
792 1056 848 1114 ἐστι
868 1064 920 1129 τῆς
935 1056 1091 1132 Ἀθηναίων
1109 1060 1215 1126 πόλεως
1232 1086 1284 1121 και
1368 1041 1369 1100 3

209 1128 261 1179 τῶν
281 1123 443 1197 προγόνων,
461 1121 494 1181 ὃν
513 1125 697 1195 άπάρξασθαι
711 1129 763 1197 μέν
777 1147 846 1198 φησι
862 1130 1032 1200 συγγράφειν
1047 1128 1217 1202 ἐνενήκοντα
1231 1138 1283 1190 καί
1368 1135 1369 1200 ξ

208 1192 344 1263 τεττάρων
362 1194 431 1250 ἐτῶν
448 1193 523 1265 άγων
544 1198 671 1267 ἡλικίαν,
691 1194 777 1253 νόσου
797 1197 827 1253 δὲ
845 1204 968 1285 χαλεπῆς
987 1208 1111 1269 τριετίαν
1129 1203 1282 1273 κατασχοό.
1368 1229 1369 1232 “

208 1284 258 1334 σης
277 1261 306 1318 ἐν
324 1266 367 1338 τῷ
380 1260 551 1339 ἐνενηκοστῷ
569 1263 676 1340 ἑβδόμῳ
696 1266 737 1328 είς
758 1268 844 1333 πέρας
862 1277 978 1338 αγαγεῖν
994 1269 1045 1323 τόν
1064 1268 1156 1339 λόγον.

380 1408 466 1467 Orat.
490 1409 554 1459 Xssl.
574 1410 695 1460 Contra
712 1410 895 1472 sophistas.
915 1414 955 1476 (p.
974 1411 1112 1479 81-86.)

366 1513 566 1566 ΤΠΟΘΕΣΙΣ
591 1512 812 1566 ΑΝΩΝΤΜΟΤ
836 1516 1123 1570 ΓΡΛΜΜΑΊἾΚΟῬ.

275 1601 366 1675 Οὗτος
391 1611 406 1667 δ
432 1608 513 1681 λόγος
537 1614 592 1665 τῶν
615 1608 686 1681 άγαν
706 1616 838 1682 τεχνικῶς
856 1616 1052 1683 γεγραμμένων
1068 1608 1143 1671 ἐστίν
1160 1611 1284 1685 Ἰσοκρά-

208 1701 285 1750 τους,
309 1684 388 1750 είπερ
413 1702 455 1743 τις
479 1678 575 1743 ἄλλος·
598 1677 628 1735 ἐν
646 1678 735 1735 τοότω
758 1678 810 1751 γάρ
837 1682 937 1752 σχεδὸν
961 1679 1076 1737 ἅπασαν
1102 1685 1210 1758 διέλαβε
1226 1682 1285 1754 τὴν

207 1747 369 1821 ῥητορικήν.
398 1748 524 1805 διδάσκει
542 1747 594 1819 γάρ
612 1748 686 1820 ἡμᾶς
721 1771 737 1803 ν
754 1747 842 1824 αὐτῷ,
861 1749 963 1814 δποῖος
980 1749 1086 1820 ὀφείλει
1104 1752 1178 1808 εἶναι
1194 1752 1211 1808 ὁ
1228 1775 1285 1825 μα-

207 1818 314 1892 θητ“ς,
332 1817 392 1882 οίος
413 1819 443 1875 δέ
461 1818 476 1873 ὁ
497 1818 679 1887 διδάσκαλος,
699 1820 748 1875 καλ
767 1823 875 1889 διαιρεῖ
887 1817 937 1875 τὸν
955 1824 1039 1890 λόγον
1057 1822 1098 1885 είς
1116 1820 1177 1889 δύο,
1193 1825 1238 1887 είς
1251 1843 1285 1878 τε

206 1842 414 1959 τὴνέριστικήν
432 1893 605 1977 φιλοσοφίαν
623 1890 671 1943 καλ
690 1889 731 1952 είς
748 1886 802 1960 τὴν
821 1887 1136 1965 πολιτικὴν[α’ρετὴν],ὅ
1152 1890 1283 1962 ἐστιτήν

206 1957 368 2029 ἆητορικήν,
382 1955 447 2021 τοὺς
462 1955 492 2012 ἐν
506 1968 605 2022 ανταῖς
621 1961 713 2021 κακῶς
728 1954 937 2029 ἐξεταζομένους
950 1956 1086 2029 ἐξελέγξαι
1100 1959 1282 2032 βουλόμενος.

207 2028 253 2082 καλ
276 2030 345 2099 λέγει
369 2030 480 2096 πρῶτον
507 2030 571 2097 περί
595 2030 650 2083 τῶν
673 2025 833 2100 ἐριστικῶν,
858 2027 919 2083 εἶτα
940 2030 1005 2097 περί
1028 2034 1084 2085 τῶν
1107 2036 1282 2086 πολιτικῶν·

207 2098 297 2168 τέμνει
316 2097 347 2153 δέ
364 2101 444 2152 τοῦτο
464 2096 504 2158 εἰς
522 2098 589 2167 δύο,
610 2100 652 2161 είς
669 2117 698 2153 τε
714 2095 780 2161 τούς
796 2094 1047 2168 ἐπαγγελλομένους
1065 2099 1221 2168 διδάσκειν,
1240 2100 1282 2169 μὴ

207 2166 314 2231 εἰδότας
333 2164 379 2232 δέ,
398 2168 445 2221 καλ
464 2166 504 2229 είς
523 2164 587 2229 τούς
601 2164 766 2237 γράψαντας
783 2169 885 2238 τέχνην
899 2165 1063 2237 ῥητορικὴν,
1084 2166 1169 2224 πάλιν
1186 2168 1218 2225 δέ
1231 2173 1281 2225 καί

207 2234 308 2300 αὖτοὺς
326 2233 508 2307 άγνοοῶντας.
536 2234 669 2307 ἐζήτησαν
690 2238 721 2292 δέ
737 2256 829 2307 τινες,
848 2235 895 2291 διὰ
910 2242 997 2291 ποίαν
1015 2238 1110 2292 αἰτίαν
1126 2234 1216 2301 οὕτως
1233 2231 1280 2307 ἧλ-

206 2311 260 2361 θεν
278 2304 324 2361 ἐπί
342 2310 441 2361 τοῦτον
458 2302 606 2376 τὸνλόγον
622 2302 692 2361 ὅστε
709 2305 804 2369 ἁπλῶς
822 2310 1013 2377 καταδραμεῖν
1030 2307 1146 2366 τούτων.
1183 2308 1233 2363 καλ
1250 2307 1279 2363 σί

206 2374 256 2440 μέν
274 2373 496 2446 ἀπελογήσαντο,
515 2378 639 2446 λέγοντες
655 2373 710 2445 τὴν
728 2376 838 2447 αίτίαν,
855 2370 892 2446 ἢν
910 2384 1091 2447 προείπομεν,
1110 2376 1158 2432 διὰ
1178 2377 1209 2432 τὸ
1229 2375 1280 2433 τὸν

209 2447 388 2516 Αριστοτέλην
408 2448 530 2515 λυπῆσαι
553 2443 639 2500 αότδν
665 2443 713 2500 διά
736 2443 768 2502 τό
787 2444 943 2515 άφελέσθαι
959 2443 1009 2501 τόν
1026 2443 1163 2517 μαθητὴν
1180 2444 1279 2518 αὐτοῦ,

207 2518 363 2586 Θεοδέκτην
382 2511 507 2586 όνόματι,
544 2510 614 2584 αὕτη
634 2513 665 2570 δέ
683 2511 701 2584 ἡ
720 2515 797 2570 αίτία
814 2511 853 2578 ῶς
870 2512 946 2570 ἐστιν
963 2513 1072 2586 εὐήθης
1088 2513 1123 2571 σά
1141 2514 1280 2571 δόσκολον

207 2589 398 2655 καταμαθεῖν·
424 2581 489 2640 οόδὲ
513 2581 565 2655 γὰρ
592 2581 663 2640 κατά
685 2582 781 2655 μόνων
797 2585 961 2655 φιλοσόφων
980 2594 1102 2640 ποιεῖται
1124 2584 1175 2640 τὸν
1192 2588 1280 2675 λόγον

206 2652 273 2709 άλλά
294 2656 341 2710 καί
361 2652 378 2725 ό
398 2656 488 2724 τάρων
506 2650 607 2710 αότῶν.
640 2658 716 2709 Ποία
734 2644 785 2709 οὖν
805 2658 850 2725 είη
868 2652 903 2710 ἂν
923 2652 1036 2725 άληθ”ς
1059 2654 1138 2710 αίτία
1157 2646 1176 2725 ἢ
1194 2676 1278 2727 αντη,

206 2723 278 2779 διότι
296 2722 368 2791 Ειόρα
379 2676 415 2778 ἐν
431 2729 469 2798 τῷ
484 2720 576 2797 χρόνῳ
593 2725 643 2778 τοῦ
659 2722 744 2793 λόγου
756 2723 856 2781 τούτου
871 2723 989 2787 πολλοὺς
1000 2676 1200 2794 ἐπιπηδῶντας
1214 2734 1279 2787 ταῖς

206 2796 314 2864 τέχναις
330 2795 538 2863 ἀπερισκέπτως
552 2794 599 2847 καί
614 2790 864 2863 ἐπαγγελλομένους
879 2792 1023 2849 διδάσκειν
1037 2790 1110 2863 άπερ
1124 2791 1175 2849 οὖν
1190 2798 1278 2864 ίσασι,

205 2865 252 2918 καί
273 2866 469 2933 σοφιζομένους
488 2862 540 2933 τὴν
558 2860 706 2932 α’λήθειαν,
736 2863 780 2919 διὸ
798 2864 846 2919 καλ
861 2862 877 2917 ὁ
894 2861 975 2933 λόγος
991 2861 1064 2936 αὐτῷ
1078 2860 1278 2953 ἐπιγέγραπται

206 2932 290 2987 κατὰ
311 2938 376 2988 τῶν
397 2936 595 3003 σοφιστῶν,
618 2931 667 3002 οόχ
692 2930 787 2997 ἁπλῶς
805 2936 861 2988 τῶν
878 2933 1188 3003 σοφιστεαόντων,αλλᾶ
1205 2933 1277 2989 κατά

205 2999 320 3058 πάντων
333 3007 389 3057 τῶν
408 3004 597 3072 σοφιζομένων
614 3000 667 3071 τὴν
686 2999 835 3071 άλήδειαν.
862 3006 963 3074 τριχῶς
980 3001 1033 3073 γάρ
1052 3007 1133 3058 τοῦτο
1154 2999 1278 3073 τοῦνομα

204 3073 308 3142 λέγεται
326 3070 403 3141 παρά
419 3080 479 3135 τοῖς
493 3077 639 3135 παλαιοῖς·
661 3070 724 3126 οἷον
741 3068 815 3127 οὕτω
829 3068 920 3141 σοφόν
933 3076 1065 3127 καλοῦσιν
1080 3069 1146 3129 αὐτὸ
1162 3071 1193 3127 τὸ
1210 3070 1276 3143 άλη-

205 3140 256 3205 δὲς
275 3143 322 3196 καί
341 3144 371 3198 τὸ
390 3142 491 3198 καλόν·
515 3140 585 3197 ὅθεν
605 3141 653 3195 καλ
672 3139 686 3195 ὁ
706 3139 825 3196 Πλάτων
844 3138 1002 3212 φιλόσοφον
1021 3146 1104 3198 καλεῖ
1115 3141 1147 3197 τὸ
1164 3147 1278 3212 πρῶτον

205 3214 305 3277 αἴτιον,
323 3209 354 3266 τὸ
372 3214 472 3282 φιλοῦν
491 3207 557 3267 αότδ
576 3210 607 3267 τὸ
626 3208 733 3281 άληδὲς
752 3212 800 3265 καί
817 3210 848 3267 τὸ
866 3210 962 3281 καλόν,
977 3207 1051 3268 ὅθεν
1068 3212 1117 3267 καί
1134 3208 1275 3282 όᾶνδρω-

205 3302 258 3343 πος
281 3280 295 3336 ὁ
317 3279 418 3351 μετιῶν
438 3279 491 3369 την
509 3286 682 3351 φιλοσοφίαν
701 3275 731 3334 ἐκ
753 3280 853 3336 τοότου
874 3281 1108 3352 παρωνόμασται,
1130 3282 1210 3338 καθὰ
1228 3284 1275 3339 καὶ

205 3348 287 3415 αότός
305 3360 428 3421 μιμεῖται
446 3372 496 3406 τον
514 3350 585 3405 θεὸν
602 3371 672 3406 κατα
692 3345 723 3404 τό
744 3348 881 3406 δυνατόν·
901 3353 949 3407 καί
967 3350 1053 3407 πάλιν
1072 3348 1212 3437 σοφιστὴν
1227 3372 1276 3406 κα-

206 3424 303 3476 λοῦσιν
314 3418 404 3477 αὐτὸν
415 3422 464 3480 τ’ὀν
477 3417 598 3491 ῥήτορα,
622 3420 672 3475 τὸν
695 3418 867 3475 διδάσκοντα
891 3418 955 3483 τοδς
974 3420 1141 3492 δητορικονς
1163 3419 1276 3491 λόγους·

205 3509 342 3559 σοφιστην
364 3496 394 3545 δε
412 3498 459 3546 καί
477 3492 527 3545 τὸν
546 3488 731 3577 σοφιζόμενον
748 3489 801 3559 τὴν
819 3488 973 3560 α’λήδειαν,
998 3490 1063 3559 περὶ
1083 3481 1116 3545 οδ
1134 3493 1186 3546 νῦν
1202 3491 1276 3615 διέη-

222 3580 289 3614 εται.
319 3557 452 3630 ἐζήτησαν
471 3562 501 3615 δέ
518 3580 591 3621 τινες
609 3564 695 3613 παλιν
712 3559 761 3613 καλ
780 3557 828 3614 διά
846 3564 875 3614 τί
891 3557 975 3623 αότὸς
992 3559 1007 3615 ὁ
1025 3559 1121 3631 λόγος,
1141 3563 1171 3614 εἴ
1185 3579 1216 3631 γε
1235 3579 1248 3615 ε
1263 3582 1275 3623 ς

204 3583 258 3683 ἐστι
275 3632 331 3683 τῶν
348 3627 488 3697 τεσσάρων
507 3627 664 3699 ἐγκωμίων,
683 3625 754 3683 κατά
770 3632 826 3683 τῶν
846 3634 985 3699 σοφιστῶν
1004 3628 1201 3700 ἐπιγράφεται,
1226 3632 1274 3685 καλ

207 3696 291 3765 ισόγος
313 3696 368 3752 ἐστί
395 3700 441 3753 καί
467 3696 503 3767 μὴ
525 3695 595 3761 ὅπερ
619 3697 726 3751 οἰκεῖον
750 3693 899 3767 ἐγκωμίον.
924 3698 954 3753 τὸ
980 3704 1084 3764 μᾶλλον
1105 3698 1176 3764 ὑπέρ
1196 3719 1273 3763 τινος
