2859 4334
393 439 524 499 ΠΡΟΣ
550 438 912 499 ΚΑΛΛΙΜΑΧΟΝ.
1064 432 1128 498 209

183 594 367 687 Νικομάχῳ
394 600 543 681 δίαιταν,
571 589 611 662 δν
637 591 801 680 ἠπίστατο
827 593 931 662 πάλαι
953 591 1128 681 χριόμενον

180 696 276 786 ἡμῖν,
291 698 345 765 καὶ
362 694 407 777 τός
421 695 484 766 ου’κ
498 696 586 775 είκός
599 686 643 783 ἦν
661 692 768 764 αότόν
784 693 861 764 άντλ
883 700 1018 784 μυρίων
1041 702 1155 774 δρα-ε

131 822 166 871 14
173 810 268 895 χμών
282 810 451 877 διακοσίας
473 802 629 883 ἐθελήσαι
651 805 775 884 λαβεῖν.
803 795 902 884 ὑμεῖς
916 793 948 865 δ’
967 800 1127 884 ἐνθυμεῖ·

182 910 247 969 σθε
262 898 487 986 πρῶτονμὲν,
505 895 556 965 ότι
571 898 633 985 τὴν
652 902 783 967 δίαιταν
797 894 861 967 ου’κ
874 896 1127 987 άμφισβητοῦν-

181 1029 237 1082 τες
251 998 326 1070 ἄλλ’
343 1002 397 1069 ἐπὶ
412 1003 526 1089 ῥητοῖς
541 1000 779 1088 ἐπετρέψαμεν,
795 996 875 1070 ὥστ’
887 996 991 1069 οὐδὲν
1001 999 1128 1069 ἄτοπον

178 1105 350 1186 ἐποίησεν,
373 1106 402 1169 εί
413 1100 607 1186 Νικόμαχον
620 1102 724 1169 εἵλετο
741 1100 926 1188 διαιτητὴν,
948 1100 1032 1171 άλλά
1045 1101 1131 1170 πολὺ
1147 1118 1197 1173 374

177 1206 307 1276 μᾶλλον
318 1205 349 1268 εἰ
361 1203 436 1284 περὶ
451 1207 519 1268 τοῖν
530 1198 735 1287 πραγμάτων
746 1196 966 1285 ὡμολογηκός
980 1204 1055 1287 περὶ
1070 1208 1130 1268 τοῦ

178 1302 348 1383 διαιτητοῦ
370 1301 548 1384 διεφέρετο.
588 1296 689 1366 ἔπειτ’
715 1297 944 1385 ὀφειλομένων
959 1306 1020 1386 μὲν
1039 1299 1130 1393 αὐτῷ

176 1402 308 1483 μυρίων
324 1400 479 1483 δραχμοῖν
495 1396 558 1466 οὐκ
573 1396 660 1477 εἰκός
672 1392 715 1484 ἦν
731 1396 836 1465 αὐτόν
851 1402 902 1467 ἐπὶ
918 1405 1015 1468 δυοῖν
1028 1415 1130 1487 μναῖν

177 1496 382 1582 ποιήσασθαι
393 1496 454 1583 τὴν
466 1498 662 1584 διαλλαγην·
688 1496 809 1577 ἀδίκως
821 1502 853 1565 δ’
868 1501 1065 1587 αἰτιώμενον
1076 1505 1130 1568 καὶ

176 1603 455 1680 συκοφαντοῦντα
471 1596 572 1665 οὐδὲν
585 1597 785 1683 θαυμαστόν
796 1606 957 1667 τοσοῦτον
973 1603 1129 1687 ἐθελῆσαι

177 1702 300 1779 λαβεῖν.
332 1699 379 1763 ἔτι
403 1700 455 1780 δ’,
478 1703 507 1764 εί
525 1695 640 1782 μεγάλ’
676 1700 826 1782 ἐγκαλῶν
843 1694 925 1785 όλίγΙ
956 1700 1129 1784 ἐπράξατο,

176 1789 219 1857 οὐ
235 1793 341 1883 τούτῳ
358 1801 454 1861 τοῦτο
471 1795 650 1881 τεκμήριόν
665 1797 772 1879 ἐστιν,
795 1793 839 1874 ὡς
858 1794 878 1881 ἡ
895 1801 1002 1864 δίαιτα
1018 1795 1059 1863 οὐ
1074 1800 1157 1882 γε’-ο

176 1916 295 1975 γονεν,
312 1890 395 1960 άλλά
412 1892 498 1961 πολὺ
514 1901 642 1980 μᾶλλον
655 1892 752 1981 ἡμῖν,
768 1891 812 1971 όις
827 1897 880 1963 καὶ
895 1892 957 1982 τὴν
971 1894 1076 1981 ἀρχὴν
1088 1892 1130 1961 οὐ

127 2011 159 2063 ιο
177 1995 311 2070 δικαίως
325 1993 529 2060 ἐνεκάλεσεν.
558 1995 720 2079 θαυμάζω
731 1992 762 2059 δ’
782 2000 812 2061 εί
821 1992 926 2061 αὑτόν
937 1998 999 2080 μὲν
1011 1993 1130 2062 ίκανόν

175 2098 303 2176 γνῶναι
326 2099 466 2178 νομίζει,
486 2091 537 2160 ὅτι
556 2092 618 2160 οὐκ
634 2091 720 2170 είκὸς
736 2090 809 2160 ἀντὶ
826 2101 958 2180 μυρίων
973 2099 1129 2181 δραχμῶν

175 2195 345 2270 διακοσίοις
360 2195 517 2278 ἐθελῆσαι
531 2200 661 2279 λαβεῖν,
677 2191 732 2277 ἐμὲ
744 2188 776 2258 δ’
790 2190 852 2259 οὐκ
866 2188 911 2260 άν
920 2204 1022 2261 οῖεται
1035 2191 1126 2260 τοῦτ’

175 2292 338 2375 ἐξευρεῖν,
367 2301 458 2374 εῖπερ
473 2289 669 2379 ἠβουλόμην
688 2295 795 2376 νευδη
813 2293 940 2377 λέγειν,
961 2290 1011 2357 ὅτι
1028 2294 1129 2358 πλέον

175 2394 241 2458 ἔδει
260 2391 402 2475 φάσκειν
417 2391 546 2459 τούτων
568 2394 756 2458 δεδωκέναι.
790 2387 870 2469 άξιοὶ
886 2393 938 2474 δ’,
963 2389 1045 2457 ὅσον
1066 2414 1128 2475 περ

174 2484 218 2556 άν
232 2490 340 2581 τούτῳ
355 2504 491 2576 σημεῖον
503 2484 547 2576 ἦν
581 2486 654 2576 ὡςὴ
669 2494 777 2557 δίαιτα
790 2484 831 2554 οὐ
844 2491 1001 2574 γέγονεν,
1020 2489 1128 2556 ε’λόντι

173 2586 214 2655 τά
230 2591 559 2675 διαμαρτυρηδέντα,
574 2596 736 2655 τοσοῦτον
751 2590 820 2673 ἐμοὶ
833 2591 991 2674 γενέσθαι
1006 2589 1155 2673 τεκμή·ι

174 2712 250 2770 ριον
285 2685 327 2766 ὡς
342 2685 453 2775 άληδῆ
467 2695 551 2774 λέγω
568 2691 643 2771 περὶ
658 2685 776 2772 αὐτῆς,
793 2683 905 2773 ἐπειδὴ
921 2692 966 2773 τῷ
981 2689 1125 2771 μάρτυρι

174 2787 321 2871 φανερός
336 2790 426 2855 ἐστιν
443 2786 518 2855 οὐδ’
536 2791 726 2867 ἐπεξελθεῖν
742 2784 892 2867 άξιωσας.

125 2904 158 2960 16
261 2887 330 2971 (η’,λ
343 2884 505 2972 Ἡγούμαι
524 2885 570 2970 δ’,
584 2896 617 2959 εἰ
628 2889 712 2977 μήθ’
726 2884 747 2971 η
763 2890 871 2951 δίαιτα
884 2886 1031 2971 ἐγεγόνει
1044 2886 1126 2969 μήτε

172 2991 242 3052 τῶν
255 2988 500 3070 πεπραγμένων
513 2978 601 3070 ἦσαν
615 2986 797 3069 μάρτυρες,
815 2988 881 3052 ἔδει
897 2981 929 3050 δ’
946 2987 981 3052 ἐκ
997 2992 1064 3051 των
1079 2990 1125 3051 εί-

172 3082 282 3149 κότων
297 3096 450 3166 σκοπεῖν,
476 3078 550 3149 οὐδ’
568 3080 657 3149 οὕτω
670 3089 819 3168 χαλεπῶς
838 3077 882 3148 άν
898 3080 984 3167 ὑμᾶς
999 3088 1125 3167 γνωναι

171 3179 212 3247 τά
229 3184 348 3247 δίκαια,
389 3187 419 3249 εί
431 3182 492 3265 μὲν
508 3179 572 3266 γάρ
587 3183 642 3248 καὶ
657 3179 737 3259 τοὺς
751 3180 873 3259 ἄλλους
887 3178 1017 3249 άδικεῖν
1033 3180 1126 3248 ἐτόλ·

173 3304 259 3364 μων,
276 3278 408 3356 εἰκότως
419 3277 462 3344 ἄν
472 3306 539 3364 μου
554 3280 832 3365 κατεγιγνώσκετε
847 3282 901 3346 καὶ
916 3281 991 3364 περὶ
1006 3285 1125 3345 τοῦτον

173 3377 426 3463 ἐξαμαρτάνειν·
460 3387 525 3446 νῦν
542 3386 573 3447 δ’
598 3379 720 3448 οὐδένα
741 3380 933 3465 φανήσομαι
946 3386 1014 3446 των
1029 3386 1125 3447 πολι-

173 3482 242 3543 τῶν
263 3472 339 3541 οότε
358 3477 500 3563 χρήμασι
521 3481 684 3565 ζημιώσας
701 3477 778 3546 οὕτε
800 3482 874 3563 περὶ
892 3486 951 3545 τοῦ
973 3479 1151 3563 σωματοςρ

172 3581 219 3652 εἰς
233 3580 395 3641 κίνδυνον
409 3581 623 3665 καταστήσας,
636 3576 707 3645 οὔτ’
723 3580 760 3645 ἐκ
769 3578 832 3662 μὲν
842 3585 909 3643 τῶν
920 3577 1125 3664 μετεχόντων

171 3682 229 3761 τῆς
244 3680 409 3753 πολιτείας
428 3679 615 3759 ἐξαλείψας,
638 3683 682 3754 είς
698 3678 734 3743 δὲ
751 3674 811 3741 τόν
825 3674 906 3761 μετὰ
923 3678 1125 3759 Λυσάνδρου

254 3785 408 3824 moenam.
431 3772 462 3825 11.
943 3779 977 3827 ιλ
