2859 4334
482 383 747 445 σικιααοε.
875 369 877 376 ⁴
1050 381 1091 446 οι

150 538 282 628 Ἕλλησιν
289 541 492 612 ἐδυνάστευε
502 545 558 610 καὶ
572 541 676 613 πάλιν
689 540 710 630 ἡ
722 549 1014 631 Λακεδαιμονίων,
1031 541 1120 614 οά-ῑι

153 640 198 708 δέν
211 637 252 708 ἀν
266 639 412 729 ἡγοῦμαι
426 649 641 729 περανθῆναι
657 641 805 710 τούτων·
827 645 950 734 ῥηιδίως
964 640 1029 730 γάρ
1046 637 1091 710 ἀν

153 743 292 828 ἑκατέραν
307 738 464 828 ίμποδόν
484 742 644 828 γενέσθαι
658 757 728 822 τοῖς
744 747 999 831 πραττομένοις·
1025 749 1092 812 νῦν

152 838 176 905 δ’
188 839 243 927 οὐχ
258 840 381 928 ὁμοίως
398 847 529 928 ἔγνωκα
547 843 624 925 περί
639 839 761 911 αὐτῶν.
789 841 863 912 οίδα
880 841 945 930 γάρ
961 841 1092 923 ἁπάσας

152 937 366 1027 όμαλισμένας
375 937 443 1008 ἀπὸ
456 947 524 1008 τῶν
534 948 732 1027 συμφορῶν,
747 939 834 1011 ὥσθ’
844 940 991 1029 ἡγοῦμαι
1002 942 1091 1009 πολέι

150 1045 262 1121 μᾶλλον
276 1035 380 1117 αάτάς
400 1038 599 1126 αἱρήσεσθαι
621 1036 680 1116 τάς
695 1041 731 1107 ἐκ
745 1045 804 1126 τῆς
825 1038 984 1126 ὁμονοίας
1001 1038 1092 1126 ὀφε-

150 1144 224 1217 λείας
245 1132 267 1224 ἢ
290 1134 349 1215 τὰς
375 1138 501 1205 ἐκτῶν
524 1136 598 1205 τότε
628 1141 867 1225 τραπομένων
889 1144 1090 1219 πλεονεξίας.

124 1235 214 1322 41(ις’.)
229 1233 362 1302 Ἔπειτα
376 1241 445 1302 τόν
460 1235 524 1321 μέν
539 1233 652 1304 ἀλλων
669 1232 822 1322 ὁμολογοῖ
838 1235 954 1325 μηδέν’
971 1233 1015 1304 ἀν
1030 1240 1092 1304 δυ-

148 1341 279 1419 νηθῆναι
304 1333 475 1414 διαλλάξαι
497 1331 557 1414 τάς
571 1334 686 1416 πόλεις
699 1336 840 1420 ταύτας,
861 1339 914 1405 σοὶ
933 1334 964 1404 δ’
989 1333 1120 1405 οόδὲνε

145 1441 200 1498 τόν
214 1431 378 1500 τοιούτων
393 1435 459 1501 ἐστὶ
474 1434 630 1518 χαλεπόν.
654 1432 723 1518 ὁρῶ
737 1436 801 1520 γάρ
815 1454 853 1503 σε
867 1441 936 1502 τῶν
950 1448 1019 1513 τοῖς
1031 1434 1093 1503 άλ-

146 1542 203 1612 λοις
210 1533 418 1601 ἀνελπίστων
430 1535 626 1602 δοκούντων
634 1533 721 1603 είναι
731 1537 784 1604 καί
796 1535 998 1621 παραδόξων
1008 1541 1092 1602 πολ-

144 1631 177 1699 λά
190 1635 499 1719 διαπεπραγμένον,
516 1629 595 1699 ὥστ’
609 1629 711 1700 οὐδέν
722 1629 865 1716 ἄτοπον,
883 1638 912 1700 εί
922 1635 977 1702 καλ
988 1639 1092 1700 ταῦτα

144 1735 235 1817 μόνος
254 1739 417 1819 συστῆσαι
438 1736 629 1817 δυνηθείης.
665 1728 729 1818 χρή
745 1732 782 1798 δὲ
802 1726 880 1810 τοὺς
901 1732 986 1819 μέγα
1006 1757 1093 1818 φρο-

143 1839 278 1909 νοῦντας
294 1833 348 1898 καί
366 1827 446 1909 τοάς
460 1833 683 1916 διαφέροντας
696 1826 741 1915 μή
759 1843 827 1907 τοῖς
841 1829 1006 1911 τοιούτοις
1020 1833 1094 1899 έπι-

140 1945 265 2015 γειρελν,
281 1927 367 1997 ἀκαλ
378 1934 446 1997 τῶν
456 1929 629 2016 τυχόντων
639 1926 683 1995 ἀν
693 1954 743 2006 τις
752 1928 1003 2015 καταπράξειεν,
1016 1925 1091 1997 ἀλλ’

140 2031 272 2105 ἐκείνοις
296 2022 345 2106 οἷς
364 2028 479 2113 μηδείς
495 2021 540 2093 ἀν
557 2024 656 2104 ἀλλος
677 2026 893 2112 ἐπιχειρήσειε
913 2025 1003 2113 πλήν
1024 2033 1093 2094 τόν

140 2127 254 2214 ὁμοίαν
267 2129 320 2196 σοὶ
335 2129 389 2195 καὶ
403 2124 466 2214 τήν
480 2127 587 2213 φάσιν
604 2128 659 2193 καί
673 2122 737 2211 τήν
751 2125 898 2212 δύναμιν
915 2125 1068 2212 ἐχόντων.
1101 2135 1118 2190 d

124 2250 126 2291 ι
217 2225 297 2317 (ιζ.)
320 2224 484 2310 Θαυμάζω
500 2223 535 2292 δέ
556 2229 624 2290 τῶν
640 2218 840 2309 ἡγουμένων
860 2221 1031 2292 ἀδύνατον
1046 2223 1093 2292 εἶ-

138 2354 189 2395 ναι
205 2331 401 2413 πραχθῆναί
414 2350 446 2390 τι
460 2322 608 2408 τούτων,
624 2328 654 2390 εί
667 2320 744 2410 μήτ’
758 2320 853 2391 αὐτοὶ
868 2324 1093 2409 τυγχάνουσιν

138 2427 257 2504 εἰδότες
272 2421 356 2511 μήθ’
373 2422 496 2506 ἑτέρων
510 2420 713 2508 ἀκηκόασιν,
737 2421 788 2490 ὅτι
804 2427 920 2491 πολλοὶ
936 2421 976 2508 δή
991 2423 1092 2490 πόλε-

134 2553 187 2608 μοι
202 2528 257 2593 καὶ
274 2523 378 2591 δεινοὶ
391 2521 591 2609 γεγόνασιν,
608 2518 667 2601 οάς
682 2526 715 2589 οί
731 2519 970 2606 διαλυσάμενοι
988 2518 1092 2605 μεγά-

134 2634 202 2692 λων
218 2622 362 2711 ἀγαθῶν
376 2620 533 2708 ἀλλήλοις
550 2630 649 2690 αίτιοι
668 2623 881 2704 κατέστησαν.
906 2625 954 2696 τίς
967 2614 1033 2703 γάρ
1048 2613 1092 2684 ἀν

131 2719 303 2811 ὑπερβολή
320 2723 452 2807 γένοιτο
475 2727 533 2806 τῆς
556 2726 678 2805 ἔχθρας
701 2727 758 2804 τῆς
779 2715 863 2803 πρός
878 2720 1004 2803 Ξέρξην
1025 2729 1093 2795 τοῖς

130 2824 265 2910 Ἕλλησι
286 2823 486 2908 γενομένης;
515 2812 558 2887 οὖ
579 2816 642 2905 τήν
670 2826 789 2905 φιλίαν
812 2815 958 2896 ἅπαντες
980 2824 1093 2883 ίσασιν

126 2921 216 3009 ἡμᾶς
235 2951 271 2991 τε
291 2923 347 2990 καλ
363 2924 650 3006 Λακεδαιμονίους
670 2924 799 3004 μᾶλλον
818 2912 1055 3002 ἀγαπήσαντας
1068 2909 1120 3002 ἦε

125 3030 197 3089 τῶν
211 3018 604 3108 συγκατασκευασάντων
615 3021 783 3100 ἑκατέροις
793 3013 890 3104 ἡμῶν
900 3012 962 3101 τήν
973 3013 1091 3101 ἀργήν.

124 3124 183 3188 καὶ
197 3128 233 3189 τί
243 3125 300 3189 δελΙ
310 3124 420 3206 λέγειν
441 3116 481 3186 τά
497 3114 622 3186 παλαιά
644 3118 699 3185 καὶ
713 3113 754 3184 τά
772 3113 856 3201 πρὸς
869 3113 949 3194 τούς
963 3113 1093 3202 βαρβά-

124 3246 228 3303 ρους;
243 3216 321 3288 ἀλλ’
339 3228 373 3286 εί
383 3244 432 3297 τις
446 3214 608 3304 ἀθρήσειε
622 3219 677 3284 καί
692 3220 850 3296 σκέψαιτο
864 3212 923 3294 τάς
939 3221 1008 3282 τῶν
1018 3211 1092 3281 Ἐλ-

124 3320 242 3405 λήνων
254 3314 451 3404 συμφοράς,
467 3313 569 3384 οὐδέν
582 3313 627 3383 ἀν
640 3319 741 3402 μέρος
756 3309 855 3384 οὖσαι
871 3327 1011 3400 φανεῖεν
1024 3318 1093 3380 τῶν

124 3414 182 3484 m}
194 3424 369 3504 Θηβαίους
382 3417 437 3484 καὶ
447 3421 734 3501 Λακεδαιμονίους
749 3412 828 3500 ἡμῖν
846 3413 1089 3499 γεγενημένων.
1105 3429 1136 3486 91

124 3513 196 3582 ἱλλ’
214 3515 321 3582 οὐδὲν
339 3506 442 3601 ἦττον
463 3518 739 3601 Λακεδαιμονίων
759 3538 795 3581 τε
815 3511 1092 3598 στρατευσάντων

124 3617 176 3681 τ’πὶ
191 3619 368 3701 Θηβαίους
382 3614 437 3760 ιραὶ
447 3618 667 3700 βουλομένων
682 3611 901 3699 λυμήνασθαι
912 3607 974 3761 τήν
986 3617 1093 3678 Βοιω-

208 3720 373 3764 mamm.
406 3748 413 3760 .
