2859 4334
467 372 898 433 ΠΑΝΑΘΗΝΑΙΚΟΣ.
1115 366 1156 431 87

209 531 287 611 τούς
301 535 429 610 οἰκέτας
447 537 493 611 είς
510 534 710 616 ἐλευθερίαν
720 529 993 617 ἀφαιρουμένοις,
1007 541 1103 618 σφίσι
1121 531 1154 599 δ’

161 628 320 710 98αύτοῖς
340 632 518 699 δουλεύειν
540 632 796 716 ἀναγκάζουσιν.
834 632 925 718 (λη’.)
952 640 1021 699 Τοῦ
1044 632 1079 699 δὲ
1101 634 1155 698 λέ-

207 742 327 817 γεσθαι
342 738 446 798 ταῦτα
460 732 514 798 καλ
529 732 619 799 πολύ
632 736 735 797 πλείω
751 732 806 797 καλ
827 732 1009 816 πικρότεροι
1027 732 1157 797 τούτων
1173 741 1224 794 θεῖ

208 827 268 917 ούχ
283 828 377 917 ἡμεῖς
391 841 492 899 αίτιοι
507 831 714 916 γεγόναμεν,
736 826 811 898 ἀλλ’
829 834 862 897 οί
872 835 938 895 νῦν
952 831 1014 915 μὲν
1035 830 1071 897 ἐν
1089 842 1158 907 τοῖς

208 930 399 1015 λεγομένοις
412 928 493 1014 ήμτν
504 928 784 1014 ἀντιτεταγμένοι,
799 927 903 995 τόνδ’
920 927 1024 998 ἀλλον
1032 928 1157 1015 χρόνον

201 1040 239 1107 ἐν
254 1052 327 1116 τοῖς
346 1033 585 1123 πραττομένοις
611 1030 744 1098 ἅπασιν.
827 1027 906 1106 τούς
917 1029 979 1113 μὲν
994 1026 1060 1114 γάρ
1073 1026 1157 1114 ήμε-

204 1125 321 1211 τέρους
335 1127 526 1211 προγόνους
544 1128 655 1204 οὐδεὶς
681 1123 725 1192 ἀν
746 1129 937 1207 ἐπιδείξειεν
960 1130 998 1196 ἐν
1011 1143 1080 1208 ταῲ
1095 1130 1155 1196 ἐπ-

206 1229 318 1293 έκεινα
340 1225 474 1310 χρόνοις
497 1240 565 1303 τοῖς
587 1223 831 1311 ἀναριθμήτοις
851 1224 1008 1309 οὐδεμιᾶς
1029 1226 1156 1305 πόλεως

207 1320 284 1392 οὔτε
298 1330 446 1409 μείζονος
461 1321 532 1392 οὔτ’
552 1326 727 1402 ἐλάττονος
741 1323 855 1409 ἀρχειν
866 1325 1153 1413 ἐπιχειρήσαντας·

207 1427 492 1507 Λακεδαιμονίους
506 1422 543 1489 δὲ
557 1424 679 1499 πάντες
696 1434 818 1508 ῖσασιν,
835 1421 896 1509 ἀφ’
913 1418 1018 1509 ούπερ
1031 1432 1076 1504 είς
1085 1434 1154 1492 Πε-

205 1521 417 1607 λοπόννησον
435 1529 611 1610 εἰσῆλθον,
635 1521 736 1590 οὐδὲν
755 1520 835 1591 άλλο
850 1526 1055 1609 πράττοντας
1076 1522 1182 1591 οὐδὲν

205 1626 489 1709 βουλευομένους,
517 1622 605 1709 πλήν
633 1621 723 1700 ὅπως
743 1626 885 1707 μάλιστα
908 1626 970 1710 μὲν
996 1622 1156 1692 ἁπάντων

157 1742 192 1795 99
207 1721 385 1808 άρξουσιν,
414 1729 443 1789 εί
458 1722 492 1790 δέ
514 1721 575 1809 μή,
596 1730 888 1808 Πελοποννησίων.
913 1721 996 1791 ἀλλά
1019 1721 1086 1809 μήν
1101 1723 1155 1789 καὶ

204 1819 264 1898 τάς
278 1822 410 1900 στάσεις
428 1823 483 1890 καλ
502 1822 560 1899 τάς
582 1820 717 1908 σφαγάς
736 1825 790 1890 καὶ
810 1819 868 1899 τάς
889 1830 957 1890 τῶν
978 1829 1155 1891 πολιτειῶν

205 1920 406 2007 μεταβολάς,
429 1919 469 2000 ἀς
493 1920 693 2008 ἀμφοτέροις
714 1923 802 1999 τινες
822 1920 903 2008 ἡμῖν
926 1925 1154 2006 ἐπιφέρουσιν,

205 2024 327 2087 ἐκεῖνοι
341 2020 402 2105 μὲν
417 2016 461 2086 ἀν
472 2036 611 2106 φανεῖεν
627 2020 759 2099 ἁπάσας
773 2018 832 2098 τάς
853 2022 967 2099 πόλεις
983 2017 1071 2106 πλὴν
1084 2016 1155 2088 όλί-

204 2145 276 2204 γωυ
291 2116 412 2204 μεστάς
426 2119 641 2205 πεποιηκότες
652 2126 720 2186 τῶν
729 2119 1090 2205 τοιούτων-συμφορῶν
1101 2122 1154 2186 καλ

205 2218 420 2302 νοσημάτων,
441 2216 504 2303 τήν
527 2217 558 2282 δ’
582 2217 745 2304 ἡμετέραν
767 2219 868 2285 πόλιν
888 2217 997 2296 οὐδεὶς
1019 2215 1060 2284 ἀν
1079 2215 1153 2285 οὐδ’

205 2323 311 2384 εἰπεῖν
324 2317 497 2403 τολμήσειε
509 2317 573 2402 πρὸ
582 2325 640 2404 τῆς
649 2315 784 2402 ἀτυχίας
799 2325 857 2402 τής
871 2320 908 2384 ἐν
919 2315 1150 2405 Ἑλλησπόντῳ
1166 2344 1181 2381 τ

202 2418 386 2502 γενομένης
406 2413 449 2493 ὡς
464 2424 619 2483 τοιοῦτον
634 2420 672 2483 ἐν
686 2430 754 2493 τοῖς
768 2417 952 2502 συμμάχοις
965 2443 996 2482 τι
1014 2421 1152 2497 διαπρα-

132 2535 187 2589 100
205 2520 359 2602 ξαμέυην.
373 2514 446 2583 ἀλλ’
461 2514 575 2602 ἐπειδή
583 2516 960 2600 Λακεδαιμόνιοικύριοι
969 2515 1153 2581 καταστάν-

202 2641 257 2692 τες
266 2613 508 2700 τωνἙλλήνων
515 2615 617 2683 πάλιν
628 2616 800 2694 ἐξέπιπτον
813 2618 848 2681 ἐκ
860 2622 927 2680 τῶν
939 2615 1154 2700 πραγμάτων,
1177 2608 1181 2617 ’

203 2717 242 2781 ἐν
255 2714 386 2793 τούτοις
398 2730 468 2793 τοῖς
482 2729 610 2799 καιροῖς
624 2720 871 2794 στασιαζουσεόν
887 2721 955 2782 τῶν
966 2713 1078 2781 ἀλλων
1092 2713 1155 2780 πό-

203 2820 291 2880 λεων
306 2810 361 2879 δύ’
378 2809 399 2898 ή
419 2829 507 2898 τρεῖς
525 2820 593 2879 τῶν
611 2821 806 2900 στρατηγεῖν
822 2821 890 2880 τόν
904 2812 1089 2900 ἡμετέρων,
1112 2811 1155 2880 ού

202 2912 268 3000 γάρ
296 2912 535 3001 ἀποκρύψομαι
563 2913 722 3001 τάληθὲς,
755 2916 937 3001 ἐξήμαρτον
963 2925 1041 2996 περί
1063 2942 1155 2993 τινας

202 3011 317 3081 αὐτῶν
341 3018 540 3098 ἐλπίζοντες,
567 3011 610 3100 ήν
631 3014 838 3100 μιμήσονται
861 3012 920 3092 τάς
934 3023 1155 3099 Σπαρτιατῶν

130 3124 183 3179 101
203 3111 355 3196 πράξεις,
377 3121 505 3197 μᾶλλον
519 3111 622 3191 αύτάς
641 3113 847 3199 δυνήσεσθαι
863 3130 1046 3200 κατασχεῖν.
1070 3114 1181 3181 ὥστεδ

204 3218 339 3289 δικαίως
347 3208 391 3279 ἀν
403 3217 540 3290 ἐκείνοις
548 3216 609 3296 μὲν
621 3212 765 3287 άπαντες
776 3216 987 3297 ἐγκαλέσειαν
1000 3211 1152 3298 ύςάρχη-

198 3312 274 3385 γοῖς
304 3296 542 3385 γεγενημένοις
567 3297 623 3362 καὶ
648 3295 860 3376 διδασκάλοις
885 3302 954 3365 τῶν
984 3297 1148 3367 τοιούτων

201 3410 330 3488 ἔργων,
352 3415 424 3494 τοῖς
442 3396 475 3466 δ’
492 3397 662 3485 ήμετέροις
681 3394 792 3482 ὥσπερ
811 3402 879 3466 τῶν
896 3402 1058 3487 μαθητῶν
1076 3417 1147 3483 τοῖς

198 3499 269 3569 ύπὸ
288 3507 356 3568 τῶν
369 3498 650 3585 ὑπισχνουμένων
666 3501 919 3586 ἐξηπατημένοις
932 3503 990 3569 καὶ
1004 3507 1145 3590 διημαρ-

200 3603 317 3691 τηκόσι
332 3606 402 3669 τῶν
422 3605 568 3669 ἐλπίδων
585 3601 724 3681 είκότως
742 3597 784 3668 ἀν
803 3601 1010 3690 συγγνάμην
1029 3610 1142 3689 ἔχοιεν.
