2859 4334
290 400 331 462 οε
577 402 977 483 amarorum)

290 588 354 641 τως
367 564 511 648 ἐχόντων
532 571 562 631 εί
574 566 636 650 μέν
648 557 823 648 τυγχάνεις
836 560 948 649 άληθη
963 566 1082 651 λέγων,
1103 565 1248 641 τούτους

291 663 431 747 φάσκων
452 660 588 746 εὑρετάς
608 668 812 747 γεγενῆσθαι
835 668 903 728 τῶν
923 670 1106 729 καλλίστων
1131 666 1248 747 ε’πιτη-

291 763 476 848 δευμάτων,
492 759 677 848 ἀναγκαῖόν
691 764 758 828 ἐστι
773 757 852 838 τούς
867 768 1003 837 πολλαῖς
1017 775 1146 847 γενεαῖς
1160 760 1248 843 πρό-

290 888 388 946 τερον
404 862 583 948 γεγονότας
604 862 683 944 πρὶν
699 860 913 944 Σπαρτιάτας
925 862 1074 927 ἐνταῦθα
1089 868 1248 947 κατοικῆ-
1268 878 1317 933 2⁷6

290 982 361 1043 σοι,
379 958 423 1045 μη
438 961 584 1044 μετέχειν
598 955 728 1041 αὑτῶν,
746 955 828 1043 μήτε
843 954 921 1034 τούς
936 959 987 1024 ἐπὶ
1004 963 1246 1044 Τροίαυστρα-

290 1065 513 1146 τευσαμέυους
530 1059 611 1144 μήτε
627 1054 706 1133 τοὺς
722 1057 797 1139 περὶ
809 1053 973 1139 Ἡρακλέα
990 1059 1044 1125 καὶ
1060 1061 1170 1143 Θησέα
1185 1084 1245 1145 γε-

290 1158 430 1244 γονότας
443 1158 524 1244 μήτε
539 1163 640 1223 Μίνω
653 1152 713 1223 τόν
727 1153 810 1233 Διὸς
824 1153 904 1240 μήτε
913 1152 1149 1243 Ῥαδάμανθυν
1165 1156 1243 1243 μήτ’

291 1253 419 1325 Αίακόν
434 1255 515 1342 μήτε
528 1260 596 1324 τῶν
609 1253 723 1323 ἄλλων
738 1257 863 1339 μηδένα
877 1260 945 1320 τῶν
956 1250 1182 1341 ὑμνουμέυων
1193 1257 1245 1323 έπῖ

290 1370 359 1432 ταῖς
374 1353 504 1438 ἀρεταῖς
522 1354 674 1435 ταύταις,
692 1350 775 1421 άλλά
796 1355 905 1437 ψευδῆ
918 1350 980 1439 τὴν
1001 1353 1102 1433 δόξαν
1119 1356 1248 1440 ταύτην

224 1466 273 1520 ’λοῦ
291 1452 439 1532 ἅπαντας
448 1459 549 1538 ἔχειν·
562 1459 592 1521 εί
600 1452 635 1519 δὲ
645 1449 688 1518 σὺ
700 1454 762 1537 μὲν
773 1457 936 1538 φλυαρῶν
944 1452 1129 1537 τυγχάνεις,
1141 1470 1250 1534 προσ-

289 1552 362 1640 ηκει
378 1554 413 1619 δὲ
427 1549 506 1629 τούς
517 1548 582 1618 άπὺ
594 1558 687 1620 θεῶν
698 1550 878 1637 γεγονότας
889 1552 944 1618 καὶ
955 1560 1100 1637 χρῆσθαι
1111 1550 1251 1628 ταύταις

291 1658 417 1737 μᾶλλον
428 1657 496 1717 τόν
507 1649 618 1718 άλλωυ
629 1652 684 1717 καὶ
694 1654 882 1729 καταδεῖξαι
893 1664 961 1727 τοῖς
969 1650 1248 1736 ἐπιγιγνομένοις,
1260 1667 1278 1720 b

291 1748 354 1817 οὑκ
366 1756 455 1817 ἔστιν
469 1748 558 1827 ὅπως
566 1748 606 1815 οὑ
613 1757 793 1835 μαίνεσθαι
802 1750 906 1828 δόξεις
914 1746 1016 1815 ἅπασι
1023 1745 1250 1827 τοῖςάκούσα-

291 1867 357 1932 σιν,
370 1846 475 1925 οὑτως
488 1855 558 1935 εἰκῇ
569 1848 624 1915 καὶ
634 1841 952 1932 παρανόμωςούςάν
958 1846 1057 1934 τύχης
1063 1848 1250 1913 έπαιυοίν.“

376 1943 512 2032 ,ζἘπειτ’
523 1943 1250 2033 είμένεύλόγειςαὺτούςμηδὲυάκηκοώςτιν

292 2050 391 2131 έμων,
407 2044 533 2132 ἐληρεις
546 2046 609 2131 μὲν
623 2041 677 2126 άν,
693 2044 735 2111 οὐ
750 2044 817 2131 μην
832 2048 965 2113 ἐναντία
976 2072 1014 2132 γε
1029 2052 1136 2131 λέγων
1150 2049 1250 2130 έφαί-

224 2170 273 2225 ςρχ
292 2171 355 2212 νου
369 2151 496 2232 σαυτῷ
515 2151 580 2209 νῦν
595 2142 626 2211 δ’
640 2145 815 2233 έπηυεκότι
830 2165 882 2211 σοι
893 2142 954 2211 τόν
966 2142 1046 2230 ε’μδν
1058 2145 1172 2229 λόγον,
1187 2140 1251 2210 τόν

293 2244 546 2312 έπιδεικνύουτα
562 2242 669 2312 πολλά
687 2246 742 2313 καὶ
758 2242 851 2311 δεινά
868 2248 1155 2329 Λακεδαιμονίους
1171 2250 1253 2326 περί

293 2370 328 2411 τε
349 2339 427 2420 τούς
447 2358 620 2428 συγγενεῖς
639 2341 719 2421 τούς
740 2341 852 2411 αὑτῶν
871 2346 1014 2425 καὶπερὶ
1032 2340 1251 2421 τοὺςάλλους

283 2440 446 2528 Ἕλληνας
460 2445 786 2528 διαπεπραγμένους,
802 2450 872 2519 πῶς
887 2437 960 2509 οἷόν
971 2439 1002 2509 τ’
1011 2436 1058 2528 ,ἦν
1069 2448 1116 2509 έτι
1128 2462 1182 2509 σοι
1193 2444 1252 2509 λέ-

293 2568 367 2629 γειν
382 2538 461 2617 τούς
477 2541 615 2626 ἐνόχους
631 2539 731 2619 ὄντας
748 2542 894 2625 τούτοις,
920 2538 964 2618 ὡς
978 2547 1046 2607 τῶν
1063 2548 1280 2608 καλλίστωνο

225 2668 277 2723 χος
295 2640 564 2725 ἐπιτηδευμάτων
578 2636 741 2725 ἡγεμόνες
757 2640 954 2727 γεγόνασιν;
986 2640 1080 2725 (κγ’.)
1103 2636 1195 2721 Πρδς
1214 2638 1251 2707 δὲ

293 2738 422 2815 τούτοις
442 2734 577 2804 κάκεῖνό
595 2758 632 2804 σε
653 2740 813 2823 λέληθεν,
839 2736 890 2804 ότι
904 2735 944 2804 τά
959 2739 1251 2823 παραλελειμμένα

292 2844 361 2904 τῶν
381 2837 651 2923 ἐπιτηδευμάτων
672 2840 727 2905 καὶ
747 2844 815 2904 τῶν
835 2844 961 2922 τεχνῶν
980 2838 1034 2903 καί
1051 2842 1119 2902 τῶν
1136 2835 1252 2903 άλλων

293 2933 454 3001 ἁπάντων
475 2931 536 3020 οὐχ
558 2940 591 3003 οί
612 2935 768 3020 τυχόντες
791 2932 1020 3020 εὑρίσκουσιν,
1047 2930 1120 3001 ἀλλ’
1138 2937 1173 3001 οί
1191 2934 1253 3011 τάς

293 3059 328 3101 τε
349 3031 467 3119 φύσεις
489 3036 703 3120 διαφέροντες
719 3036 773 3102 καὶ
790 3046 913 3119 μαθεῖν
929 3041 1063 3102 πλεῖστα
1080 3041 1148 3101 τοῖν
1164 3033 1252 3115 κρό-

278 3163 280 3168 ·
293 3158 391 3216 τερον
405 3128 600 3218 εὑρημένων
615 3136 820 3218 δυνηθέντες
833 3136 888 3201 καὶ
902 3136 1078 3218 προσέχειν
1091 3130 1152 3200 τόν
1162 3138 1253 3199 νοῦν

292 3239 337 3322 τῷ
354 3238 460 3318 ζητεῖν
474 3237 603 3316 μᾶλλον
618 3240 686 3299 τῶν
701 3232 814 3301 άλλων
828 3232 1055 3318 ἐθελήσαντες.
1080 3222 1129 3298 οὑν
1140 3238 1280 3303 Anne-d

226 3354 276 3408 209
294 3331 461 3416 δαιμόνιοι
476 3334 579 3398 πλέον
593 3328 751 3416 άπέχουσι
765 3339 833 3399 τῶν
848 3332 1046 3417 βαρβάρων·
1065 3335 1099 3397 οί
1111 3328 1173 3414 μὲν
1183 3328 1251 3415 γάρ

293 3426 337 3497 άν
349 3446 487 3518 φανεῖεν
499 3437 634 3497 πολλῶν
647 3428 844 3517 εὑρημάτων
858 3433 911 3497 καὶ
923 3420 1071 3515 μαθηταὶ
1085 3430 1139 3495 καὶ
1154 3429 1250 3493 διδά-

293 3536 409 3594 σκαλοι
424 3528 617 3614 γεγονότες,
640 3519 733 3594 οὑτοι
749 3530 784 3594 δὲ
799 3534 961 3595 τοσούτου
974 3524 1249 3609 ἀπολελειμμένοι

294 3634 351 3710 της
366 3635 480 3711 κοινῆς
494 3632 643 3704 παιδείας
658 3631 712 3693 καὶ
728 3632 929 3713 φιλοσοφίας
945 3626 1044 3700 είσὶν.
1075 3622 1153 3689 κατ’
1170 3622 1251 3691 οὐδὲ
