2859 4334
537 390 781 449 ΒΟΤΣΙΡΙΣ.
1109 387 1132 451 ⁹

178 553 300 639 λόγοις,
317 546 432 634 οἷσπερ
447 548 508 636 χρη
524 547 602 626 τοὺς
614 552 848 634 ἐπαινοῦντας,
864 551 907 619 σύ
920 550 952 619 δ’
966 550 1015 629 οἷς
1026 571 1131 636 προσ-

177 652 250 738 ήκει
264 650 344 729 τούς
360 655 612 733 λοιδοροῦντας·
632 645 711 715 ὥστ’
728 645 769 714 ού
782 649 890 734 μόνον
903 660 961 738 τῆς
974 649 1133 732 ἀληθείας

177 750 290 818 αὐτῶν
310 748 394 820 ἀλλὰ
416 748 471 816 καλ
491 755 549 834 τῆς
566 750 654 824 ίδέας
669 746 765 833 ὅλης,
790 746 835 815 δι’
851 742 891 835 ἧς
906 749 1057 836 εὐλογεῖν
1071 754 1130 829 δεῖ,

178 858 293 935 φαίνει
309 847 550 935 διημαρτηκός.

127 962 161 1013 34
262 948 343 1027 (ιδ.)
363 950 471 1031 Χωρλς
494 947 529 1011 δὲ
550 944 679 1011 τούτων
701 951 731 1012 εί
752 950 805 1013 δεῖ
818 955 886 1013 τῶν
900 956 969 1014 σῶν
984 945 1131 1014 ἀπαλλα-

174 1051 277 1135 γέντα
295 1045 354 1115 τόν
372 1046 453 1133 ἐμόν
468 1046 572 1130 λόγον
590 1046 768 1128 ἐξετάζειν,
792 1045 901 1124 οὐδεὶς
916 1043 959 1113 όν
975 1044 1064 1136 αύτῷ
1081 1049 1132 1112 δι-

175 1153 279 1225 καίως
302 1145 519 1233 ἐπιπλήξειεν.
545 1149 575 1210 εί
588 1142 730 1228 μὲνγὰρ
748 1142 848 1222 ἄλλος
863 1171 912 1221 τις
927 1137 970 1229 ἦν
986 1140 1132 1230 φανερός

174 1244 193 1312 ὁ
213 1252 318 1312 ταῦτα
339 1246 482 1328 πρύξας,
510 1240 581 1327 ἆγιό
605 1269 690 1328 φημι
711 1250 913 1328 γεγενῆσθαι
931 1242 976 1310 δι’
992 1246 1131 1326 ἐκεῖνον,

176 1343 332 1431 ὁμολογῶ
352 1351 429 1413 λίαν
451 1342 535 1411 εἶναι
559 1339 740 1427 τολμηρός,
771 1348 801 1409 εί
823 1345 896 1428 περὶ
921 1368 970 1408 ιιν
990 1339 1161 1421 ἅπαντεςῦ

125 1456 160 1507 35
177 1447 386 1526 ἐπίστανται,
412 1444 488 1527 περὶ
504 1443 634 1509 τούτων
651 1450 866 1527 μεταπείθειν
883 1445 1042 1527 ἐπιχειρῶ.
1067 1449 1133 1508 νῦν

176 1541 207 1611 δ’
225 1545 263 1610 ἐν
280 1550 383 1632 κοινῷ
398 1550 466 1609 τῶν
481 1541 687 1629 πραγμάτων
703 1539 812 1608 όντων
830 1544 884 1609 καὶ
901 1542 1036 1621 δοξάσαι
1052 1545 1131 1610 δέον

176 1643 253 1726 περὶ
270 1637 393 1726 αὐτῶν,
412 1639 476 1707 τίν’
493 1640 536 1707 όν
552 1667 602 1719 τις
617 1648 685 1707 τῶν
698 1643 767 1708 ἐκεῖ
775 1642 997 1709 καθεστώτων
1012 1643 1048 1708 ἐκ
1064 1649 1131 1707 τῶν

177 1739 317 1809 εἰκότων
342 1739 572 1824 σκοπούμενος
595 1742 790 1825 αἰτιύτερον
815 1739 899 1807 εἶναι
923 1735 1130 1826 νομίσειενῆ

176 1837 237 1907 τόν
250 1842 285 1907 ἐκ
296 1843 509 1917 Ποσειδῶνος
521 1840 583 1922 μὲν
593 1839 772 1924 γεγονότα,
789 1837 873 1923 πρὸς
883 1843 919 1906 δὲ
930 1836 1054 1925 μητρὸς
1064 1835 1129 1906 ἀπό

176 1936 261 2017 Διός
276 1936 373 2023 ὄντα,
389 1946 547 2025 μεγίστην
559 1940 594 2006 δὲ
606 1940 754 2023 δύναμιν
764 1948 832 2006 τῶν
843 1936 923 2007 καθ’
937 1937 1041 2006 αὑτὸν
1052 1965 1130 2024 κτη-

178 2039 327 2124 σάμενον
340 2041 394 2105 καὶ
410 2037 500 2124 παρὰ
511 2052 580 2116 τοῖς
591 2037 703 2118 ἄλλοις
714 2036 980 2124 ὀνομαστότατον
992 2064 1129 2123 γεγενη-

178 2143 300 2223 μένους
323 2137 364 2205 ού
379 2137 444 2225 γὰρ
461 2140 502 2225 δη’
517 2162 584 2205 που
598 2136 678 2216 τούς
693 2137 853 2206 ἁπάντων
867 2139 996 2204 τούτων
1010 2136 1158 2204 όπολε-ο

178 2240 375 2325 λειμμένους
397 2240 557 2323 προσήκει
584 2244 712 2322 μᾶλλον
733 2234 755 2323 ἢ
779 2236 901 2305 ’κεῖνον
926 2238 1132 2323 τηλικούτων

178 2338 320 2422 ἀγαθῶν
336 2335 472 2419 εὑρετὰς
487 2340 655 2421 γενέσθαι.
834 2331 838 2334 ’

123 2453 159 2506 36
261 2434 342 2521 (ιε’.)
365 2437 429 2501 Καὶ
444 2434 505 2520 μὲν
528 2434 568 2521 δὴ
584 2437 720 2511 καὶτοῖς
740 2436 873 2520 χρόνοις
888 2438 1009 2523 ῥᾳδίως
1027 2435 1071 2501 ἄν
1084 2463 1132 2513 τις

176 2531 256 2611 τούς
271 2533 392 2618 λόγους
406 2530 486 2613 τούς
502 2542 570 2601 τῶν
591 2534 840 2619 λοιδορούντων
856 2538 984 2603 ἐκεῖνον
999 2538 1131 2615 ψευδεῖς

178 2632 276 2708 ὄντας
294 2634 493 2710 ἐπιδείξειεν.
517 2637 549 2699 οί
562 2632 626 2718 γὰρ
639 2631 734 2700 αὐτοὶ
752 2641 808 2717 τῆς
821 2661 855 2699 τε
871 2639 1064 2719 Βουσίριδος
1080 2638 1131 2714 ξε-

176 2739 338 2817 νοφονίας
353 2740 574 2817 κατηγοροῦσι
590 2740 648 2799 καί
659 2729 765 2817 φασιν
779 2729 885 2799 ἀὐτόν
898 2730 959 2817 ὑφ’
972 2730 1131 2815 Ἡρακλέ-

124 2844 161 2897 37
179 2857 237 2907 ους
253 2828 455 2896 ἀποθανεῖν·
479 2828 687 2917 ὁμολογεῖται
700 2834 736 2898 δὲ
747 2830 836 2916 παρὰ
848 2832 984 2899 πάντων
995 2838 1063 2897 τῶν
1074 2839 1131 2899 λο-

177 2936 325 3015 γοποιῶν
340 2930 496 3012 Περσέως
509 2936 570 2996 τοῦ
581 2928 665 3009 Διός
679 2933 733 2998 καί
746 2930 883 3015 Δανάης
891 2928 1055 3014 Ἡρακλέα
1070 2927 1132 3014 μὲν

178 3030 263 3098 εἶναι
279 3032 428 3111 τέτταρσι
443 3044 573 3115 γενεαῖς
594 3032 777 3116 νεώτερον,
802 3032 964 3116 Βούσιριν
980 3031 1014 3095 δὲ
1030 3031 1132 3095 πλέον

176 3126 197 3214 ἢ
213 3133 392 3204 διακοσίοις
408 3135 494 3196 ἔτεσι
507 3132 744 3216 πρεσβύτερον.
769 3136 875 3197 καίτοι
889 3127 949 3195 τὸν
966 3127 1160 3213 βουλόμεδ

176 3255 239 3296 νον
253 3225 490 3296 ἀπολύσασθαι
505 3227 567 3315 τὴν
578 3227 662 3313 ὑπὲρ
677 3232 807 3295 ἐκείνου
817 3226 978 3313 διαβολὴν
989 3234 1058 3304 πῶς
1070 3222 1132 3293 ούκ

176 3325 304 3393 ἄτοπόν
318 3328 386 3393 ἐστι
398 3330 524 3411 ταύτην
533 3325 595 3414 την
606 3337 717 3395 πίστιν
728 3335 938 3410 παραλιπεῖν,
953 3324 1014 3411 τὴν
1026 3323 1132 3401 οὕτως

122 3442 160 3494 38
176 3428 301 3509 ἐναργῆ
315 3424 370 3490 καί
383 3423 585 3509 τηλικαύτην
601 3424 747 3509 δύναμιν
762 3430 922 3509 ἔχουσανς
943 3422 1022 3505 (ις’.)
1034 3420 1131 3488 Ἀλλὰ

174 3520 239 3607 γὰρ
254 3519 356 3589 οὐδέν
370 3539 423 3586 σοι
438 3528 495 3606 τῆς
512 3518 671 3607 ἀληθείας
688 3525 863 3608 ἐμέλησεν,
881 3517 965 3588 ιἰλλίι
980 3534 1050 3598 ταῖς
1063 3526 1130 3586 τῶν

175 3626 323 3707 ποιητῶν
342 3625 567 3706 βλασφημίαις
590 3621 882 3704 ἐπηκολούθησας,
907 3624 942 3685 οἳ
961 3616 1129 3702 δεινότερα
