2859 4334
288 415 354 477 ωο.
576 414 957 494 mmmmm)

287 578 433 659 Θεσπιάς
445 582 501 647 καί
514 572 683 653 Πλαταιάς
698 577 754 643 καί
766 569 826 653 τάς
839 572 943 656 ἀλλας
953 577 1083 661 πόλεις,
1097 569 1138 657 άς
1152 580 1251 662 παρὰ

285 670 364 756 τοδς
377 674 502 761 ὅρκους
514 672 772 761 κατειλήφασιν,
792 670 887 761 ήμείς
902 672 934 742 δ’
951 679 1061 762 ἔξιμεν
1080 678 1249 762 μηδεμιᾶς

285 774 433 863 ἀνάγκης
447 772 550 861 οὔσης
563 776 596 853 έξ
611 764 661 841 άν
674 772 885 859 τυγχάνομεν
901 778 1046 860 ἔχοντες·
1069 769 1113 861 ήν
1129 776 1165 842 δὲ
1185 772 1246 842 διά

285 879 401 954 τέλους
422 873 591 962 ἀκοάσητέ
608 898 676 959 μου
695 875 915 958 προσέχοντες
940 872 1001 941 τὸν
1020 880 1125 958 νοῦν,
1151 870 1247 958 οἰμαι

285 974 411 1054 πάντας
430 971 518 1062 ὑμᾶς
532 971 809 1059 καταγνώσεσθαι
828 968 956 1057 πολλήν
973 970 1095 1041 ἀνοιαν
1109 974 1164 1039 καί
1177 997 1246 1057 μα-

285 1078 362 1142 νίαν
372 1081 440 1142 τῶν
449 1071 513 1161 τήν
523 1070 658 1141 ἀδικίαν
668 1076 865 1150 πλεονεξίαν
875 1066 961 1138 εἰναι
971 1070 1177 1157 νομιζόντων
1187 1072 1245 1139 καί

284 1179 353 1239 τοῖν
366 1168 425 1251 τάς
438 1169 613 1258 ἀλλοτρίας
626 1169 740 1247 πόλεις
753 1174 810 1258 βίᾳ
824 1166 1033 1255 κατεχόντων
1046 1172 1102 1238 καί
1117 1167 1162 1256 μή
1181 1179 1277 1239 llo-d

170 1269 174 1277 ’
286 1276 470 1358 γιζομένων
483 1268 542 1350 τάς
557 1266 736 1356 συμφοράς
750 1264 810 1345 τάς
823 1270 861 1335 έκ
877 1274 946 1335 τῶν
958 1268 1122 1336 τοιοάτων
1133 1273 1244 1354 ἔργων

237 1385 269 1440 18
283 1372 491 1457 γιγνομένας.
512 1375 616 1436 ταῦτα
627 1368 689 1453 μὲν
700 1358 766 1531 οχλν
777 1363 832 1432 διά
843 1362 968 1444 παντὸς
977 1373 1039 1434 τοῦ
1052 1364 1158 1453 λόγου
1168 1388 1243 1433 πει-

284 1467 459 1555 ρασόμεθα
474 1465 645 1536 διδάσκειν
663 1461 709 1551 ὑμ
733 1491 759 1542 ς.
789 1462 860 1552 (η’·.)
879 1467 961 1548 Περὶ
979 1466 1016 1533 δὲ
1030 1473 1089 1552 τῆς
1109 1463 1244 1551 εἰρήνης

283 1575 418 1654 πρῶτον
439 1572 669 1652 διαλεχθῶμεν
694 1564 750 1633 καί
770 1563 991 1651 σκεψόμεθα,
1018 1570 1053 1632 τί
1071 1559 1116 1631 ἀν
1137 1566 1176 1633 έν
1195 1568 1243 1654 τῷ

283 1666 426 1752 παρόντι
445 1665 605 1753 γενέσθαι
625 1670 852 1751 βουληθεῖμεν
871 1660 959 1749 ἡμῖν.
994 1658 1036 1749 ἢν
1054 1660 1120 1749 γάρ
1137 1669 1242 1731 ταῦτα

283 1773 392 1844 καλοῖς
406 1762 601 1849 ὁρισώμεθα
612 1763 668 1831 καί
682 1769 768 1831 νοῦν
778 1761 934 1848 ἐχόντως,
949 1760 1034 1849 πρός
1045 1763 1172 1849 ταάτην
1181 1765 1245 1850 τήν

283 1860 451 1932 ὑπόθεσιν
471 1860 716 1950 ἀποβλέποντες
741 1858 881 1947 ἀμεινον
906 1859 1165 1949 βουλευσόμεθα
1184 1865 1268 1929 καλε

283 1965 359 2049 κερί
373 1970 441 2031 τοῖν
455 1959 578 2031 ἀλλων.

238 2080 270 2135 19
368 2059 444 2149 (θ’.)
461 2052 532 2144 Ἆρ’
548 2052 613 2128 οάν
623 2055 667 2129 ἀν
680 2063 883 2148 ἐξαρκέσειεν
897 2058 993 2149 ήμίν,
1011 2065 1042 2128 εί
1056 2059 1118 2148 τήν
1128 2086 1164 2129 τε
1178 2060 1243 2128 πό-

283 2169 339 2229 λιν
352 2156 510 2245 άσφαλοῐς
524 2165 672 2247 οἰκοίμεν
683 2163 739 2229 καί
748 2160 789 2227 τά
799 2162 875 2242 περί
889 2158 949 2228 τδν
961 2166 1038 2246 βίον
1053 2157 1243 2246 εάποράτε-

283 2285 339 2344 ροι
352 2264 552 2345 γιγνοίμεθα
566 2261 621 2327 καὶ
635 2259 675 2328 τά
690 2285 726 2328 τε
739 2258 824 2344 πρὸς
844 2256 931 2346 ήμάς
944 2254 1070 2339 αάτοδς
1083 2257 1243 2346 ὁμονοοί

283 2384 346 2444 μεν
366 2358 422 2427 καί
443 2356 534 2444 παρά
554 2356 789 2446 τοίςἝλλησιν
812 2355 1063 2444 εὖδοκιμοίμενι
1092 2355 1157 2445 έγά
1178 2359 1242 2444 μέν

283 2457 347 2543 γάρ
367 2452 512 2544 ήγοῦμαι
531 2456 660 2525 τούτων
682 2454 901 2542 ὑπαρξάντων
923 2458 1040 2537 τελέως
1059 2455 1123 2545 τήν
1143 2458 1245 2526 πόλιν
1265 2477 1312 2531 163

284 2552 548 2643 εὐδαιμονήσειν.
577 2550 596 2623 ὃ
612 2554 675 2641 μὲν
689 2562 805 2624 τοίνυν
820 2555 965 2643 πόλεμος
981 2551 1141 2624 ἀπάντων
1155 2553 1243 2643 ἡμᾶς

283 2661 352 2723 τοῖν
374 2657 558 2741 εἰρημένων
584 2651 820 2742 ἀπεστέρηκεν·
858 2657 913 2724 καὶ
935 2653 1000 2741 γάρ
1024 2657 1243 2742 πενεστέρους

283 2756 416 2841 ἐποίησε
431 2754 487 2822 καί
508 2750 653 2833 πολλοὺς
673 2754 856 2835 κινδύνους
872 2751 1052 2841 ὑπομένειν
1074 2752 1242 2841 ήνάγιιασε

283 2854 338 2921 καί
347 2850 432 2935 πρδς
441 2850 681 2939 τοδςἝλληνας
689 2856 885 2940 διαβέβληκε
893 2857 948 2922 καί
958 2853 1085 2933 πάντας
1094 2852 1241 2937 τρόπους

235 2971 269 3025 ²0
282 2951 571 3036 τεταλαιπωρηκεν
579 2948 674 3039 ἡμᾶς.
688 2948 732 3038 ήν
743 2950 780 3021 δὲ
789 2949 851 3039 τήν
863 2954 1000 3040 εἰρήνην
1009 2952 1239 3039 ποιησόμεθα,

283 3050 338 3119 καί
350 3048 523 3130 τοιούτους
533 3047 618 3138 ἡμᾶς
629 3048 753 3131 αάτοδς
763 3050 1001 3139 παράσχωμεν,
1018 3054 1112 3131 οἰονς
1121 3055 1157 3121 αί
1166 3075 1240 3121 κοι-

285 3149 338 3218 ναί
352 3155 523 3235 συνθῆκαι
535 3150 793 3234 προστάττουσι,
815 3150 897 3237 μετά
911 3158 1035 3237 πολλής
1049 3150 1111 3238 μὲν
1127 3151 1241 3238 ἀσφα-

283 3254 372 3328 λείας
382 3246 443 3335 τήν
454 3248 553 3315 πόλιν
564 3248 752 3336 οἰκήσομεν,
767 3246 1010 3334 ἀπαλλαγέντες
1020 3252 1175 3336 πολέμων
1185 3252 1269 3320 καδο

283 3346 453 3417 κινδύνων
464 3349 520 3416 καί
530 3356 687 3435 ταραχής,
699 3345 798 3435 εἰςήν
810 3354 875 3417 νῦν
885 3345 970 3434 πρὸς
977 3344 1142 3436 ἀλλήλους
1152 3357 1242 3417 καθ-

284 3446 439 3531 ίσταμεν,
455 3443 536 3515 καθ’
554 3447 695 3534 ἑκάστην
710 3446 747 3515 δέ
761 3445 823 3534 τήν
840 3444 967 3535 ἡμέραν
981 3446 1066 3533 πρδς
1079 3444 1241 3535 εάπορίαυ

283 3542 506 3630 ίαιδάσομεν,
533 3542 804 3632 άναπεπαυμένοι
824 3546 886 3633 μὲν
906 3554 975 3615 τῶν
996 3553 1165 3633 εἰσφορῶν
1182 3550 1238 3614 καλ

283 3647 351 3710 των
365 3650 588 3729 τριηραρχιῶν
603 3646 658 3715 καί
674 3652 744 3715 τοῖν
762 3645 874 3715 ἀλλων
888 3654 958 3715 τοῖν
970 3650 1045 3731 περί
1058 3643 1120 3715 τδν
1136 3644 1238 3714 πόλε-
