2859 4334
452 401 584 458 ΚΑΤΑ
598 398 834 458 ΛΟΧΙΤΟΤ.
1059 395 1120 461 2³7

116 577 150 631 13
168 563 326 645 νημένων
349 565 446 646 δίκην
471 568 594 646 λαβεῖν.
631 555 751 645 καὶμὴ
775 561 988 647 περιμείνηθ’
1006 564 1065 640 ἕως
1080 557 1123 628 άν

168 657 413 744 ἀθροισθέντες
427 664 482 727 καί
496 657 615 744 καιρὸν
627 659 786 744 λαβόντες
799 664 843 737 είς
858 656 941 745 ὅλην
950 657 1012 745 τὴν
1021 661 1149 732 πύλινε

170 757 409 843 ἐξαμάρτωσιν,
426 755 499 826 ἀλλ’
517 755 571 843 ἐφ’
589 750 629 844 ἧς
643 751 687 823 άν
702 754 784 843 ὑμῖν
798 757 998 842 προφάσεως
1012 785 1121 842 παρα·

172 861 335 941 δοθῶσιν,
352 859 404 924 ἐπὶ
418 857 541 944 ταύτης
555 853 680 936 αύτούς
694 865 912 941 τιμωρεῖσθε,
935 863 1124 943 νομίζοντες

172 950 296 1041 εὕρημ’
313 961 410 1042 ἔχειν,
426 954 508 1024 ὅταν
524 953 599 1023 τινά
612 953 727 1043 λέβητ’
743 958 780 1022 ἐν
790 970 921 1041 μικροῖς
932 959 1123 1043 πράγμασιν

116 1072 152 1123 Η
167 1057 436 1141 ἐπιδεδειγμένον
456 1055 592 1123 άπαοαν
605 1053 666 1143 τὴν
682 1052 790 1123 αὑτοῦ
802 1062 978 1141 πονηρίαν.
1006 1056 1118 1141 κράτι·
1137 1068 1192 1123 398

172 1176 254 1222 στου
268 1156 330 1242 μὲν
345 1154 410 1243 γάρ
425 1149 480 1242 ἦν,
498 1166 531 1225 εί
542 1184 573 1224 τι
586 1163 716 1242 προσῆν
731 1153 813 1223 ἄλλο
829 1169 967 1242 σημεῖον
981 1169 1049 1234 τοῖς
1061 1181 1122 1222 πο·

173 1268 288 1341 νηροῖς
312 1263 380 1321 των
399 1254 609 1341 ἀνθρώπων,
635 1257 715 1339 πρὶν
738 1251 946 1340 άδικηθῆναί
963 1280 1036 1322 τινα
1057 1260 1124 1321 των

173 1361 337 1435 πολιτῶν,
364 1356 530 1438 πρότερον
550 1353 703 1435 κολάζειν
724 1350 863 1431 αύτούς·
888 1352 999 1438 ἐπειδη
1014 1351 1046 1419 δ’
1065 1350 1124 1438 ούχ

175 1449 249 1521 οἷόν
260 1451 293 1520 τ’
309 1456 398 1523 ἐστίν
411 1458 593 1522 αἰσθέσθαι
608 1455 687 1538 πρὶν
702 1453 813 1530 κακῶς
823 1450 915 1529 τινάς
923 1459 1048 1518 παθεῖν
1063 1450 1121 1520 ὑπ’

174 1551 304 1637 αὐτῶν,
325 1550 400 1622 ἄλλ’
421 1546 486 1622 ούν
505 1551 539 1640 γ’
562 1551 699 1622 ἐπειδάν
719 1552 946 1639 γνωρισθῶσι,
963 1547 1123 1640 προσήκει

174 1660 255 1718 πᾶσι
269 1665 381 1737 μισεῖν
397 1649 476 1730 τούς
491 1650 666 1730 τοιούτους
680 1653 735 1717 καὶ
756 1647 892 1727 κοινούς
909 1649 1050 1735 ἐχθρούς
1064 1675 1125 1716 νο-

174 1757 289 1838 μύζειν.

125 1874 158 1924 15
258 1856 341 1936 (ιβ’.)
365 1848 588 1939 Ἐνθνμεῖσθε
608 1849 641 1917 δ’
664 1849 716 1917 ὅτι
736 1857 804 1916 των
826 1848 888 1935 μὲν
903 1852 978 1933 περὶ
992 1845 1051 1928 τάς
1066 1845 1126 1917 ού-

176 1957 250 2028 σίας
262 1949 433 2018 κινδύνων
454 1949 495 2017 ού
515 1953 643 2037 μέτεστι
667 1964 736 2027 τοῖς
759 1951 889 2034 πένησι,
907 1954 964 2033 τῆς
978 1944 1008 2014 δ’
1026 1953 1072 2026 είς
1085 1947 1126 2014 τά

176 2048 302 2136 σάματ’
327 2056 434 2129 αἰκίας
455 2049 578 2137 ὁμοίως
599 2047 746 2127 ἅπαντες
767 2053 1015 2132 κοινωνοῦμεν·
1039 2043 1125 2114 ὥσθῗ
1139 2053 1170 2108 b'

176 2151 259 2218 ὅταν
270 2150 331 2236 μὲν
342 2149 420 2230 τούς
431 2147 699 2229 ἀποστεροῦντας
709 2156 912 2236 τιμωρῆσθε,
929 2144 1007 2225 τούς
1022 2154 1128 2214 πλου-

176 2257 272 2326 σίους
282 2249 389 2333 μόνον
402 2247 568 2334 ὠφελεῖτε,
585 2247 667 2316 ὅταν
678 2249 715 2315 δέ
726 2245 805 2325 τούς
819 2245 1013 2331 ὑβρίζοντας
1025 2243 1128 2312 κολύρ

127 2369 161 2421 16
178 2355 267 2434 ζητε,
295 2346 376 2434 ύμῖν
397 2347 509 2426 αὐτοῖς
541 2351 708 2432 βοηθεῖτε.
761 2336 810 2414 ὧν
837 2348 937 2414 ἕνεκα
964 2351 1019 2413 δεῖ
1053 2347 1126 2428 περί

177 2454 336 2514 πλείστου
350 2457 520 2514 ποιεῖσθαι
539 2447 663 2523 ταύτας
677 2452 745 2512 τῶν
763 2448 883 2529 δικῶν,
900 2447 954 2510 καὶ
974 2445 1048 2528 περὶ
1068 2445 1130 2528 μὲν

177 2551 247 2612 τῶν
261 2542 373 2612 ἄλλων
387 2552 603 2631 συμβολαίων
619 2540 785 2612 τοσούτου
800 2548 910 2628 τιμάν,
927 2539 1009 2607 ὅσον
1024 2562 1126 2623 προσ-

177 2645 250 2728 ηκει
266 2652 312 2732 τῷ
332 2643 489 2711 διάκοντι
509 2652 732 2728 κομίσασθαι,
757 2645 833 2726 περὶ
861 2641 896 2708 δὲ
916 2647 974 2726 τῆς
988 2637 1129 2726 ὕβρεως,

177 2741 262 2810 ὅσον
272 2736 450 2819 άποτείσας
460 2740 478 2808 ὁ
489 2740 630 2826 φεύγων
643 2740 832 2808 παύσεσθαι
849 2743 961 2823 μέλλει
973 2744 1031 2824 τῆς
1043 2762 1129 2822 παρ-

132 2858 165 2914 17
180 2843 285 2928 ούοης
298 2840 478 2930 ἀσελγείας.
501 2838 546 2909 άν
562 2836 626 2909 σύν
646 2847 837 2924 περιαιρῆτε
859 2835 916 2916 τάς
931 2834 1048 2915 ούσίας
1063 2844 1130 2904 των

177 2946 448 3030 νεανιευομένων
466 2949 512 3023 είς
526 2943 604 3021 τούς
619 2949 754 3019 πολίτας
774 2941 829 3008 καὶ
849 2944 1013 3026 μηδεμίαν
1033 2944 1157 3022 νομί-ι

177 3041 254 3129 ζηθ’
273 3040 395 3129 ἱκανὴν
415 3042 501 3111 εἶναι
515 3049 647 3128 ζημίαν,
672 3045 794 3118 οῖτινες
813 3035 857 3106 άν
877 3044 924 3118 είς
943 3035 984 3106 τά
1008 3033 1128 3122 σάματ’

178 3143 462 3227 ἐξαμαρτάνοντες
486 3156 556 3220 τοῖς
583 3141 726 3227 χρήμασι
753 3136 811 3216 τάς
837 3143 931 3215 δίκας
952 3135 1130 3224 ὑπέχωσιν,

178 3239 310 3309 ἅπανθ’
329 3241 391 3308 ὅσα
405 3238 547 3319 διττούς
558 3246 667 3317 καλῶς
682 3239 877 3318 δικάζοντας
889 3237 1129 3320 διαπράξεσθε·

127 3362 159 3415 18
174 3342 230 3407 καὶ
251 3337 316 3425 γάρ
336 3344 412 3423 περὶ
434 3347 495 3407 τοῦ
516 3339 683 3423 παρόντος
705 3336 899 3422 πράγματος
914 3332 1132 3419 ὀρθάςγνύ-

177 3449 280 3505 σεσθε
307 3444 360 3508 καὶ
383 3436 461 3517 τούς
476 3437 599 3516 ἄλλους
619 3444 756 3514 πολίτας
776 3438 1020 3521 κοσμιωτέρους
1035 3431 1133 3520 ποιή-

178 3561 250 3605 σετε
267 3539 321 3605 καί
340 3535 401 3604 τόν
419 3545 494 3622 βίον
508 3536 569 3604 τὸν
583 3535 747 3622 ὑμέτερον
759 3533 872 3601 αὐτῶν
883 3532 1134 3618 ἀσφαλέστερον

179 3637 408 3718 καταστήσετε.
437 3643 505 3705 ἐστι
535 3638 571 3704 δὲ
598 3642 766 3702 δικαστῶν
786 3642 872 3701 νοῦν
894 3635 1038 3717 ἐχόντων
1058 3640 1131 3712 περὶ
