2859 4334
294 437 355 497 ιιι
577 435 961 513 mmmm)

243 610 280 670 93
377 608 414 681 (μ
425 610 449 680 .)
469 592 635 679 Θαυμάζω
657 596 693 660 δὲ
708 600 777 661 νῦν
797 591 883 680 ὑπὲρ
897 597 959 681 μὲν
974 603 1033 680 τῆς
1049 599 1133 673 ίδίας
1151 600 1250 683 δόξης

292 692 524 781 ἀποθνήσκειν
538 690 744 778 ἐθελόντων,
767 689 853 779 ὑπὲρ
869 695 905 761 δέ
925 701 983 781 τῆς
998 701 1113 781 κοινῆς
1126 694 1172 782 μή
1188 694 1252 783 τήν

292 791 400 881 αύτήν
410 792 551 880 γνάμην
562 791 724 877 έχόντων·
737 789 822 876 ὑπὲρ
831 783 871 879 ής
882 789 999 861 ὁτιοῦν
1007 794 1146 880 πάσχειν
1154 792 1254 874 ἀξιον
1266 827 1283 863 ε

294 891 377 960 ὥστε
394 888 438 978 μή
457 897 675 977 καταισχῦναι
691 886 754 977 τήν
769 891 885 978 πόλιν,
906 894 990 980 μηδὲ
1010 898 1173 978 περιιδεῖν
1186 892 1252 980 τήν

292 991 386 1071 τάξιν
399 996 582 1076 λιποῦσαν,
597 995 643 1069 εἰς
655 985 700 1077 ἢν
714 994 749 1058 οί
759 994 898 1077 πατέρες
911 995 1115 1080 κατέστησαν
1130 991 1248 1079 αάτήν.

292 1098 427 1160 πολλῶν
442 1090 477 1159 δὲ
498 1090 704 1177 πραγμάτων
720 1086 801 1178 ἡμῖν
821 1091 876 1159 καί
896 1093 1019 1159 δεινῦν
1039 1092 1249 1179 έφεστάτων,

243 1206 277 1261 ⁹4
292 1188 379 1259 ἀδεῖ
387 1194 576 1276 διαφυγεῖν,
592 1190 699 1257 έκεῖνο
710 1189 854 1275 μάλιστα
865 1194 1065 1277 φυλακτέον,
1082 1188 1173 1271 ὅπως
1182 1218 1250 1279 μη-

291 1290 349 1359 δὲν
360 1287 536 1374 ἀνάνδρως
547 1286 771 1375 φανησόμεθα
781 1286 1059 1374 διαπραττόμενοι
1069 1292 1153 1378 μηδὲ
1163 1311 1250 1377 συγ-

290 1395 478 1476 χωροῦντες
496 1401 565 1465 τοῖς
584 1393 755 1474 πολεμίοις
771 1384 862 1472 παρά
883 1384 920 1454 τό
937 1391 1077 1456 δίκαιον.
1111 1387 1251 1477 αίσχρδν

291 1486 355 1575 γάρ
378 1484 457 1565 τοῦς
478 1484 574 1571 ἄρξαι
594 1493 663 1553 τῦν
682 1483 851 1572 Ἑλλήνων
871 1483 1077 1566 ἀξιωθέντας
1097 1486 1249 1576 ὀφθῆναι

290 1583 327 1654 τό
343 1582 633 1669 προσταττόμενον
646 1590 844 1668 ποιοῦντας,
860 1584 915 1651 καί
928 1592 1093 1655 τοσοῦτον
1108 1584 1247 1655 ἀπολει·
1259 1601 1279 1656 d

168 1684 172 1693 ’
291 1690 421 1772 φθῆναι
436 1689 504 1749 νῦν
518 1681 716 1769 προγόνων,
733 1679 817 1750 ὥστε
831 1679 911 1762 τοῦς
926 1683 989 1769 μέν
1002 1681 1087 1771 ὑπὲρ
1104 1692 1166 1753 τοῦ
1179 1698 1249 1765 τοῖς

289 1782 402 1859 ἀλλοις
412 1778 597 1848 ἐπιτάττειν
608 1782 740 1849 έθέλειν
751 1777 1002 1869 ἀποθνήσκειν,
1019 1778 1105 1869 ἡμᾶς
1116 1781 1147 1849 δ’
1160 1779 1247 1866 ὑπὲρ

288 1889 349 1950 τοῦ
362 1877 407 1967 μὴ
423 1893 532 1949 ποιεῖν
551 1877 588 1948 τό
611 1880 836 1966 κελευόμενον
857 1879 903 1966 μή
923 1888 1050 1961 τολμᾶν
1070 1884 1247 1950 διακινδυ-

289 2006 411 2049 νευειν.

241 2094 275 2149 95
376 2078 470 2167 (μα’.)
483 2078 596 2160 ’Ἄξιον
607 2078 643 2147 δὲ
655 2079 710 2147 καὶ
720 2075 783 2166 τήν
793 2075 998 2165 Ὀλυμπιάδα
1010 2081 1065 2145 καί
1074 2074 1134 2157 τάς
1144 2075 1247 2158 ἄλλας

289 2184 512 2267 αἰσχυνθῆναι
525 2178 747 2266 πανηγύρεις,
766 2181 804 2246 έν
817 2171 869 2257 αἷς
880 2180 1016 2255 ἕκαστος
1029 2172 1126 2263 ήμῶν
1140 2182 1247 2263 ζηλω-

287 2276 420 2363 τότερος
436 2269 481 2364 ήν
501 2277 556 2346 καί
574 2274 849 2362 θαυμαστότερος
865 2282 934 2342 τάν
948 2270 1108 2360 ἀθλητῶν
1122 2281 1192 2342 τῦν
1206 2278 1245 2344 έν

287 2390 355 2455 τοῖς
369 2372 474 2462 ἀγῶσι
488 2372 547 2455 τάς
561 2380 655 2454 νίκας
668 2372 933 2461 ἀναιρουμένων.
958 2379 1005 2455 είς
1016 2369 1056 2452 ἀς
1065 2379 1115 2453 τίς
1129 2369 1173 2441 ἀν
1189 2376 1245 2443 έλ-
1255 2407 1274 2444 ε

286 2488 364 2545 θεῖν
379 2474 591 2562 τολμήσειεν,
613 2471 687 2541 ἀντὶ
702 2474 766 2560 μὲν
779 2480 840 2542 τοῦ
854 2483 1017 2562 τιμᾶσθαι
1029 2499 1245 2562 καταφρονη-
1273 2483 1280 2492 ”

286 2575 492 2663 θησόμενος,
514 2568 588 2642 ἀντί
605 2571 642 2641 δὲ
661 2580 723 2641 τοῦ
739 2578 933 2659 περίστατος
953 2571 1020 2642 ῦπδ
1036 2574 1173 2643 πάντων
1192 2571 1241 2643 δι’

286 2671 409 2762 ἀρετήν
427 2673 511 2742 εἶναι
531 2679 750 2761 περίβλεπτος
769 2670 838 2741 ῦπδ
859 2680 928 2741 τῶν
941 2670 1055 2742 αύτῦν
1070 2676 1122 2743 έπλ
1142 2680 1244 2763 κααίφ

238 2790 272 2846 96
286 2772 527 2860 γενησόμενος,
545 2777 592 2841 ἔτι
607 2771 644 2839 δὲ
660 2768 745 2856 πρός
759 2772 890 2850 τούτοις
905 2768 1073 2859 ὀψόμενος
1086 2775 1148 2858 μέν
1161 2770 1244 2851 τοῦς
1264 2790 1315 2843 136
1354 2807 1355 2838 ο

287 2875 414 2951 οἰκέτας
429 2868 494 2939 ἀπὸ
510 2879 568 2958 τῆς
583 2869 693 2958 χάρας
713 2861 754 2957 ἧς
771 2874 806 2937 oc
817 2874 955 2955 πατέρες
969 2866 1051 2957 ήμῖν
1064 2873 1243 2939 κατέλιπον

285 2968 435 3057 ἀπαρχάς
446 2974 501 3038 καί
511 2976 633 3050 θυσίας
642 2975 774 3058 μείζους
784 2966 880 3055 ἡμῶν
890 2972 1124 3056 ποιουμένους,
1136 2967 1242 3037 ἀκου-

285 3070 428 3157 σόμενος
448 3065 480 3136 δ’
499 3065 612 3136 αύτῦν
626 3069 796 3148 τοιαύταις
815 3073 1041 3157 βλασφημίαις
1059 3070 1241 3155 χρωμένων

285 3172 371 3248 οἳαις
386 3193 448 3253 περ
464 3164 551 3246 είκδς
562 3166 641 3245 τοῦς
653 3168 885 3254 χαλεπάτερον
900 3166 962 3254 μὲν
975 3172 1044 3235 τῶν
1058 3163 1171 3235 ἀλλων
1185 3172 1241 3235 δε-

284 3265 524 3353 δουλευκότας,
547 3270 580 3347 ἐξ
596 3276 672 3334 ῖσου
687 3267 724 3335 δέ
745 3272 812 3335 νῦν
828 3264 887 3346 τὰς
906 3265 1082 3351 συνθήκας
1100 3278 1169 3344 τοῖς
1185 3268 1239 3332 δε-

284 3367 421 3442 σπόταις
440 3367 700 3451 πεποιημένους·
731 3362 786 3451 ἐφ’
805 3360 857 3444 αἷς
871 3369 1010 3444 ἕκαστος
1023 3361 1120 3452 ἡμῶν
1134 3361 1241 3442 οὕτως

284 3460 327 3531 ἀν
347 3462 541 3552 ἀλγήσειεν,
566 3461 610 3544 ἀς
625 3461 736 3543 οὐδεὶς
757 3460 802 3531 ἀν
821 3472 890 3533 τῶν
911 3466 1044 3546 (άντων
1059 3459 1116 3530 διά
1135 3460 1241 3546 λόγου

235 3574 267 3631 97
283 3563 473 3649 δηλώσειεν.
508 3560 594 3649 ὑπὲρ
617 3554 666 3630 ἀν
686 3560 747 3649 χρή
771 3565 998 3651 βουλεύεσθαι
1018 3563 1074 3631 καί
1094 3558 1139 3648 μή
1165 3555 1267 3629 τότό

282 3656 498 3747 ἀγανακτεῖν,
522 3659 572 3729 ὅτ’
589 3658 690 3730 οὐδέν
709 3660 790 3749 ἡμῖν
810 3667 901 3731 ἔσται
921 3664 1040 3747 πλέον,
1065 3657 1150 3731 ἀλλά
1172 3668 1239 3729 νῦν
