<?xml version="1.0" encoding="UTF-8"?>
<!DOCTYPE html PUBLIC "-//W3C//DTD XHTML 1.0 Transitional//EN"
    "http://www.w3.org/TR/xhtml1/DTD/xhtml1-transitional.dtd">
<html xmlns="http://www.w3.org/1999/xhtml" xml:lang="en" lang="en">
 <head>
  <title>
</title>
<meta http-equiv="Content-Type" content="text/html;charset=utf-8" />
  <meta name='ocr-system' content='tesseract 3.04.00' />
  <meta name='ocr-capabilities' content='ocr_page ocr_carea ocr_par ocr_line ocrx_word'/>
</head>
<body>
  <div class='ocr_page' id='page_1' title='image "./orationes00isgoog_0570.png"; bbox 0 0 2859 4334; ppageno 0'>
   <div class='ocr_carea' id='block_1_1' title="bbox 502 366 1168 431">
    <p class='ocr_par' dir='ltr' id='par_1_1' title="bbox 502 366 1168 431">
     <span class='ocr_line' id='line_1_1' title="bbox 502 366 1168 431; baseline 0.006 -5"><span class='ocrx_word' id='word_1_1' title='bbox 502 369 885 428; x_wconf 81' lang='grc' dir='ltr'><strong><em>ΤΡΑΠΕΖΙΤΙΚΟΣ,</em></strong></span> <span class='ocrx_word' id='word_1_2' title='bbox 1107 366 1168 431; x_wconf 82' lang='grc'><strong><em>197</em></strong></span> 
     </span>
    </p>
   </div>
   <div class='ocr_carea' id='block_1_2' title="bbox 158 522 1231 3688">
    <p class='ocr_par' dir='ltr' id='par_1_2' title="bbox 158 522 1231 3688">
     <span class='ocr_line' id='line_1_2' title="bbox 217 522 1168 616; baseline 0.001 -20"><span class='ocrx_word' id='word_1_3' title='bbox 217 526 287 608; x_wconf 73' lang='grc' dir='ltr'><strong><em>οἷός</em></strong></span> <span class='ocrx_word' id='word_1_4' title='bbox 300 526 330 596; x_wconf 88' lang='grc' dir='ltr'><strong><em>τ’</em></strong></span> <span class='ocrx_word' id='word_1_5' title='bbox 346 522 399 616; x_wconf 87' lang='grc' dir='ltr'><strong><em>ήν,</em></strong></span> <span class='ocrx_word' id='word_1_6' title='bbox 416 527 544 597; x_wconf 76' lang='grc' dir='ltr'><strong><em>ἅπανθ’</em></strong></span> <span class='ocrx_word' id='word_1_7' title='bbox 562 527 642 614; x_wconf 75' lang='grc' dir='ltr'><strong><em>ύμῖν</em></strong></span> <span class='ocrx_word' id='word_1_8' title='bbox 659 536 786 611; x_wconf 84' lang='grc' dir='ltr'><strong><em>είρηκα.</em></strong></span> <span class='ocrx_word' id='word_1_9' title='bbox 810 523 959 613; x_wconf 82' lang='grc' dir='ltr'><strong><em>ἡγουμαι</em></strong></span> <span class='ocrx_word' id='word_1_10' title='bbox 981 528 1018 596; x_wconf 71' lang='grc' dir='ltr'><strong><em>δὲ</em></strong></span> <span class='ocrx_word' id='word_1_11' title='bbox 1031 535 1168 597; x_wconf 84' lang='grc' dir='ltr'><strong><em>Πασίω-</em></strong></span> 
     </span>
     <span class='ocr_line' id='line_1_3' title="bbox 215 620 1167 714; baseline 0.002 -21"><span class='ocrx_word' id='word_1_12' title='bbox 215 634 269 708; x_wconf 90' lang='grc' dir='ltr'><strong><em>ν’,</em></strong></span> <span class='ocrx_word' id='word_1_13' title='bbox 285 620 311 699; x_wconf 75' lang='grc' dir='ltr'><strong><em>ὦ</em></strong></span> <span class='ocrx_word' id='word_1_14' title='bbox 326 625 446 711; x_wconf 76' lang='grc' dir='ltr'><strong><em>ἄνδρες</em></strong></span> <span class='ocrx_word' id='word_1_15' title='bbox 459 630 627 712; x_wconf 80' lang='grc' dir='ltr'><strong><em>δικασταί,</em></strong></span> <span class='ocrx_word' id='word_1_16' title='bbox 647 629 684 693; x_wconf 80' lang='grc' dir='ltr'><strong><em>ἐκ</em></strong></span> <span class='ocrx_word' id='word_1_17' title='bbox 705 631 768 694; x_wconf 86' lang='grc' dir='ltr'><strong><em>τοῦ</em></strong></span> <span class='ocrx_word' id='word_1_18' title='bbox 790 629 1045 714; x_wconf 78' lang='grc' dir='ltr'><strong><em>διεφθαρμένου</em></strong></span> <span class='ocrx_word' id='word_1_19' title='bbox 1058 654 1167 714; x_wconf 88' lang='grc' dir='ltr'><strong><em>γραμ-</em></strong></span> 
     </span>
     <span class='ocr_line' id='line_1_4' title="bbox 214 726 1166 815; baseline -0.001 -19"><span class='ocrx_word' id='word_1_20' title='bbox 214 734 352 813; x_wconf 90' lang='grc' dir='ltr'><strong><em>ματείου</em></strong></span> <span class='ocrx_word' id='word_1_21' title='bbox 365 727 427 815; x_wconf 85' lang='grc' dir='ltr'><strong><em>τήν</em></strong></span> <span class='ocrx_word' id='word_1_22' title='bbox 442 726 626 813; x_wconf 82' lang='grc' dir='ltr'><strong><em>ἀπολογίαν</em></strong></span> <span class='ocrx_word' id='word_1_23' title='bbox 640 726 843 812; x_wconf 76' lang='grc' dir='ltr'><strong><em>ποιήσεσθαι</em></strong></span> <span class='ocrx_word' id='word_1_24' title='bbox 858 730 913 795; x_wconf 80' lang='grc' dir='ltr'><strong><em>καὶ</em></strong></span> <span class='ocrx_word' id='word_1_25' title='bbox 926 729 1058 807; x_wconf 80' lang='grc' dir='ltr'><strong><em>τούτοις</em></strong></span> <span class='ocrx_word' id='word_1_26' title='bbox 1071 734 1166 815; x_wconf 78' lang='grc' dir='ltr'><strong><em>ίσχυ-</em></strong></span> 
     </span>
     <span class='ocr_line' id='line_1_5' title="bbox 215 817 1165 913; baseline 0.002 -21"><span class='ocrx_word' id='word_1_27' title='bbox 215 836 362 912; x_wconf 86' lang='grc' dir='ltr'><strong><em>ριεῑσθαι</em></strong></span> <span class='ocrx_word' id='word_1_28' title='bbox 378 826 529 913; x_wconf 86' lang='grc' dir='ltr'><strong><em>μάλιστα.</em></strong></span> <span class='ocrx_word' id='word_1_29' title='bbox 555 823 648 910; x_wconf 79' lang='grc' dir='ltr'><strong><em>ύμελς</em></strong></span> <span class='ocrx_word' id='word_1_30' title='bbox 665 817 729 892; x_wconf 81' lang='grc' dir='ltr'><strong><em>οὖν</em></strong></span> <span class='ocrx_word' id='word_1_31' title='bbox 743 850 801 910; x_wconf 92' lang='grc' dir='ltr'><strong><em>μοι</em></strong></span> <span class='ocrx_word' id='word_1_32' title='bbox 811 822 872 894; x_wconf 87' lang='grc' dir='ltr'><strong><em>τόν</em></strong></span> <span class='ocrx_word' id='word_1_33' title='bbox 883 833 969 893; x_wconf 87' lang='grc' dir='ltr'><strong><em>νοῦν</em></strong></span> <span class='ocrx_word' id='word_1_34' title='bbox 980 828 1165 912; x_wconf 77' lang='grc' dir='ltr'><strong><em>προσέχετε·</em></strong></span> 
     </span>
     <span class='ocr_line' id='line_1_6' title="bbox 214 922 1167 1014; baseline 0.003 -21"><span class='ocrx_word' id='word_1_35' title='bbox 214 926 305 1013; x_wconf 82' lang='grc' dir='ltr'><strong><em>οἶμαι</em></strong></span> <span class='ocrx_word' id='word_1_36' title='bbox 326 923 391 1013; x_wconf 82' lang='grc' dir='ltr'><strong><em>γάρ</em></strong></span> <span class='ocrx_word' id='word_1_37' title='bbox 412 930 445 1005; x_wconf 79' lang='grc' dir='ltr'><strong><em>ἐξ</em></strong></span> <span class='ocrx_word' id='word_1_38' title='bbox 466 924 579 994; x_wconf 76' lang='grc' dir='ltr'><strong><em>αὐτόν</em></strong></span> <span class='ocrx_word' id='word_1_39' title='bbox 598 925 730 993; x_wconf 91' lang='grc' dir='ltr'><strong><em>τούτων</em></strong></span> <span class='ocrx_word' id='word_1_40' title='bbox 751 923 904 1010; x_wconf 87' lang='grc' dir='ltr'><strong><em>φανεράν</em></strong></span> <span class='ocrx_word' id='word_1_41' title='bbox 919 922 1001 1011; x_wconf 72' lang='grc' dir='ltr'><strong><em>ὑμῖν</em></strong></span> <span class='ocrx_word' id='word_1_42' title='bbox 1015 928 1167 1014; x_wconf 82' lang='grc' dir='ltr'><strong><em>ποιήσειν</em></strong></span> 
     </span>
     <span class='ocr_line' id='line_1_7' title="bbox 213 1021 1194 1110; baseline 0.006 -19"><span class='ocrx_word' id='word_1_43' title='bbox 213 1021 277 1110; x_wconf 82' lang='grc' dir='ltr'><strong><em>τήν</em></strong></span> <span class='ocrx_word' id='word_1_44' title='bbox 291 1024 414 1092; x_wconf 90' lang='grc' dir='ltr'><strong><em>τούτου</em></strong></span> <span class='ocrx_word' id='word_1_45' title='bbox 429 1033 604 1110; x_wconf 89' lang='grc' dir='ltr'><strong><em>πονηρίαν.</em></strong></span> <span class='ocrx_word' id='word_1_46' title='bbox 1178 1058 1194 1097; x_wconf 91' lang='grc' dir='ltr'><strong><em>ε</em></strong></span> 
     </span>
     <span class='ocr_line' id='line_1_8' title="bbox 162 1121 1167 1210; baseline -0.001 -18"><span class='ocrx_word' id='word_1_47' title='bbox 162 1140 200 1192; x_wconf 79' lang='lat'><strong><em>25</em></strong></span> <span class='ocrx_word' id='word_1_48' title='bbox 300 1124 381 1203; x_wconf 82' lang='grc' dir='ltr'><strong><em>(ιδ’.)</em></strong></span> <span class='ocrx_word' id='word_1_49' title='bbox 404 1130 545 1208; x_wconf 76' lang='grc' dir='ltr'><strong><em>Πρῶτον</em></strong></span> <span class='ocrx_word' id='word_1_50' title='bbox 562 1121 597 1191; x_wconf 89' lang='grc' dir='ltr'><strong><em>δ’</em></strong></span> <span class='ocrx_word' id='word_1_51' title='bbox 616 1126 651 1191; x_wconf 79' lang='grc' dir='ltr'><strong><em>ἐκ</em></strong></span> <span class='ocrx_word' id='word_1_52' title='bbox 667 1124 791 1190; x_wconf 88' lang='grc' dir='ltr'><strong><em>τούτου</em></strong></span> <span class='ocrx_word' id='word_1_53' title='bbox 806 1135 995 1192; x_wconf 73' lang='grc' dir='ltr'><strong><em>σκοπεῖσθε.</em></strong></span> <span class='ocrx_word' id='word_1_54' title='bbox 1025 1123 1080 1193; x_wconf 88' lang='grc' dir='ltr'><strong><em>ότε</em></strong></span> <span class='ocrx_word' id='word_1_55' title='bbox 1101 1121 1167 1210; x_wconf 83' lang='grc' dir='ltr'><strong><em>γάρ</em></strong></span> 
     </span>
     <span class='ocr_line' id='line_1_9' title="bbox 214 1216 1163 1316; baseline 0.001 -27"><span class='ocrx_word' id='word_1_56' title='bbox 214 1225 369 1308; x_wconf 81' lang='grc' dir='ltr'><strong><em>ἐδίδομεν</em></strong></span> <span class='ocrx_word' id='word_1_57' title='bbox 388 1227 435 1316; x_wconf 75' lang='grc' dir='ltr'><strong><em>τῷ</em></strong></span> <span class='ocrx_word' id='word_1_58' title='bbox 449 1223 534 1314; x_wconf 80' lang='grc' dir='ltr'><strong><em>ξένῳ</em></strong></span> <span class='ocrx_word' id='word_1_59' title='bbox 547 1218 608 1309; x_wconf 84' lang='grc' dir='ltr'><strong><em>τήν</em></strong></span> <span class='ocrx_word' id='word_1_60' title='bbox 621 1219 811 1305; x_wconf 89' lang='grc' dir='ltr'><strong><em>συνθήκην,</em></strong></span> <span class='ocrx_word' id='word_1_61' title='bbox 833 1219 916 1291; x_wconf 86' lang='grc' dir='ltr'><strong><em>καθ’</em></strong></span> <span class='ocrx_word' id='word_1_62' title='bbox 932 1222 975 1310; x_wconf 80' lang='grc' dir='ltr'><strong><em>ἣν</em></strong></span> <span class='ocrx_word' id='word_1_63' title='bbox 990 1216 1090 1302; x_wconf 82' lang='grc' dir='ltr'><strong><em>οὗτος</em></strong></span> <span class='ocrx_word' id='word_1_64' title='bbox 1100 1226 1163 1309; x_wconf 77' lang='grc' dir='ltr'><strong><em>μὲν</em></strong></span> 
     </span>
     <span class='ocr_line' id='line_1_10' title="bbox 212 1318 1166 1409; baseline 0.003 -22"><span class='ocrx_word' id='word_1_65' title='bbox 212 1318 377 1406; x_wconf 85' lang='grc' dir='ltr'><strong><em>άφεῑσθαί</em></strong></span> <span class='ocrx_word' id='word_1_66' title='bbox 394 1339 476 1407; x_wconf 89' lang='grc' dir='ltr'><strong><em>φησι</em></strong></span> <span class='ocrx_word' id='word_1_67' title='bbox 498 1328 566 1387; x_wconf 81' lang='grc' dir='ltr'><strong><em>τῶν</em></strong></span> <span class='ocrx_word' id='word_1_68' title='bbox 590 1321 824 1407; x_wconf 77' lang='grc' dir='ltr'><strong><em>ἐγκλημάτων,</em></strong></span> <span class='ocrx_word' id='word_1_69' title='bbox 847 1322 912 1407; x_wconf 82' lang='grc' dir='ltr'><strong><em>έγιδ</em></strong></span> <span class='ocrx_word' id='word_1_70' title='bbox 933 1321 964 1390; x_wconf 90' lang='grc' dir='ltr'><strong><em>δ’</em></strong></span> <span class='ocrx_word' id='word_1_71' title='bbox 983 1321 1027 1401; x_wconf 77' lang='grc' dir='ltr'><strong><em>ὡς</em></strong></span> <span class='ocrx_word' id='word_1_72' title='bbox 1042 1327 1109 1392; x_wconf 76' lang='grc' dir='ltr'><strong><em>ἔδει</em></strong></span> <span class='ocrx_word' id='word_1_73' title='bbox 1126 1349 1166 1409; x_wconf 87' lang='grc' dir='ltr'><strong><em>με</em></strong></span> 
     </span>
     <span class='ocr_line' id='line_1_11' title="bbox 213 1415 1166 1508; baseline 0.001 -21"><span class='ocrx_word' id='word_1_74' title='bbox 213 1418 304 1503; x_wconf 78' lang='grc' dir='ltr'><strong><em>παρὰ</em></strong></span> <span class='ocrx_word' id='word_1_75' title='bbox 319 1420 442 1487; x_wconf 89' lang='grc' dir='ltr'><strong><em>τούτου</em></strong></span> <span class='ocrx_word' id='word_1_76' title='bbox 457 1428 660 1505; x_wconf 88' lang='grc' dir='ltr'><strong><em>κομίσασθαι</em></strong></span> <span class='ocrx_word' id='word_1_77' title='bbox 674 1415 711 1487; x_wconf 86' lang='grc' dir='ltr'><strong><em>τό</em></strong></span> <span class='ocrx_word' id='word_1_78' title='bbox 727 1427 877 1506; x_wconf 84' lang='grc' dir='ltr'><strong><em>χρυσίον,</em></strong></span> <span class='ocrx_word' id='word_1_79' title='bbox 893 1422 1091 1508; x_wconf 77' lang='grc' dir='ltr'><strong><em>ἐκελεύομεν</em></strong></span> <span class='ocrx_word' id='word_1_80' title='bbox 1105 1420 1166 1490; x_wconf 85' lang='grc' dir='ltr'><strong><em>τόν</em></strong></span> 
     </span>
     <span class='ocr_line' id='line_1_12' title="bbox 213 1516 1165 1607; baseline 0.004 -22"><span class='ocrx_word' id='word_1_81' title='bbox 213 1523 319 1602; x_wconf 80' lang='grc' dir='ltr'><strong><em>ξένον,</em></strong></span> <span class='ocrx_word' id='word_1_82' title='bbox 334 1516 394 1586; x_wconf 79' lang='grc' dir='ltr'><strong><em>ἐάν</em></strong></span> <span class='ocrx_word' id='word_1_83' title='bbox 409 1520 472 1605; x_wconf 74' lang='grc' dir='ltr'><strong><em>μὲν</em></strong></span> <span class='ocrx_word' id='word_1_84' title='bbox 486 1523 718 1605; x_wconf 78' lang='grc' dir='ltr'><strong><em>διαλλαγῶμεν</em></strong></span> <span class='ocrx_word' id='word_1_85' title='bbox 737 1517 821 1604; x_wconf 86' lang='grc' dir='ltr'><strong><em>πρὸς</em></strong></span> <span class='ocrx_word' id='word_1_86' title='bbox 842 1518 926 1607; x_wconf 76' lang='grc' dir='ltr'><strong><em>ἡμᾶς</em></strong></span> <span class='ocrx_word' id='word_1_87' title='bbox 940 1519 1081 1607; x_wconf 88' lang='grc' dir='ltr'><strong><em>αύτούς,</em></strong></span> <span class='ocrx_word' id='word_1_88' title='bbox 1103 1549 1165 1589; x_wconf 88' lang='grc' dir='ltr'><strong><em>κα·</em></strong></span> 
     </span>
     <span class='ocr_line' id='line_1_13' title="bbox 211 1616 1165 1709; baseline 0.002 -24"><span class='ocrx_word' id='word_1_89' title='bbox 211 1626 376 1686; x_wconf 83' lang='grc' dir='ltr'><strong><em>τακαύσαι</em></strong></span> <span class='ocrx_word' id='word_1_90' title='bbox 391 1616 428 1686; x_wconf 82' lang='grc' dir='ltr'><strong><em>τό</em></strong></span> <span class='ocrx_word' id='word_1_91' title='bbox 443 1632 678 1705; x_wconf 77' lang='grc' dir='ltr'><strong><em>γραμματεῖον,</em></strong></span> <span class='ocrx_word' id='word_1_92' title='bbox 698 1624 729 1686; x_wconf 85' lang='grc' dir='ltr'><strong><em>εί</em></strong></span> <span class='ocrx_word' id='word_1_93' title='bbox 737 1617 775 1687; x_wconf 68' lang='grc' dir='ltr'><strong><em>δὲ</em></strong></span> <span class='ocrx_word' id='word_1_94' title='bbox 785 1617 842 1705; x_wconf 85' lang='grc' dir='ltr'><strong><em>μή,</em></strong></span> <span class='ocrx_word' id='word_1_95' title='bbox 858 1621 1004 1709; x_wconf 87' lang='grc' dir='ltr'><strong><em>Σατύρῳ</em></strong></span> <span class='ocrx_word' id='word_1_96' title='bbox 1015 1618 1165 1688; x_wconf 84' lang='grc' dir='ltr'><strong><em>άποδοῦ-</em></strong></span> 
     </span>
     <span class='ocr_line' id='line_1_14' title="bbox 212 1713 1165 1805; baseline 0.002 -21"><span class='ocrx_word' id='word_1_97' title='bbox 212 1744 285 1785; x_wconf 91' lang='grc' dir='ltr'><strong><em>ναι·</em></strong></span> <span class='ocrx_word' id='word_1_98' title='bbox 306 1719 361 1785; x_wconf 83' lang='grc' dir='ltr'><strong><em>καὶ</em></strong></span> <span class='ocrx_word' id='word_1_99' title='bbox 383 1725 486 1784; x_wconf 87' lang='grc' dir='ltr'><strong><em>ταῦτα</em></strong></span> <span class='ocrx_word' id='word_1_100' title='bbox 506 1720 654 1804; x_wconf 65' lang='grc' dir='ltr'><strong><em>ῥηθῆναι</em></strong></span> <span class='ocrx_word' id='word_1_101' title='bbox 674 1714 735 1784; x_wconf 86' lang='grc' dir='ltr'><strong><em>ὑπ’</em></strong></span> <span class='ocrx_word' id='word_1_102' title='bbox 757 1713 957 1803; x_wconf 87' lang='grc' dir='ltr'><strong><em>άμφοτέρων</em></strong></span> <span class='ocrx_word' id='word_1_103' title='bbox 970 1717 1066 1804; x_wconf 79' lang='grc' dir='ltr'><strong><em>ήμῶν</em></strong></span> <span class='ocrx_word' id='word_1_104' title='bbox 1082 1716 1165 1805; x_wconf 89' lang='grc' dir='ltr'><strong><em>ὁμο-</em></strong></span> 
     </span>
     <span class='ocr_line' id='line_1_15' title="bbox 158 1808 1162 1903; baseline -0.001 -18"><span class='ocrx_word' id='word_1_105' title='bbox 158 1831 196 1885; x_wconf 72' lang='lat'><strong><em>2⁶</em></strong></span> <span class='ocrx_word' id='word_1_106' title='bbox 211 1826 365 1903; x_wconf 75' lang='grc' dir='ltr'><strong><em>λογείται.</em></strong></span> <span class='ocrx_word' id='word_1_107' title='bbox 399 1824 506 1883; x_wconf 91' lang='grc' dir='ltr'><strong><em>καίτοι</em></strong></span> <span class='ocrx_word' id='word_1_108' title='bbox 534 1825 568 1884; x_wconf 89' lang='grc' dir='ltr'><strong><em>τί</em></strong></span> <span class='ocrx_word' id='word_1_109' title='bbox 590 1817 776 1901; x_wconf 86' lang='grc' dir='ltr'><strong><em>μαθόντες,</em></strong></span> <span class='ocrx_word' id='word_1_110' title='bbox 803 1808 830 1883; x_wconf 80' lang='grc' dir='ltr'><strong><em>ά</em></strong></span> <span class='ocrx_word' id='word_1_111' title='bbox 857 1814 979 1900; x_wconf 75' lang='grc' dir='ltr'><strong><em>ἄνδρες</em></strong></span> <span class='ocrx_word' id='word_1_112' title='bbox 1001 1819 1162 1902; x_wconf 72' lang='grc' dir='ltr'><strong><em>δικασταὶ,</em></strong></span> 
     </span>
     <span class='ocr_line' id='line_1_16' title="bbox 213 1915 1231 2007; baseline 0.002 -22"><span class='ocrx_word' id='word_1_113' title='bbox 213 1917 480 2003; x_wconf 87' lang='grc' dir='ltr'><strong><em>προσετάττομεν</em></strong></span> <span class='ocrx_word' id='word_1_114' title='bbox 502 1915 690 1985; x_wconf 86' lang='grc' dir='ltr'><strong><em>άποδοῦναι</em></strong></span> <span class='ocrx_word' id='word_1_115' title='bbox 709 1917 853 2007; x_wconf 88' lang='grc' dir='ltr'><strong><em>Σατύρῳ</em></strong></span> <span class='ocrx_word' id='word_1_116' title='bbox 874 1916 911 1985; x_wconf 86' lang='grc' dir='ltr'><strong><em>τό</em></strong></span> <span class='ocrx_word' id='word_1_117' title='bbox 926 1933 1163 2004; x_wconf 74' lang='grc' dir='ltr'><strong><em>γραμματείου,</em></strong></span> <span class='ocrx_word' id='word_1_118' title='bbox 1177 1930 1231 1987; x_wconf 74' lang='grc' dir='ltr'><strong><em>θδλ</em></strong></span> 
     </span>
     <span class='ocr_line' id='line_1_17' title="bbox 214 2013 1163 2107; baseline 0.001 -26"><span class='ocrx_word' id='word_1_119' title='bbox 214 2013 259 2090; x_wconf 74' lang='grc' dir='ltr'><strong><em>ἂν</em></strong></span> <span class='ocrx_word' id='word_1_120' title='bbox 281 2014 326 2107; x_wconf 75' lang='grc' dir='ltr'><strong><em>μὴ</em></strong></span> <span class='ocrx_word' id='word_1_121' title='bbox 350 2020 591 2103; x_wconf 82' lang='grc' dir='ltr'><strong><em>διαλλαγῶμεν,</em></strong></span> <span class='ocrx_word' id='word_1_122' title='bbox 618 2026 709 2100; x_wconf 84' lang='grc' dir='ltr'><strong><em>είπερ</em></strong></span> <span class='ocrx_word' id='word_1_123' title='bbox 731 2013 984 2101; x_wconf 78' lang='grc' dir='ltr'><strong><em>ἀπηλλαγμένος</em></strong></span> <span class='ocrx_word' id='word_1_124' title='bbox 1002 2014 1067 2102; x_wconf 87' lang='grc' dir='ltr'><strong><em>ήδη</em></strong></span> <span class='ocrx_word' id='word_1_125' title='bbox 1088 2023 1163 2084; x_wconf 87' lang='grc' dir='ltr'><strong><em>Πα-</em></strong></span> 
     </span>
     <span class='ocr_line' id='line_1_18' title="bbox 213 2106 1161 2202; baseline 0.001 -21"><span class='ocrx_word' id='word_1_126' title='bbox 213 2124 295 2182; x_wconf 89' lang='grc' dir='ltr'><strong><em>σίων</em></strong></span> <span class='ocrx_word' id='word_1_127' title='bbox 315 2106 359 2200; x_wconf 85' lang='grc' dir='ltr'><strong><em>ἦν</em></strong></span> <span class='ocrx_word' id='word_1_128' title='bbox 387 2121 455 2182; x_wconf 77' lang='grc' dir='ltr'><strong><em>τῶν</em></strong></span> <span class='ocrx_word' id='word_1_129' title='bbox 481 2116 698 2202; x_wconf 77' lang='grc' dir='ltr'><strong><em>ἐγκλημάτων</em></strong></span> <span class='ocrx_word' id='word_1_130' title='bbox 718 2117 773 2183; x_wconf 78' lang='grc' dir='ltr'><strong><em>καὶ</em></strong></span> <span class='ocrx_word' id='word_1_131' title='bbox 797 2116 890 2191; x_wconf 89' lang='grc' dir='ltr'><strong><em>τέλος</em></strong></span> <span class='ocrx_word' id='word_1_132' title='bbox 914 2112 1000 2200; x_wconf 78' lang='grc' dir='ltr'><strong><em>εἶχεν</em></strong></span> <span class='ocrx_word' id='word_1_133' title='bbox 1019 2111 1101 2202; x_wconf 76' lang='grc' dir='ltr'><strong><em>ἡμῖν</em></strong></span> <span class='ocrx_word' id='word_1_134' title='bbox 1124 2115 1161 2182; x_wconf 89' lang='grc' dir='ltr'><strong><em>τό</em></strong></span> 
     </span>
     <span class='ocr_line' id='line_1_19' title="bbox 213 2210 1162 2300; baseline 0 -20"><span class='ocrx_word' id='word_1_135' title='bbox 213 2220 366 2299; x_wconf 70' lang='grc' dir='ltr'><strong><em>πράγμας</em></strong></span> <span class='ocrx_word' id='word_1_136' title='bbox 377 2210 461 2282; x_wconf 86' lang='grc' dir='ltr'><strong><em>άλλά</em></strong></span> <span class='ocrx_word' id='word_1_137' title='bbox 473 2217 587 2300; x_wconf 79' lang='grc' dir='ltr'><strong><em>δῆλον,</em></strong></span> <span class='ocrx_word' id='word_1_138' title='bbox 600 2212 651 2282; x_wconf 86' lang='grc' dir='ltr'><strong><em>ότι</em></strong></span> <span class='ocrx_word' id='word_1_139' title='bbox 661 2214 783 2292; x_wconf 88' lang='grc' dir='ltr'><strong><em>ταύτας</em></strong></span> <span class='ocrx_word' id='word_1_140' title='bbox 793 2213 851 2290; x_wconf 84' lang='grc' dir='ltr'><strong><em>τάς</em></strong></span> <span class='ocrx_word' id='word_1_141' title='bbox 863 2212 1037 2297; x_wconf 76' lang='grc' dir='ltr'><strong><em>συνθήκας</em></strong></span> <span class='ocrx_word' id='word_1_142' title='bbox 1048 2215 1162 2299; x_wconf 79' lang='grc' dir='ltr'><strong><em>ἐποιη-</em></strong></span> 
     </span>
     <span class='ocr_line' id='line_1_20' title="bbox 214 2306 1160 2397; baseline 0.001 -22"><span class='ocrx_word' id='word_1_143' title='bbox 214 2306 343 2394; x_wconf 90' lang='grc' dir='ltr'><strong><em>σάμεθ’</em></strong></span> <span class='ocrx_word' id='word_1_144' title='bbox 373 2308 417 2389; x_wconf 80' lang='grc' dir='ltr'><strong><em>ὡς</em></strong></span> <span class='ocrx_word' id='word_1_145' title='bbox 438 2308 634 2380; x_wconf 79' lang='grc' dir='ltr'><strong><em>ὑπολοίπων</em></strong></span> <span class='ocrx_word' id='word_1_146' title='bbox 655 2310 765 2379; x_wconf 84' lang='grc' dir='ltr'><strong><em>ὄντων</em></strong></span> <span class='ocrx_word' id='word_1_147' title='bbox 778 2308 858 2397; x_wconf 71' lang='grc' dir='ltr'><strong><em>ἡμῖν</em></strong></span> <span class='ocrx_word' id='word_1_148' title='bbox 875 2315 923 2378; x_wconf 76' lang='grc' dir='ltr'><strong><em>δτι</em></strong></span> <span class='ocrx_word' id='word_1_149' title='bbox 944 2309 1160 2396; x_wconf 84' lang='grc' dir='ltr'><strong><em>πραγμύτων,</em></strong></span> 
     </span>
     <span class='ocr_line' id='line_1_21' title="bbox 212 2401 1163 2496; baseline 0.001 -20"><span class='ocrx_word' id='word_1_150' title='bbox 212 2413 287 2492; x_wconf 81' lang='grc' dir='ltr'><strong><em>περὶ</em></strong></span> <span class='ocrx_word' id='word_1_151' title='bbox 308 2401 357 2477; x_wconf 79' lang='grc' dir='ltr'><strong><em>όν</em></strong></span> <span class='ocrx_word' id='word_1_152' title='bbox 375 2413 441 2478; x_wconf 80' lang='grc' dir='ltr'><strong><em>ἔδει</em></strong></span> <span class='ocrx_word' id='word_1_153' title='bbox 462 2418 585 2478; x_wconf 81' lang='grc' dir='ltr'><strong><em>τούτου</em></strong></span> <span class='ocrx_word' id='word_1_154' title='bbox 607 2406 692 2494; x_wconf 87' lang='grc' dir='ltr'><strong><em>πρός</em></strong></span> <span class='ocrx_word' id='word_1_155' title='bbox 713 2408 770 2496; x_wconf 68' lang='grc' dir='ltr'><strong><em>ἐμὲ</em></strong></span> <span class='ocrx_word' id='word_1_156' title='bbox 786 2407 869 2477; x_wconf 80' lang='grc' dir='ltr'><strong><em>κατὰ</em></strong></span> <span class='ocrx_word' id='word_1_157' title='bbox 883 2406 920 2475; x_wconf 90' lang='grc' dir='ltr'><strong><em>τό</em></strong></span> <span class='ocrx_word' id='word_1_158' title='bbox 938 2424 1163 2495; x_wconf 78' lang='grc' dir='ltr'><strong><em>γραμματεῖον</em></strong></span> 
     </span>
     <span class='ocr_line' id='line_1_22' title="bbox 161 2501 1162 2596; baseline 0.001 -21"><span class='ocrx_word' id='word_1_159' title='bbox 161 2523 197 2578; x_wconf 73' lang='lat'><strong><em>27</em></strong></span> <span class='ocrx_word' id='word_1_160' title='bbox 215 2509 450 2577; x_wconf 87' lang='grc' dir='ltr'><strong><em>διαλύσασθαι.</em></strong></span> <span class='ocrx_word' id='word_1_161' title='bbox 475 2507 578 2578; x_wconf 72' lang='grc' dir='ltr'><strong><em>ἔπειτ’</em></strong></span> <span class='ocrx_word' id='word_1_162' title='bbox 609 2509 672 2596; x_wconf 80' lang='grc' dir='ltr'><strong><em>έγώ</em></strong></span> <span class='ocrx_word' id='word_1_163' title='bbox 698 2511 778 2596; x_wconf 72' lang='grc' dir='ltr'><strong><em>μὲν,</em></strong></span> <span class='ocrx_word' id='word_1_164' title='bbox 804 2501 830 2576; x_wconf 84' lang='grc' dir='ltr'><strong><em>ό</em></strong></span> <span class='ocrx_word' id='word_1_165' title='bbox 855 2506 975 2592; x_wconf 76' lang='grc' dir='ltr'><strong><em>ἄνδρες</em></strong></span> <span class='ocrx_word' id='word_1_166' title='bbox 1001 2510 1162 2594; x_wconf 80' lang='grc' dir='ltr'><strong><em>δικασταὶ,</em></strong></span> 
     </span>
     <span class='ocr_line' id='line_1_23' title="bbox 212 2600 1162 2694; baseline 0.001 -21"><span class='ocrx_word' id='word_1_167' title='bbox 212 2613 274 2693; x_wconf 85' lang='grc' dir='ltr'><strong><em>ἔχω</em></strong></span> <span class='ocrx_word' id='word_1_168' title='bbox 289 2604 347 2685; x_wconf 81' lang='grc' dir='ltr'><strong><em>τάς</em></strong></span> <span class='ocrx_word' id='word_1_169' title='bbox 360 2613 466 2687; x_wconf 83' lang='grc' dir='ltr'><strong><em>αλτίας</em></strong></span> <span class='ocrx_word' id='word_1_170' title='bbox 482 2614 596 2694; x_wconf 79' lang='grc' dir='ltr'><strong><em>εἰπεῖν,</em></strong></span> <span class='ocrx_word' id='word_1_171' title='bbox 613 2606 659 2677; x_wconf 88' lang='grc' dir='ltr'><strong><em>δι’</em></strong></span> <span class='ocrx_word' id='word_1_172' title='bbox 679 2607 718 2689; x_wconf 81' lang='grc' dir='ltr'><strong><em>άς</em></strong></span> <span class='ocrx_word' id='word_1_173' title='bbox 733 2600 830 2686; x_wconf 78' lang='grc' dir='ltr'><strong><em>οὗτος</em></strong></span> <span class='ocrx_word' id='word_1_174' title='bbox 846 2606 1062 2694; x_wconf 81' lang='grc' dir='ltr'><strong><em>ὡμολόγησεν</em></strong></span> <span class='ocrx_word' id='word_1_175' title='bbox 1076 2605 1162 2675; x_wconf 88' lang='grc' dir='ltr'><strong><em>άπο-</em></strong></span> 
     </span>
     <span class='ocr_line' id='line_1_24' title="bbox 211 2703 1191 2796; baseline 0.005 -25"><span class='ocrx_word' id='word_1_176' title='bbox 211 2705 334 2773; x_wconf 79' lang='grc' dir='ltr'><strong><em>δώσειν</em></strong></span> <span class='ocrx_word' id='word_1_177' title='bbox 348 2703 385 2774; x_wconf 90' lang='grc' dir='ltr'><strong><em>τό</em></strong></span> <span class='ocrx_word' id='word_1_178' title='bbox 401 2714 556 2792; x_wconf 80' lang='grc' dir='ltr'><strong><em>χρυσίον·</em></strong></span> <span class='ocrx_word' id='word_1_179' title='bbox 585 2711 654 2777; x_wconf 77' lang='grc' dir='ltr'><strong><em>ἐπεὶ</em></strong></span> <span class='ocrx_word' id='word_1_180' title='bbox 670 2706 736 2794; x_wconf 83' lang='grc' dir='ltr'><strong><em>γάρ</em></strong></span> <span class='ocrx_word' id='word_1_181' title='bbox 750 2706 844 2796; x_wconf 81' lang='grc' dir='ltr'><strong><em>ἡμεῖς</em></strong></span> <span class='ocrx_word' id='word_1_182' title='bbox 858 2733 893 2774; x_wconf 91' lang='grc' dir='ltr'><strong><em>τε</em></strong></span> <span class='ocrx_word' id='word_1_183' title='bbox 907 2715 976 2774; x_wconf 80' lang='grc' dir='ltr'><strong><em>τῶν</em></strong></span> <span class='ocrx_word' id='word_1_184' title='bbox 990 2704 1074 2793; x_wconf 87' lang='grc' dir='ltr'><strong><em>πρός</em></strong></span> <span class='ocrx_word' id='word_1_185' title='bbox 1086 2707 1191 2781; x_wconf 80' lang='grc' dir='ltr'><strong><em>Σά-Ιι</em></strong></span> 
     </span>
     <span class='ocr_line' id='line_1_25' title="bbox 210 2804 1161 2895; baseline 0.003 -24"><span class='ocrx_word' id='word_1_186' title='bbox 210 2830 315 2889; x_wconf 89' lang='grc' dir='ltr'><strong><em>τυρον</em></strong></span> <span class='ocrx_word' id='word_1_187' title='bbox 337 2810 505 2894; x_wconf 72' lang='grc' dir='ltr'><strong><em>διαβολῶν</em></strong></span> <span class='ocrx_word' id='word_1_188' title='bbox 525 2806 764 2895; x_wconf 80' lang='grc' dir='ltr'><strong><em>ἀπηλλάγημεν</em></strong></span> <span class='ocrx_word' id='word_1_189' title='bbox 790 2809 843 2875; x_wconf 76' lang='grc' dir='ltr'><strong><em>καί</em></strong></span> <span class='ocrx_word' id='word_1_190' title='bbox 870 2804 930 2874; x_wconf 86' lang='grc' dir='ltr'><strong><em>τόν</em></strong></span> <span class='ocrx_word' id='word_1_191' title='bbox 952 2813 1074 2873; x_wconf 84' lang='grc' dir='ltr'><strong><em>Κίττον</em></strong></span> <span class='ocrx_word' id='word_1_192' title='bbox 1099 2804 1161 2892; x_wconf 84' lang='grc' dir='ltr'><strong><em>ούχ</em></strong></span> 
     </span>
     <span class='ocr_line' id='line_1_26' title="bbox 210 2898 1160 2992; baseline 0.004 -24"><span class='ocrx_word' id='word_1_193' title='bbox 210 2898 280 2981; x_wconf 85' lang='grc' dir='ltr'><strong><em>οἷός</em></strong></span> <span class='ocrx_word' id='word_1_194' title='bbox 297 2901 326 2969; x_wconf 93' lang='grc' dir='ltr'><strong><em>τ’</em></strong></span> <span class='ocrx_word' id='word_1_195' title='bbox 345 2906 473 2989; x_wconf 79' lang='grc' dir='ltr'><strong><em>ἐγένετ’</em></strong></span> <span class='ocrx_word' id='word_1_196' title='bbox 490 2904 663 2992; x_wconf 88' lang='grc' dir='ltr'><strong><em>άφαυίσαι,</em></strong></span> <span class='ocrx_word' id='word_1_197' title='bbox 679 2904 739 2975; x_wconf 89' lang='grc' dir='ltr'><strong><em>τόν</em></strong></span> <span class='ocrx_word' id='word_1_198' title='bbox 749 2905 926 2973; x_wconf 86' lang='grc' dir='ltr'><strong><em>συνειδότα</em></strong></span> <span class='ocrx_word' id='word_1_199' title='bbox 937 2907 1012 2988; x_wconf 82' lang='grc' dir='ltr'><strong><em>περὶ</em></strong></span> <span class='ocrx_word' id='word_1_200' title='bbox 1027 2911 1083 2992; x_wconf 81' lang='grc' dir='ltr'><strong><em>τῆς</em></strong></span> <span class='ocrx_word' id='word_1_201' title='bbox 1095 2930 1160 2972; x_wconf 84' lang='grc' dir='ltr'><strong><em>κα-</em></strong></span> 
     </span>
     <span class='ocr_line' id='line_1_27' title="bbox 209 3002 1160 3092; baseline 0.006 -24"><span class='ocrx_word' id='word_1_202' title='bbox 209 3003 461 3089; x_wconf 85' lang='grc' dir='ltr'><strong><em>ραιιαταθήκης,</em></strong></span> <span class='ocrx_word' id='word_1_203' title='bbox 485 3002 712 3092; x_wconf 80' lang='grc' dir='ltr'><strong><em>ἡγησάμενος,</em></strong></span> <span class='ocrx_word' id='word_1_204' title='bbox 734 3011 765 3072; x_wconf 87' lang='grc' dir='ltr'><strong><em>εί</em></strong></span> <span class='ocrx_word' id='word_1_205' title='bbox 776 3004 839 3091; x_wconf 69' lang='grc' dir='ltr'><strong><em>μὲν</em></strong></span> <span class='ocrx_word' id='word_1_206' title='bbox 855 3007 966 3091; x_wconf 83' lang='grc' dir='ltr'><strong><em>έκδοίη</em></strong></span> <span class='ocrx_word' id='word_1_207' title='bbox 980 3002 1042 3072; x_wconf 88' lang='grc' dir='ltr'><strong><em>τόν</em></strong></span> <span class='ocrx_word' id='word_1_208' title='bbox 1057 3009 1160 3073; x_wconf 81' lang='grc' dir='ltr'><strong><em>παῖδα</em></strong></span> 
     </span>
     <span class='ocr_line' id='line_1_28' title="bbox 158 3101 1159 3191; baseline 0.004 -23"><span class='ocrx_word' id='word_1_209' title='bbox 158 3127 195 3181; x_wconf 68' lang='grc' dir='ltr'><strong><em>γε</em></strong></span> <span class='ocrx_word' id='word_1_210' title='bbox 209 3110 400 3188; x_wconf 76' lang='grc' dir='ltr'><strong><em>βασανίσαι,</em></strong></span> <span class='ocrx_word' id='word_1_211' title='bbox 416 3102 566 3188; x_wconf 82' lang='grc' dir='ltr'><strong><em>φανερὸς</em></strong></span> <span class='ocrx_word' id='word_1_212' title='bbox 581 3106 785 3191; x_wconf 88' lang='grc' dir='ltr'><strong><em>γενήσεσθαι</em></strong></span> <span class='ocrx_word' id='word_1_213' title='bbox 796 3110 1011 3190; x_wconf 80' lang='grc' dir='ltr'><strong><em>πανουργῶν,</em></strong></span> <span class='ocrx_word' id='word_1_214' title='bbox 1027 3110 1057 3171; x_wconf 87' lang='grc' dir='ltr'><strong><em>εί</em></strong></span> <span class='ocrx_word' id='word_1_215' title='bbox 1067 3103 1102 3172; x_wconf 69' lang='grc' dir='ltr'><strong><em>δὲ</em></strong></span> <span class='ocrx_word' id='word_1_216' title='bbox 1114 3101 1159 3191; x_wconf 82' lang='grc' dir='ltr'><strong><em>μή</em></strong></span> 
     </span>
     <span class='ocr_line' id='line_1_29' title="bbox 209 3197 1160 3291; baseline 0.003 -24"><span class='ocrx_word' id='word_1_217' title='bbox 209 3206 359 3287; x_wconf 86' lang='grc' dir='ltr'><strong><em>ποιήσειε</em></strong></span> <span class='ocrx_word' id='word_1_218' title='bbox 372 3197 487 3285; x_wconf 82' lang='grc' dir='ltr'><strong><em>ταῦτ’,</em></strong></span> <span class='ocrx_word' id='word_1_219' title='bbox 504 3201 665 3289; x_wconf 86' lang='grc' dir='ltr'><strong><em>ὀφλήσειν</em></strong></span> <span class='ocrx_word' id='word_1_220' title='bbox 680 3200 744 3290; x_wconf 82' lang='grc' dir='ltr'><strong><em>τήν</em></strong></span> <span class='ocrx_word' id='word_1_221' title='bbox 759 3207 873 3290; x_wconf 89' lang='grc' dir='ltr'><strong><em>δίκην,</em></strong></span> <span class='ocrx_word' id='word_1_222' title='bbox 889 3202 1061 3291; x_wconf 75' lang='grc' dir='ltr'><strong><em>ἐβουλήθη</em></strong></span> <span class='ocrx_word' id='word_1_223' title='bbox 1075 3200 1160 3289; x_wconf 84' lang='grc' dir='ltr'><strong><em>πρός</em></strong></span> 
     </span>
     <span class='ocr_line' id='line_1_30' title="bbox 213 3292 1158 3392; baseline -0.001 -19"><span class='ocrx_word' id='word_1_224' title='bbox 213 3298 322 3373; x_wconf 89' lang='grc' dir='ltr'><strong><em>αύτδν</em></strong></span> <span class='ocrx_word' id='word_1_225' title='bbox 349 3301 406 3392; x_wconf 72' lang='grc' dir='ltr'><strong><em>έμδ</em></strong></span> <span class='ocrx_word' id='word_1_226' title='bbox 428 3300 492 3390; x_wconf 77' lang='grc' dir='ltr'><strong><em>τήν</em></strong></span> <span class='ocrx_word' id='word_1_227' title='bbox 515 3298 713 3391; x_wconf 80' lang='grc' dir='ltr'><strong><em>άπαλλαγήν</em></strong></span> <span class='ocrx_word' id='word_1_228' title='bbox 733 3292 944 3388; x_wconf 87' lang='grc' dir='ltr'><strong><em>ποιήσασθαι.</em></strong></span> <span class='ocrx_word' id='word_1_229' title='bbox 979 3305 1103 3372; x_wconf 85' lang='grc' dir='ltr'><strong><em>τούτου</em></strong></span> <span class='ocrx_word' id='word_1_230' title='bbox 1119 3304 1158 3373; x_wconf 74' lang='grc' dir='ltr'><strong><em>δὲ</em></strong></span> 
     </span>
     <span class='ocr_line' id='line_1_31' title="bbox 213 3399 1157 3491; baseline 0 -16"><span class='ocrx_word' id='word_1_231' title='bbox 213 3402 390 3475; x_wconf 85' lang='grc' dir='ltr'><strong><em>κελεύσατ’</em></strong></span> <span class='ocrx_word' id='word_1_232' title='bbox 409 3400 602 3490; x_wconf 72' lang='grc' dir='ltr'><strong><em>ἀποδείξαι,</em></strong></span> <span class='ocrx_word' id='word_1_233' title='bbox 626 3411 663 3474; x_wconf 89' lang='grc' dir='ltr'><strong><em>τί</em></strong></span> <span class='ocrx_word' id='word_1_234' title='bbox 683 3408 872 3490; x_wconf 85' lang='grc' dir='ltr'><strong><em>κερδαίνων</em></strong></span> <span class='ocrx_word' id='word_1_235' title='bbox 895 3399 918 3491; x_wconf 79' lang='grc' dir='ltr'><em>ἢ</em></span> <span class='ocrx_word' id='word_1_236' title='bbox 941 3412 1018 3474; x_wconf 90' lang='grc' dir='ltr'><strong><em>τίνα</em></strong></span> <span class='ocrx_word' id='word_1_237' title='bbox 1039 3410 1157 3475; x_wconf 89' lang='grc' dir='ltr'><strong><em>κίνδυ·</em></strong></span> 
     </span>
     <span class='ocr_line' id='line_1_32' title="bbox 208 3498 1185 3588; baseline 0.006 -22"><span class='ocrx_word' id='word_1_238' title='bbox 208 3525 272 3566; x_wconf 94' lang='grc' dir='ltr'><strong><em>νον</em></strong></span> <span class='ocrx_word' id='word_1_239' title='bbox 290 3501 453 3586; x_wconf 76' lang='grc' dir='ltr'><strong><em>φοβηθεὶς</em></strong></span> <span class='ocrx_word' id='word_1_240' title='bbox 468 3498 572 3587; x_wconf 73' lang='grc' dir='ltr'><strong><em>ἀφῆκ’</em></strong></span> <span class='ocrx_word' id='word_1_241' title='bbox 590 3498 694 3568; x_wconf 87' lang='grc' dir='ltr'><strong><em>αύτόν</em></strong></span> <span class='ocrx_word' id='word_1_242' title='bbox 709 3508 777 3567; x_wconf 75' lang='grc' dir='ltr'><strong><em>τῶν</em></strong></span> <span class='ocrx_word' id='word_1_243' title='bbox 791 3503 1026 3588; x_wconf 72' lang='grc' dir='ltr'><strong><em>ἐγκλημάτωνς</em></strong></span> <span class='ocrx_word' id='word_1_244' title='bbox 1048 3500 1107 3572; x_wconf 84' lang='grc' dir='ltr'><strong><em>ἐάν</em></strong></span> <span class='ocrx_word' id='word_1_245' title='bbox 1123 3502 1185 3571; x_wconf 77' lang='grc' dir='ltr'><strong><em>δὲο</em></strong></span> 
     </span>
     <span class='ocr_line' id='line_1_33' title="bbox 209 3598 1158 3688; baseline 0.004 -23"><span class='ocrx_word' id='word_1_246' title='bbox 209 3600 315 3684; x_wconf 70' lang='grc' dir='ltr'><strong><em>μηδὲν</em></strong></span> <span class='ocrx_word' id='word_1_247' title='bbox 330 3606 386 3687; x_wconf 68' lang='lat' dir='ltr'><strong><em>Em</em></strong></span> <span class='ocrx_word' id='word_1_248' title='bbox 399 3601 529 3669; x_wconf 87' lang='grc' dir='ltr'><strong><em>τούτων</em></strong></span> <span class='ocrx_word' id='word_1_249' title='bbox 550 3599 632 3688; x_wconf 73' lang='grc' dir='ltr'><strong><em>ὑμῖν</em></strong></span> <span class='ocrx_word' id='word_1_250' title='bbox 651 3598 865 3688; x_wconf 79' lang='grc' dir='ltr'><strong><em>ἀποφαίνειν,</em></strong></span> <span class='ocrx_word' id='word_1_251' title='bbox 886 3608 956 3682; x_wconf 79' lang='grc' dir='ltr'><strong><em>πῶς</em></strong></span> <span class='ocrx_word' id='word_1_252' title='bbox 970 3598 1033 3670; x_wconf 91' lang='grc' dir='ltr'><strong><em>ούκ</em></strong></span> <span class='ocrx_word' id='word_1_253' title='bbox 1049 3598 1092 3669; x_wconf 82' lang='grc' dir='ltr'><strong><em>άν</em></strong></span> <span class='ocrx_word' id='word_1_254' title='bbox 1102 3606 1158 3670; x_wconf 85' lang='grc' dir='ltr'><strong><em>δι-</em></strong></span> 
     </span>
    </p>
   </div>
   <div class='ocr_carea' id='block_1_3' title="bbox 0 0 1434 4334">
    <p class='ocr_par' dir='ltr' id='par_1_3' title="bbox 0 0 1434 4334">
     <span class='ocr_line' id='line_1_34' title="bbox 0 0 1434 4334; baseline 0 6"><span class='ocrx_word' id='word_1_255' title='bbox 0 0 1434 4334; x_wconf 95' lang='lat' dir='ltr'><strong><em> </em></strong></span> 
     </span>
    </p>
   </div>
  </div>
 </body>
</html>
