2859 4334
292 428 352 491 164
570 432 812 490 ΙΣολΡΑΤο
822 433 884 488 νΣ
906 434 972 507 (ιο)

290 615 363 657 νειν
375 604 445 668 ταῖς
457 597 526 657 των
540 590 724 675 μαθόντων
739 589 794 657 διά
808 588 847 657 τό
857 592 939 677 μήτε
954 599 1001 681 τῷ
1014 600 1077 683 βίῳ
1092 618 1246 679 παρακο-

288 699 431 759 λουθεῖν
455 700 537 775 μητε
565 704 636 768 ταῖς
667 691 828 774 πράξεσιν
858 691 1044 777 ἐπαμύνειν
1079 691 1154 763 ἀλλ’
1184 701 1249 774 ἔξω

224 810 276 865 263
290 789 503 857 παντάπασιν
524 786 695 857 εἶναιτῶν
715 788 916 875 ἀναγκαίων.
948 789 1012 875 ἐγώ
1035 790 1068 858 δ’
1084 790 1250 867 ούθόύ·

293 915 357 967 τως
372 887 449 957 οὔτε
464 890 581 975 πόρρω
595 891 726 957 τούτων
740 896 870 975 ε’γνωκα
884 893 961 971 περὶ
977 887 1101 974 αύτων,
1117 889 1193 959 ἀλλ’
1213 895 1251 959 οἵ

293 1014 327 1055 τε
352 994 541 1073 νομίζοντες
563 990 666 1075 μηδὲν
691 999 857 1074 χρησίμην
887 987 1059 1075 εἶναιτὴν
1088 996 1247 1058 παιδείαν
1345 1025 1346 1034 ¹

293 1089 419 1173 ταύτην
438 1086 522 1172 πρός
542 1086 600 1167 τάς
614 1091 749 1174 πράξεις
762 1086 876 1171 ὀρθῶς
890 1115 947 1173 μοι
962 1092 1248 1175 δοκούσι,γιγνιύ-

293 1204 403 1271 σκειν,
433 1192 468 1255 οἳ
484 1186 514 1256 τ’
542 1192 757 1267 ἐπαινοῦντες
777 1186 885 1273 αὐτὴν
905 1186 1017 1274 ἀληθῆ
1038 1193 1157 1274 λέγειν.
1189 1188 1247 1256 διά

292 1294 390 1353 τουτο
406 1283 439 1353 δ’
462 1286 522 1371 ούχ
543 1284 816 1373 ὁμολογούμενον
838 1285 945 1353 αὐτόν
958 1284 1050 1377 αύτῷ
1064 1286 1126 1354 τόν
1141 1290 1248 1374 λόγον

294 1394 419 1470 εἴρηκα,
439 1386 523 1453 διότι
540 1388 595 1455 καὶ
611 1396 714 1453 ταῦτα
730 1386 770 1452 τά
787 1388 969 1472 μαθήματα
984 1385 1047 1472 τὴν
1061 1388 1171 1471 φύσιν
1183 1389 1247 1454 ού-

225 1496 279 1549 264
293 1484 352 1551 δὲν
366 1481 486 1567 ὁμοίαν
506 1492 572 1570 ἔχει
587 1501 654 1563 τοῖς
668 1485 782 1563 ἀλλοις
805 1481 855 1564 οἷς
868 1488 1108 1572 διδασκόμεθα.
1128 1487 1168 1554 τά
1185 1490 1249 1573 μὲν

292 1582 357 1669 γάρ
373 1584 456 1652 ἀλλα
471 1583 540 1651 τότ’
561 1582 703 1671 ἀφελεῖν
718 1584 805 1671 ἡμᾶς
815 1590 978 1671 πέφυκεν,
992 1585 1074 1654 ὅταν
1088 1589 1248 1673 λάβωμεν

292 1681 405 1751 αὐτῶν
421 1684 481 1769 τὴν
496 1686 690 1772 ἐπιστήμην,
706 1692 810 1753 ταῦτα
829 1684 956 1764 δὲτούς
968 1685 1032 1772 μὲν
1045 1684 1247 1772 ἀπηκριβω-

293 1784 415 1866 μίνους
435 1781 535 1851 οὐδὲν
553 1780 598 1851 ἀν
620 1782 846 1870 εύεργετησειε
873 1782 963 1869 πλὴν
984 1781 1063 1862 τούς
1083 1788 1250 1853 ἐντεῦθεν

295 1890 353 1965 ζην
377 1884 646 1967 προῃρημένους,
668 1880 748 1961 τούς
770 1881 816 1949 δὲ·
833 1884 1073 1969 μανθάνοντας
1094 1881 1247 1969 ὀνίνησι·

296 1982 371 2062 περὶ
393 1977 457 2063 γάρ
478 1979 539 2065 την
558 1989 811 2066 περιττολογίαν
833 1984 888 2049 καί
908 1980 970 2067 την
991 1979 1167 2067 ἀκρίβειαν
1190 1990 1250 2068 τῆς

228 2084 279 2137 '265
295 2077 510 2162 ἀστρολογίας
523 2083 577 2146 καὶ
593 2089 792 2167 γεωμετρίας
804 2087 1029 2166 διατρίβοντες
1045 2084 1101 2148 καὶ
1119 2087 1250 2148 δυσκα-

295 2178 498 2263 ταμαθητοις
513 2179 706 2264 πράγμασιν
721 2176 986 2265 ἀναγκαζόμενοι
997 2186 1174 2265 προσέχειν
1187 2179 1250 2247 τόν
1344 2203 1345 2240 ;

296 2285 392 2362 νοῦν,
409 2284 456 2345 ἔτι
472 2280 507 2344 δὲ
521 2279 774 2365 συνεθιζόμενοι
790 2279 905 2364 μένειν
915 2279 970 2345 καὶ
981 2292 1098 2345 πονεῖν
1113 2281 1166 2345 ἐπὶ
1177 2293 1249 2357 τοῖς

295 2379 487 2461 λεγομένοις
515 2380 569 2444 καὶ
589 2379 818 2462 δεικνυμένοις
845 2373 964 2461 καὶμὴ
986 2381 1250 2461 πεπλανημένην
1268 2395 1309 2449 118

295 2475 453 2561 ἔχειντὴν
465 2477 628 2563 διάνοιαν,
640 2480 677 2545 ἐν
689 2476 819 2555 τούτοις
829 2479 1081 2561 γυμνασθέντες
1092 2478 1147 2543 καί
1158 2500 1248 2559 παρ-

294 2579 494 2655 οξυνθέντες
515 2580 599 2666 ῥᾷον
626 2578 681 2645 καί
704 2584 831 2644 θάττον
853 2574 893 2642 τά
918 2574 1163 2656 σπουδαιότερα
1190 2577 1248 2653 καί

296 2682 448 2753 πλείονος
460 2674 534 2755 ἀξια
544 2684 613 2744 των
630 2676 836 2761 πραγμάτων
851 2670 1075 2758 ἀποδέχεσθαι
1092 2676 1148 2741 καὶ
1158 2699 1250 2757 μαν-

229 2784 282 2836 266
295 2774 418 2840 θάνειν
432 2775 603 2843 δύνανται.
627 2784 832 2861 φιλοσοφίαν
843 2772 905 2857 μὲν
915 2765 980 2839 ούν
994 2769 1057 2840 οὐκ
1073 2771 1164 2859 οἶμαι
1175 2778 1251 2841 δεῖν

295 2874 560 2956 προσαγορεύειν
581 2871 642 2959 τὴν
662 2875 767 2959 μηδὲν
788 2876 825 2940 ἐν
848 2879 892 2961 τῷ
908 2870 1051 2954 παρόντι
1067 2872 1252 2959 μήτεπρὸς

294 2970 331 3039 τὸ
348 2977 456 3057 λέγειν
471 2972 552 3057 μήτε
567 2971 651 3054 πρὸς
664 2970 701 3040 τό
714 2975 873 3055 πράττειν
888 2968 1099 3056 ἀφελοῦσαν,
1115 2998 1251 3055 γυμνα-

295 3078 372 3138 σίαν
404 3070 515 3158 μέντοι
544 3074 603 3158 της
634 3076 743 3155 ψυχῆς
773 3072 830 3139 καί
859 3071 1074 3157 παρασκευὴν
1107 3078 1251 3153 φιλοσο-
1342 3087 1343 3106 ¹

295 3178 374 3257 φίας
384 3179 476 3238 καλῶ
486 3167 548 3255 τὴν
559 3168 734 3253 διατριβὴν
744 3168 806 3255 την
818 3172 985 3255 τοιαύτην,
997 3167 1249 3253 ἀνδρικωτὲραν

294 3269 357 3356 μὲν
370 3262 410 3355 ἧς
423 3274 456 3337 οἱ
467 3275 589 3346 παῖδες·
604 3272 641 3335 ἐν
655 3283 723 3345 τοῖς
740 3273 980 3344 διδασκαλείοις
995 3274 1184 3349 ποιοῦνται,
1205 3266 1248 3334 τά

226 3376 277 3433 26⁷
296 3372 331 3439 δὲ
354 3378 489 3443 πλεῖστα
508 3375 760 3453 παραπλησίαν·
791 3370 844 3433 καὶ
870 3364 934 3450 γάρ
956 3369 1094 3434 ἐκείνων
1118 3370 1151 3433 οί
1170 3368 1249 3451 περὶ

295 3470 357 3556 την
376 3464 609 3555 γραμματικὴν
631 3469 684 3533 καί
706 3464 769 3551 την
789 3464 956 3552 μουσικὴν
978 3468 1032 3533 καὶ
1057 3462 1119 3551 τὴν
1139 3464 1248 3554 ἀλλην

296 3574 449 3636 παιδείαν
470 3570 734 3652 διαπονηθέντες
752 3565 836 3649 πρὸς
852 3567 915 3650 μὲν
935 3565 972 3631 τό
993 3570 1125 3652 βέλτιον
1141 3572 1247 3633 εἰπεῖν

1340 4119 1341 4158 ι

295 3664 582 3754 ἢβουλεύσασθαι
605 3670 679 3747 περὶ
700 3672 768 3731 των
790 3666 994 3748 πραγμάτων
1015 3660 1174 3746 οὐδεμίαν
1194 3689 1246 3729 πω
