2859 4334
418 384 855 443 ΠΑΝΛΘΗΝΑΙΚΟΣ.
1069 378 1109 439 67

170 536 211 619 ὥς
223 536 524 625 ἀποκρυπτόμενον
536 538 574 607 τό
589 538 789 624 πικρότατον
803 542 873 607 τῶν
890 537 965 606 τότε
984 539 1106 625 ῥηθέν·
1122 574 1136 611 ι

168 667 244 727 των,
261 638 325 709 ούκ
342 639 553 721 ἀπαιδεύτως
571 641 657 708 ἀλλά
675 646 762 709 νοῦν
782 642 940 728 ἐχόντως,
960 641 1016 707 καὶ
1036 637 1112 721 περὶ

167 745 233 809 τόν
256 739 370 810 ἄλλων
394 740 687 828 άπολελογημένον
705 743 982 828 σωφρονέστερον
1000 736 1020 828 ἢ
1038 743 1112 807 τότε

167 843 487 930 παρρησιασάμενον.
502 842 567 929 (πῖ
569 843 592 931 )
602 841 654 913 Ού
662 841 810 930 μὴνάλλ’
821 840 917 912 ἐκεῖν’
928 842 1027 921 ε’άσας
1034 842 1110 927 περὶ

167 942 276 1013 αύτόιν
288 946 420 1013 τούτων
434 951 585 1031 ἔφασκον
595 953 801 1032 κατηγορίαν
809 951 894 1031 ἔχειν
903 945 990 1012 πολύ
999 950 1109 1012 δεινο-

108 1062 158 1109 219
165 1046 263 1133 πέραν
277 1041 298 1132 ἢ
312 1047 533 1133 περὶτῆςτων
540 1051 673 1115 παίδων
680 1053 858 1127 κλωπείας.
879 1044 1112 1133 ,,ἐκείνοιςμδν

168 1139 231 1228 γάρ
242 1154 310 1216 τοῖς
321 1140 580 1224 ἐπιτηδεύμασιν
592 1142 811 1223 ἐλυμαίνοντο
823 1136 902 1217 τούς
913 1139 1027 1206 αὑτων
1038 1153 1115 1205 παί-

167 1245 234 1324 δας,
250 1235 300 1316 οἷς
313 1234 344 1305 δ’
358 1233 460 1328 όλίγφ
471 1237 636 1321 πρότερον
648 1234 691 1303 σύ
708 1242 854 1322 διῆλθες,
868 1238 946 1317 τους
958 1238 1115 1323 ’Έλληνας

165 1335 376 1405 ἀπώλλυσαν.
393 1336 512 1423 ῥᾴδιον
523 1332 554 1402 δ’
569 1332 614 1411 ὡς
629 1334 735 1415 οὕτως
748 1334 936 1422 είχεταύτα,
953 1342 1112 1405 συνιδεῖν.
1126 1350 1144 1405 d

166 1435 254 1521 οἶμαι
272 1431 336 1518 γάρ
353 1434 502 1511 ἅπαντας
516 1429 560 1499 άν
578 1431 780 1520 ὁμολογῆσαι
802 1442 977 1513 κακίστους
992 1436 1117 1518 άνδρας

166 1533 250 1602 εἶναι
265 1533 319 1600 καί
334 1539 488 1618 μεγίστης
509 1537 621 1617 ζημίας
638 1531 763 1617 άξίονς,
779 1531 852 1601 ὅσοι
863 1548 931 1612 τοϊς
946 1536 1117 1621 πράγμασι

165 1647 232 1711 τοῖς
248 1630 443 1717 εὑρημένοις
454 1628 506 1698 ἐπ’
525 1628 679 1721 ὠφελείᾳ,
694 1634 826 1711 τούτοις
840 1637 892 1702 ἐπὶ
907 1636 1015 1723 βλάβη
1029 1633 1117 1721 χροί-

98 1755 148 1806 220
162 1759 257 1821 μενοι
267 1730 485 1816 τυγχάνουσι,
497 1730 543 1816 μὴ
556 1729 640 1815 πρός
650 1731 730 1810 τούς
735 1734 930 1819 βαρβάρους
940 1733 1023 1819 μηδὲ
1034 1732 1117 1816 πρός

164 1830 243 1910 τούς
269 1830 522 1917 ἁμαρτάνοντας
547 1834 631 1917 μηδὲ
646 1832 731 1914 πρὸς
746 1830 826 1909 τούς
852 1838 897 1910 είς
921 1830 983 1919 τὴν
1003 1830 1116 1899 αὑτων

163 1932 277 2017 χώραν
293 1931 527 2017 είσβάλλοντας
544 1927 627 1996 ἄλλά
645 1929 729 2013 πρός
739 1927 817 2007 τούς
828 1931 1050 2009 οἰκειοτάτους
1061 1930 1116 1997 καὶ

163 2039 221 2117 τῆς
251 2028 354 2115 αὐτῆς
385 2036 579 2115 συγγενείας
612 2033 822 2115 μετέχοντας·
860 2029 945 2114 άπερ
978 2032 1116 2096 ἐποίουν

162 2137 381 2214 Σπαρτιᾶται.
410 2136 517 2196 καίτοι
538 2136 607 2206 πῶς
635 2126 732 2194 ὅσιόν
755 2130 823 2194 ἐστι
844 2129 988 2213 φάσκειν
1009 2136 1117 2206 καλεις

161 2236 307 2315 χρῆσθαι
317 2240 385 2305 τοῖς
396 2231 471 2310 περὶ
485 2224 545 2294 τόν
556 2226 704 2311 πόλεμον
719 2228 985 2311 ἐπιτηδεύμασιν,
997 2230 1143 2303 οίτινεςε

161 2324 223 2406 οδς
243 2336 390 2415 προσηκε
413 2327 547 2417 σφ’ζειν,
571 2326 713 2403 τούτους
735 2323 960 2403 άπολλύουτες
983 2324 1115 2391 ἅπαντα

98 2447 140 2497 221
162 2426 226 2494 τόν
241 2426 366 2511 χρόνον
383 2426 590 2505 διετέλεσανς
624 2424 721 2509 (πηῖ)
740 2422 837 2490 Ἀλλά
855 2421 920 2509 γάρ
937 2421 978 2489 ού
994 2423 1037 2489 σύ
1053 2423 1116 2508 μό-

162 2552 224 2605 νος
244 2523 377 2610 άγνοεῑς
397 2523 476 2603 τούς
496 2530 606 2601 καλῶς
622 2527 813 2609 χρωμένους
831 2536 898 2600 τοῖς
911 2521 1115 2607 πράγμασιν,

161 2622 249 2693 άλλά
265 2622 385 2709 σχεδόν
400 2630 434 2693 οί
448 2634 595 2693 πλεῖστοι
610 2632 678 2689 τῶν
690 2622 868 2709 Ἑλλήνων.
893 2619 1029 2690 ἐπειδάν
1052 2620 1116 2707 γάρ

159 2750 258 2800 τινας
272 2720 420 2809 ίδωσινῆ
436 2724 614 2791 πύθωνται
631 2723 722 2807 παρά
743 2748 845 2788 τινων
868 2725 1027 2807 ἐπιμελῶς
1042 2724 1116 2787 δια·
1134 2732 1185 2789 279

160 2830 339 2909 τρίβοντας
353 2828 428 2909 περὶ
441 2822 481 2890 τά
498 2820 654 2890 δοκοῦντ’
669 2820 753 2889 εἶναι
766 2818 850 2888 καλά
863 2828 931 2887 τῶν
943 2824 1117 2905 ἐπιτηδευ-

160 2924 291 3009 μάτων,
304 2926 478 2992 ἐπαινοῦσι
495 2926 550 2991 καδ
560 2920 705 2999 πολλούς
718 2922 839 3006 λόγους
851 2928 1025 2987 ποιοῦνται
1042 2921 1115 3001 περὶ

98 3042 140 3091 :22
158 3020 296 3104 αὐτῶν,
326 3020 387 3089 ούκ
403 3024 526 3100 εἰδότες
548 3019 585 3088 τό
602 3022 869 3108 συμβησόμενον.
900 3016 961 3104 χρὴ
983 3020 1018 3085 δὲ
1039 3015 1117 3094 τοὺς

161 3120 280 3206 ὀρθῶς
295 3122 483 3206 δοκιμάζειν
494 3123 723 3206 βουλομένους
737 3118 890 3199 περὶτῶν
904 3117 1066 3183 τοιούτων
1080 3118 1117 3183 ἐν

160 3220 251 3309 ἀρχῇ
277 3226 340 3308 μὲν
365 3218 507 3308 ἡσυχίαν
531 3218 626 3306 όγειν
646 3220 701 3286 καὶ
724 3221 887 3303 μηδεμίαν
910 3214 1009 3295 δόξαν
1032 3222 1117 3300 ε”χειν

160 3321 242 3402 περὶ
257 3317 380 3402 αὐτῶν,
399 3316 536 3386 ἐπειδάν
552 3315 583 3384 δ’
603 3324 648 3396 είς
658 3314 718 3383 τόν
732 3315 858 3400 χρόνον
873 3318 1002 3381 ἐκεῖνον
1014 3319 1115 3380 έλθοο-

159 3439 234 3495 σιν,
246 3419 289 3505 ,ἐν
304 3407 332 3503 ᾧ
345 3419 400 3483 καί
416 3420 572 3502 λέγοντας
587 3417 641 3481 καὶ
653 3416 859 3499 πράττοντας
877 3409 999 3488 αὐτοὺς
1011 3409 1116 3488 ὄψον-

157 3544 216 3583 ται
240 3515 295 3583 κοιδ
316 3517 478 3599 περὶτῶν
498 3520 594 3584 ίδίων
612 3518 667 3582 καί
692 3515 767 3597 περὶ
789 3519 857 3579 τῶν
878 3521 1019 3593 κοινῶν,
1041 3513 1143 3579 τότεο

98 3632 138 3682 23
155 3628 312 3696 θεωρεῖν·
324 3612 470 3698 άκριβως
488 3617 629 3680 ἕκαστον
644 3613 767 3695 αὐτων,
783 3617 836 3677 καὶ
850 3608 929 3686 τούς
944 3610 1006 3696 μὲν
1023 3614 1116 3684 νομί-

940 3711 957 3761 5
970 3712 981 3729 ,
