<?xml version="1.0" encoding="UTF-8"?>
<!DOCTYPE html PUBLIC "-//W3C//DTD XHTML 1.0 Transitional//EN"
    "http://www.w3.org/TR/xhtml1/DTD/xhtml1-transitional.dtd">
<html xmlns="http://www.w3.org/1999/xhtml" xml:lang="en" lang="en">
 <head>
  <title>
</title>
<meta http-equiv="Content-Type" content="text/html;charset=utf-8" />
  <meta name='ocr-system' content='tesseract 3.04.00' />
  <meta name='ocr-capabilities' content='ocr_page ocr_carea ocr_par ocr_line ocrx_word'/>
</head>
<body>
  <div class='ocr_page' id='page_1' title='image "./orationes00isgoog_0501.png"; bbox 0 0 2859 4334; ppageno 0'>
   <div class='ocr_carea' id='block_1_1' title="bbox 309 399 984 487">
    <p class='ocr_par' dir='ltr' id='par_1_1' title="bbox 309 399 984 487">
     <span class='ocr_line' id='line_1_1' title="bbox 309 399 984 487; baseline 0.015 -27"><span class='ocrx_word' id='word_1_1' title='bbox 309 399 368 461; x_wconf 76' lang='grc' dir='ltr'><em>ωε</em></span> <span class='ocrx_word' id='word_1_2' title='bbox 584 404 984 487; x_wconf 73' lang='grc' dir='ltr'><em>ιεοκεκνονερε)</em></span> 
     </span>
    </p>
   </div>
   <div class='ocr_carea' id='block_1_2' title="bbox 240 560 1274 1052">
    <p class='ocr_par' dir='ltr' id='par_1_2' title="bbox 240 560 1274 1052">
     <span class='ocr_line' id='line_1_2' title="bbox 306 560 1272 655; baseline 0.009 -28"><span class='ocrx_word' id='word_1_3' title='bbox 306 563 552 650; x_wconf 88' lang='grc' dir='ltr'><em>πορευόμενον,</em></span> <span class='ocrx_word' id='word_1_4' title='bbox 570 560 652 649; x_wconf 84' lang='grc' dir='ltr'><em>ὅπερ</em></span> <span class='ocrx_word' id='word_1_5' title='bbox 667 560 781 643; x_wconf 80' lang='grc' dir='ltr'><em>αὐτοῖς</em></span> <span class='ocrx_word' id='word_1_6' title='bbox 796 572 852 653; x_wconf 77' lang='grc' dir='ltr'><em>ιής</em></span> <span class='ocrx_word' id='word_1_7' title='bbox 866 570 942 652; x_wconf 82' lang='grc' dir='ltr'><em>περὶ</em></span> <span class='ocrx_word' id='word_1_8' title='bbox 955 576 1110 654; x_wconf 76' lang='grc' dir='ltr'><strong><em>Λεῦκτρα</em></strong></span> <span class='ocrx_word' id='word_1_9' title='bbox 1126 589 1272 655; x_wconf 77' lang='grc' dir='ltr'><em>συμᾳο-</em></span> 
     </span>
     <span class='ocr_line' id='line_1_3' title="bbox 240 657 1274 753; baseline 0.006 -26"><span class='ocrx_word' id='word_1_10' title='bbox 240 676 283 729; x_wconf 88' lang='grc' dir='ltr'><em>ΙΙΙ</em></span> <span class='ocrx_word' id='word_1_11' title='bbox 306 668 366 746; x_wconf 83' lang='grc' dir='ltr'><em>ρᾶς</em></span> <span class='ocrx_word' id='word_1_12' title='bbox 381 659 476 745; x_wconf 83' lang='grc' dir='ltr'><em>εύροι</em></span> <span class='ocrx_word' id='word_1_13' title='bbox 490 690 539 741; x_wconf 92' lang='grc' dir='ltr'><em>τις</em></span> <span class='ocrx_word' id='word_1_14' title='bbox 553 657 597 730; x_wconf 83' lang='grc' dir='ltr'><em>άν</em></span> <span class='ocrx_word' id='word_1_15' title='bbox 612 672 722 731; x_wconf 84' lang='grc' dir='ltr'><em>αίτιον</em></span> <span class='ocrx_word' id='word_1_16' title='bbox 735 668 969 750; x_wconf 81' lang='grc' dir='ltr'><em>γεγενημένον.</em></span> <span class='ocrx_word' id='word_1_17' title='bbox 992 664 1073 753; x_wconf 80' lang='grc' dir='ltr'><em>μετὰ</em></span> <span class='ocrx_word' id='word_1_18' title='bbox 1089 669 1125 733; x_wconf 70' lang='grc' dir='ltr'><em>δὲ</em></span> <span class='ocrx_word' id='word_1_19' title='bbox 1141 667 1274 745; x_wconf 87' lang='grc' dir='ltr'><em>ταύτας</em></span> 
     </span>
     <span class='ocr_line' id='line_1_4' title="bbox 307 758 1271 853; baseline 0.006 -26"><span class='ocrx_word' id='word_1_20' title='bbox 307 758 365 839; x_wconf 82' lang='grc' dir='ltr'><em>τάς</em></span> <span class='ocrx_word' id='word_1_21' title='bbox 385 762 519 846; x_wconf 86' lang='grc' dir='ltr'><em>πράξεις</em></span> <span class='ocrx_word' id='word_1_22' title='bbox 541 764 593 830; x_wconf 79' lang='grc' dir='ltr'><em>ἐπὶ</em></span> <span class='ocrx_word' id='word_1_23' title='bbox 608 762 729 848; x_wconf 80' lang='grc' dir='ltr'><em>Σάμον</em></span> <span class='ocrx_word' id='word_1_24' title='bbox 749 765 967 851; x_wconf 76' lang='grc' dir='ltr'><em>στρατεύσας,</em></span> <span class='ocrx_word' id='word_1_25' title='bbox 989 764 1032 853; x_wconf 85' lang='grc' dir='ltr'><em>ήν</em></span> <span class='ocrx_word' id='word_1_26' title='bbox 1052 774 1226 853; x_wconf 76' lang='grc' dir='ltr'><strong><em>Περικλῆς</em></strong></span> <span class='ocrx_word' id='word_1_27' title='bbox 1252 764 1271 833; x_wconf 86' lang='grc' dir='ltr'><strong>ὁ</strong></span> 
     </span>
     <span class='ocr_line' id='line_1_5' title="bbox 306 862 1272 955; baseline 0.008 -30"><span class='ocrx_word' id='word_1_28' title='bbox 306 865 464 945; x_wconf 76' lang='grc' dir='ltr'><em>μεγίστην</em></span> <span class='ocrx_word' id='word_1_29' title='bbox 486 862 537 927; x_wconf 78' lang='grc' dir='ltr'><em>ἐπὶ</em></span> <span class='ocrx_word' id='word_1_30' title='bbox 561 869 664 949; x_wconf 82' lang='grc' dir='ltr'><strong><em>σοφίᾳ</em></strong></span> <span class='ocrx_word' id='word_1_31' title='bbox 684 863 739 931; x_wconf 76' lang='grc' dir='ltr'><em>καλ</em></span> <span class='ocrx_word' id='word_1_32' title='bbox 760 863 958 952; x_wconf 78' lang='grc' dir='ltr'><em>δικαιοσύνῃ</em></span> <span class='ocrx_word' id='word_1_33' title='bbox 979 869 1032 933; x_wconf 81' lang='grc' dir='ltr'><em>καὶ</em></span> <span class='ocrx_word' id='word_1_34' title='bbox 1053 866 1272 955; x_wconf 77' lang='grc' dir='ltr'><em>σωφροσύνῃ</em></span> 
     </span>
     <span class='ocr_line' id='line_1_6' title="bbox 306 957 1271 1052; baseline 0.01 -28"><span class='ocrx_word' id='word_1_35' title='bbox 306 958 408 1037; x_wconf 85' lang='grc' dir='ltr'><em>δόξαν</em></span> <span class='ocrx_word' id='word_1_36' title='bbox 431 957 575 1045; x_wconf 76' lang='grc' dir='ltr'><em>εἰληφός</em></span> <span class='ocrx_word' id='word_1_37' title='bbox 596 957 661 1027; x_wconf 88' lang='grc' dir='ltr'><em>άπδ</em></span> <span class='ocrx_word' id='word_1_38' title='bbox 684 966 865 1034; x_wconf 90' lang='grc' dir='ltr'><em>διακοσίων</em></span> <span class='ocrx_word' id='word_1_39' title='bbox 876 964 985 1052; x_wconf 83' lang='grc' dir='ltr'><em>[νεων]</em></span> <span class='ocrx_word' id='word_1_40' title='bbox 997 970 1050 1033; x_wconf 81' lang='grc' dir='ltr'><em>καὶ</em></span> <span class='ocrx_word' id='word_1_41' title='bbox 1070 973 1186 1052; x_wconf 86' lang='grc' dir='ltr'><em>χιλίων</em></span> <span class='ocrx_word' id='word_1_42' title='bbox 1205 994 1271 1033; x_wconf 88' lang='grc' dir='ltr'><em>τα-</em></span> 
     </span>
    </p>
   </div>
   <div class='ocr_carea' id='block_1_3' title="bbox 164 1059 1303 3728">
    <p class='ocr_par' dir='ltr' id='par_1_3' title="bbox 303 1059 1269 1445">
     <span class='ocr_line' id='line_1_7' title="bbox 304 1059 1269 1147; baseline 0.006 -21"><span class='ocrx_word' id='word_1_43' title='bbox 304 1059 436 1126; x_wconf 88' lang='grc' dir='ltr'><em>λάντων</em></span> <span class='ocrx_word' id='word_1_44' title='bbox 452 1063 711 1147; x_wconf 76' lang='grc' dir='ltr'><em>κατεπολέμησε,</em></span> <span class='ocrx_word' id='word_1_45' title='bbox 729 1062 854 1147; x_wconf 86' lang='grc' dir='ltr'><em>ταύτην</em></span> <span class='ocrx_word' id='word_1_46' title='bbox 868 1061 945 1129; x_wconf 81' lang='grc' dir='ltr'><em>οὔτε</em></span> <span class='ocrx_word' id='word_1_47' title='bbox 957 1066 1059 1131; x_wconf 86' lang='grc' dir='ltr'><em>πλέον</em></span> <span class='ocrx_word' id='word_1_48' title='bbox 1073 1062 1147 1131; x_wconf 77' lang='grc' dir='ltr'><em>οὔτ’</em></span> <span class='ocrx_word' id='word_1_49' title='bbox 1163 1069 1269 1132; x_wconf 77' lang='grc' dir='ltr'><em>ἔλατ-</em></span> 
     </span>
     <span class='ocr_line' id='line_1_8' title="bbox 304 1154 1268 1249; baseline 0.007 -24"><span class='ocrx_word' id='word_1_50' title='bbox 304 1184 362 1225; x_wconf 89' lang='grc' dir='ltr'><em>τον</em></span> <span class='ocrx_word' id='word_1_51' title='bbox 375 1154 453 1241; x_wconf 89' lang='grc' dir='ltr'><em>παρ’</em></span> <span class='ocrx_word' id='word_1_52' title='bbox 472 1156 567 1244; x_wconf 72' lang='grc' dir='ltr'><em>ὑμῶν</em></span> <span class='ocrx_word' id='word_1_53' title='bbox 579 1157 692 1248; x_wconf 77' lang='grc' dir='ltr'><em>λαβων</em></span> <span class='ocrx_word' id='word_1_54' title='bbox 703 1160 782 1229; x_wconf 82' lang='grc' dir='ltr'><em>οὔτε</em></span> <span class='ocrx_word' id='word_1_55' title='bbox 792 1159 882 1247; x_wconf 85' lang='grc' dir='ltr'><em>παρά</em></span> <span class='ocrx_word' id='word_1_56' title='bbox 894 1169 961 1229; x_wconf 81' lang='grc' dir='ltr'><em>τῶν</em></span> <span class='ocrx_word' id='word_1_57' title='bbox 972 1165 1156 1249; x_wconf 85' lang='grc' dir='ltr'><em>συμμάχων</em></span> <span class='ocrx_word' id='word_1_58' title='bbox 1166 1166 1268 1232; x_wconf 77' lang='grc' dir='ltr'><em>ἐκλέ-</em></span> 
     </span>
     <span class='ocr_line' id='line_1_9' title="bbox 304 1260 1267 1349; baseline 0.007 -25"><span class='ocrx_word' id='word_1_59' title='bbox 304 1261 379 1343; x_wconf 83' lang='grc' dir='ltr'><em>ξας,</em></span> <span class='ocrx_word' id='word_1_60' title='bbox 405 1260 442 1323; x_wconf 85' lang='grc' dir='ltr'><em>έν</em></span> <span class='ocrx_word' id='word_1_61' title='bbox 468 1260 546 1325; x_wconf 85' lang='grc' dir='ltr'><em>δέκα</em></span> <span class='ocrx_word' id='word_1_62' title='bbox 573 1264 675 1345; x_wconf 76' lang='grc' dir='ltr'><em>μησὶν</em></span> <span class='ocrx_word' id='word_1_63' title='bbox 704 1260 1267 1349; x_wconf 77' lang='grc' dir='ltr'><em>ἐξεπολιόρκησεν’ὀκτακισχιλίοις</em></span> 
     </span>
     <span class='ocr_line' id='line_1_10' title="bbox 303 1359 1265 1445; baseline 0.005 -21"><span class='ocrx_word' id='word_1_64' title='bbox 303 1366 496 1435; x_wconf 81' lang='grc' dir='ltr'><em>πελτασταῖς</em></span> <span class='ocrx_word' id='word_1_65' title='bbox 511 1360 565 1425; x_wconf 83' lang='grc' dir='ltr'><em>καὶ</em></span> <span class='ocrx_word' id='word_1_66' title='bbox 581 1359 728 1445; x_wconf 79' lang='grc' dir='ltr'><em>τριήρεσι</em></span> <span class='ocrx_word' id='word_1_67' title='bbox 744 1360 939 1444; x_wconf 87' lang='grc' dir='ltr'><em>τριάκοντα,</em></span> <span class='ocrx_word' id='word_1_68' title='bbox 955 1364 1009 1429; x_wconf 85' lang='grc' dir='ltr'><em>καὶ</em></span> <span class='ocrx_word' id='word_1_69' title='bbox 1024 1362 1155 1439; x_wconf 83' lang='grc' dir='ltr'><em>τούτοις</em></span> <span class='ocrx_word' id='word_1_70' title='bbox 1170 1360 1265 1429; x_wconf 80' lang='grc' dir='ltr'><em>άπα-</em></span> 
     </span>
    </p>

    <p class='ocr_par' dir='ltr' id='par_1_4' title="bbox 240 1456 1262 2041">
     <span class='ocr_line' id='line_1_11' title="bbox 240 1456 1262 1543; baseline 0.003 -19"><span class='ocrx_word' id='word_1_71' title='bbox 240 1472 287 1525; x_wconf 70' lang='lat'><em>112</em></span> <span class='ocrx_word' id='word_1_72' title='bbox 302 1477 358 1523; x_wconf 89' lang='grc' dir='ltr'><em>σιν</em></span> <span class='ocrx_word' id='word_1_73' title='bbox 378 1458 413 1523; x_wconf 83' lang='grc' dir='ltr'><em>ἐκ</em></span> <span class='ocrx_word' id='word_1_74' title='bbox 436 1464 493 1542; x_wconf 79' lang='grc' dir='ltr'><em>τῆς</em></span> <span class='ocrx_word' id='word_1_75' title='bbox 514 1465 672 1542; x_wconf 81' lang='grc' dir='ltr'><em>πολεμίας</em></span> <span class='ocrx_word' id='word_1_76' title='bbox 694 1456 754 1524; x_wconf 85' lang='grc' dir='ltr'><em>τόν</em></span> <span class='ocrx_word' id='word_1_77' title='bbox 780 1456 908 1543; x_wconf 82' lang='grc' dir='ltr'><em>μισθόν</em></span> <span class='ocrx_word' id='word_1_78' title='bbox 932 1456 1112 1528; x_wconf 90' lang='grc' dir='ltr'><em>άπέδωκεν.</em></span> <span class='ocrx_word' id='word_1_79' title='bbox 1150 1468 1262 1528; x_wconf 89' lang='grc' dir='ltr'><em>καίτοι</em></span> 
     </span>
     <span class='ocr_line' id='line_1_12' title="bbox 302 1554 1262 1646; baseline 0.002 -23"><span class='ocrx_word' id='word_1_80' title='bbox 302 1562 457 1623; x_wconf 81' lang='grc' dir='ltr'><em>τοιοῦτον</em></span> <span class='ocrx_word' id='word_1_81' title='bbox 477 1562 576 1642; x_wconf 79' lang='grc' dir='ltr'><em>ἔργον</em></span> <span class='ocrx_word' id='word_1_82' title='bbox 594 1554 638 1623; x_wconf 83' lang='grc' dir='ltr'><em>άν</em></span> <span class='ocrx_word' id='word_1_83' title='bbox 659 1584 708 1635; x_wconf 91' lang='grc' dir='ltr'><em>τις</em></span> <span class='ocrx_word' id='word_1_84' title='bbox 729 1555 829 1635; x_wconf 81' lang='grc' dir='ltr'><em>ἄλλος</em></span> <span class='ocrx_word' id='word_1_85' title='bbox 843 1566 935 1646; x_wconf 70' lang='grc' dir='ltr'><em>φανῇ</em></span> <span class='ocrx_word' id='word_1_86' title='bbox 948 1558 1151 1645; x_wconf 75' lang='grc' dir='ltr'><em>πεποιηκώς,</em></span> <span class='ocrx_word' id='word_1_87' title='bbox 1174 1555 1262 1643; x_wconf 87' lang='grc' dir='ltr'><em>ὁμο-</em></span> 
     </span>
     <span class='ocr_line' id='line_1_13' title="bbox 302 1652 1261 1743; baseline 0.002 -22"><span class='ocrx_word' id='word_1_88' title='bbox 302 1661 390 1740; x_wconf 79' lang='grc' dir='ltr'><em>λογῶ</em></span> <span class='ocrx_word' id='word_1_89' title='bbox 405 1663 537 1740; x_wconf 79' lang='grc' dir='ltr'><em>ληρεῖν,</em></span> <span class='ocrx_word' id='word_1_90' title='bbox 553 1652 603 1722; x_wconf 88' lang='grc' dir='ltr'><em>ὅτι</em></span> <span class='ocrx_word' id='word_1_91' title='bbox 620 1656 848 1740; x_wconf 75' lang='grc' dir='ltr'><em>διαφερόντως</em></span> <span class='ocrx_word' id='word_1_92' title='bbox 865 1659 1014 1725; x_wconf 78' lang='grc' dir='ltr'><em>ἐπαινεῖν</em></span> <span class='ocrx_word' id='word_1_93' title='bbox 1028 1659 1182 1743; x_wconf 69' lang='grc' dir='ltr'><em>ἐπιχειροῖ</em></span> <span class='ocrx_word' id='word_1_94' title='bbox 1196 1656 1261 1724; x_wconf 87' lang='grc' dir='ltr'><em>τόν</em></span> 
     </span>
     <span class='ocr_line' id='line_1_14' title="bbox 302 1752 1260 1842; baseline -0.001 -20"><span class='ocrx_word' id='word_1_95' title='bbox 302 1752 403 1824; x_wconf 72' lang='grc' dir='ltr'><em>οὐδὲν</em></span> <span class='ocrx_word' id='word_1_96' title='bbox 417 1756 649 1841; x_wconf 87' lang='grc' dir='ltr'><em>περιττότερον</em></span> <span class='ocrx_word' id='word_1_97' title='bbox 661 1762 728 1823; x_wconf 78' lang='grc' dir='ltr'><em>τῶν</em></span> <span class='ocrx_word' id='word_1_98' title='bbox 743 1754 854 1823; x_wconf 79' lang='grc' dir='ltr'><em>ἄλλων</em></span> <span class='ocrx_word' id='word_1_99' title='bbox 868 1762 1169 1842; x_wconf 82' lang='grc' dir='ltr'><em>διαπεπραγμένον.</em></span> <span class='ocrx_word' id='word_1_100' title='bbox 1200 1759 1260 1821; x_wconf 87' lang='grc' dir='ltr'><em>ἐυ-</em></span> 
     </span>
     <span class='ocr_line' id='line_1_15' title="bbox 303 1849 1260 1942; baseline 0 -20"><span class='ocrx_word' id='word_1_101' title='bbox 303 1862 426 1924; x_wconf 79' lang='grc' dir='ltr'><em>τεῦδευ</em></span> <span class='ocrx_word' id='word_1_102' title='bbox 452 1861 570 1922; x_wconf 84' lang='grc' dir='ltr'><em>τοίνυν</em></span> <span class='ocrx_word' id='word_1_103' title='bbox 595 1849 806 1933; x_wconf 75' lang='grc' dir='ltr'><em>ἀναπλεύσας</em></span> <span class='ocrx_word' id='word_1_104' title='bbox 828 1853 962 1942; x_wconf 83' lang='grc' dir='ltr'><em>Σηστόν</em></span> <span class='ocrx_word' id='word_1_105' title='bbox 990 1857 1045 1923; x_wconf 81' lang='grc' dir='ltr'><em>καὶ</em></span> <span class='ocrx_word' id='word_1_106' title='bbox 1074 1856 1260 1941; x_wconf 76' lang='grc' dir='ltr'><em>Κριθώτην</em></span> 
     </span>
     <span class='ocr_line' id='line_1_16' title="bbox 302 1951 1259 2041; baseline -0.002 -18"><span class='ocrx_word' id='word_1_107' title='bbox 302 1960 416 2041; x_wconf 77' lang='grc' dir='ltr'><em>ἔλαβε,</em></span> <span class='ocrx_word' id='word_1_108' title='bbox 438 1957 491 2021; x_wconf 80' lang='grc' dir='ltr'><em>καὶ</em></span> <span class='ocrx_word' id='word_1_109' title='bbox 507 1951 567 2021; x_wconf 83' lang='grc' dir='ltr'><em>τόν</em></span> <span class='ocrx_word' id='word_1_110' title='bbox 581 1952 686 2022; x_wconf 83' lang='grc' dir='ltr'><em>άλλον</em></span> <span class='ocrx_word' id='word_1_111' title='bbox 701 1956 827 2039; x_wconf 87' lang='grc' dir='ltr'><em>χρόνον</em></span> <span class='ocrx_word' id='word_1_112' title='bbox 841 1953 1067 2041; x_wconf 76' lang='grc' dir='ltr'><em>ἀμελουμένης</em></span> <span class='ocrx_word' id='word_1_113' title='bbox 1081 1954 1259 2040; x_wconf 88' lang='grc' dir='ltr'><em>Χερρονή-</em></span> 
     </span>
    </p>

    <p class='ocr_par' dir='ltr' id='par_1_5' title="bbox 238 2049 1303 2934">
     <span class='ocr_line' id='line_1_17' title="bbox 238 2049 1258 2140; baseline 0.002 -23"><span class='ocrx_word' id='word_1_114' title='bbox 238 2071 285 2124; x_wconf 77' lang='lat'><em>113</em></span> <span class='ocrx_word' id='word_1_115' title='bbox 302 2072 364 2120; x_wconf 88' lang='grc' dir='ltr'><em>σου</em></span> <span class='ocrx_word' id='word_1_116' title='bbox 385 2054 560 2138; x_wconf 85' lang='grc' dir='ltr'><em>προσέχειν</em></span> <span class='ocrx_word' id='word_1_117' title='bbox 583 2051 668 2136; x_wconf 80' lang='grc' dir='ltr'><em>ὑμᾶς</em></span> <span class='ocrx_word' id='word_1_118' title='bbox 690 2049 774 2140; x_wconf 72' lang='grc' dir='ltr'><em>αὐτῇ</em></span> <span class='ocrx_word' id='word_1_119' title='bbox 788 2051 848 2120; x_wconf 83' lang='grc' dir='ltr'><em>τόν</em></span> <span class='ocrx_word' id='word_1_120' title='bbox 863 2060 947 2119; x_wconf 86' lang='grc' dir='ltr'><em>νοῦν</em></span> <span class='ocrx_word' id='word_1_121' title='bbox 962 2055 1126 2138; x_wconf 84' lang='grc' dir='ltr'><em>ἐποίησεν.</em></span> <span class='ocrx_word' id='word_1_122' title='bbox 1162 2050 1198 2119; x_wconf 87' lang='grc' dir='ltr'><em>τό</em></span> <span class='ocrx_word' id='word_1_123' title='bbox 1219 2053 1258 2119; x_wconf 77' lang='grc' dir='ltr'><em>δὲ</em></span> 
     </span>
     <span class='ocr_line' id='line_1_18' title="bbox 300 2148 1303 2237; baseline -0.001 -19"><span class='ocrx_word' id='word_1_124' title='bbox 300 2160 490 2218; x_wconf 74' lang='grc' dir='ltr'><em>τελευταῖον</em></span> <span class='ocrx_word' id='word_1_125' title='bbox 505 2153 715 2234; x_wconf 78' lang='grc' dir='ltr'><em>Ποτείδαιαν,</em></span> <span class='ocrx_word' id='word_1_126' title='bbox 728 2156 773 2228; x_wconf 85' lang='grc' dir='ltr'><em>είς</em></span> <span class='ocrx_word' id='word_1_127' title='bbox 787 2148 830 2236; x_wconf 80' lang='grc' dir='ltr'><em>ἣν</em></span> <span class='ocrx_word' id='word_1_128' title='bbox 846 2149 863 2237; x_wconf 75' lang='grc' dir='ltr'><em>ἡ</em></span> <span class='ocrx_word' id='word_1_129' title='bbox 879 2152 974 2227; x_wconf 88' lang='grc' dir='ltr'><em>πόλις</em></span> <span class='ocrx_word' id='word_1_130' title='bbox 988 2151 1184 2236; x_wconf 89' lang='grc' dir='ltr'><em>τετρακόσια</em></span> <span class='ocrx_word' id='word_1_131' title='bbox 1199 2153 1256 2217; x_wconf 78' lang='grc' dir='ltr'><em>καὶ</em></span> <span class='ocrx_word' id='word_1_132' title='bbox 1273 2157 1303 2210; x_wconf 83' lang='grc'><em>70</em></span> 
     </span>
     <span class='ocr_line' id='line_1_19' title="bbox 301 2243 1260 2337; baseline -0.002 -19"><span class='ocrx_word' id='word_1_133' title='bbox 301 2255 441 2337; x_wconf 86' lang='grc' dir='ltr'><em>δισχίλια</em></span> <span class='ocrx_word' id='word_1_134' title='bbox 458 2249 602 2315; x_wconf 86' lang='grc' dir='ltr'><em>τάλαντα</em></span> <span class='ocrx_word' id='word_1_135' title='bbox 618 2247 653 2315; x_wconf 85' lang='grc' dir='ltr'><em>τό</em></span> <span class='ocrx_word' id='word_1_136' title='bbox 672 2249 838 2333; x_wconf 88' lang='grc' dir='ltr'><em>πρότερον</em></span> <span class='ocrx_word' id='word_1_137' title='bbox 851 2247 1018 2334; x_wconf 81' lang='grc' dir='ltr'><em>ἀνήλωσε,</em></span> <span class='ocrx_word' id='word_1_138' title='bbox 1031 2250 1158 2334; x_wconf 89' lang='grc' dir='ltr'><em>ταύτην</em></span> <span class='ocrx_word' id='word_1_139' title='bbox 1169 2243 1260 2316; x_wconf 87' lang='grc' dir='ltr'><em>εἷλεν</em></span> 
     </span>
     <span class='ocr_line' id='line_1_20' title="bbox 301 2340 1257 2435; baseline -0.002 -19"><span class='ocrx_word' id='word_1_140' title='bbox 301 2347 366 2418; x_wconf 88' lang='grc' dir='ltr'><em>άπδ</em></span> <span class='ocrx_word' id='word_1_141' title='bbox 388 2356 456 2417; x_wconf 79' lang='grc' dir='ltr'><em>τῶν</em></span> <span class='ocrx_word' id='word_1_142' title='bbox 475 2349 653 2435; x_wconf 87' lang='grc' dir='ltr'><em>χρημάτων</em></span> <span class='ocrx_word' id='word_1_143' title='bbox 675 2340 723 2415; x_wconf 80' lang='grc' dir='ltr'><em>ὦν</em></span> <span class='ocrx_word' id='word_1_144' title='bbox 743 2346 843 2427; x_wconf 87' lang='grc' dir='ltr'><em>αύτός</em></span> <span class='ocrx_word' id='word_1_145' title='bbox 864 2349 998 2432; x_wconf 87' lang='grc' dir='ltr'><em>ε’πόρισε</em></span> <span class='ocrx_word' id='word_1_146' title='bbox 1020 2349 1073 2415; x_wconf 75' lang='grc' dir='ltr'><em>καί</em></span> <span class='ocrx_word' id='word_1_147' title='bbox 1089 2354 1156 2414; x_wconf 78' lang='grc' dir='ltr'><em>τῶν</em></span> <span class='ocrx_word' id='word_1_148' title='bbox 1171 2368 1257 2414; x_wconf 89' lang='grc' dir='ltr'><em>συν-</em></span> 
     </span>
     <span class='ocr_line' id='line_1_21' title="bbox 300 2446 1257 2537; baseline -0.004 -20"><span class='ocrx_word' id='word_1_149' title='bbox 300 2450 426 2531; x_wconf 79' lang='grc' dir='ltr'><em>τάξεων</em></span> <span class='ocrx_word' id='word_1_150' title='bbox 436 2457 503 2516; x_wconf 71' lang='lat' dir='ltr'><em>miv</em></span> <span class='ocrx_word' id='word_1_151' title='bbox 514 2446 578 2515; x_wconf 84' lang='grc' dir='ltr'><em>άπὸ</em></span> <span class='ocrx_word' id='word_1_152' title='bbox 588 2447 738 2537; x_wconf 77' lang='grc' dir='ltr'><em>Θρηίκης·</em></span> <span class='ocrx_word' id='word_1_153' title='bbox 750 2451 804 2517; x_wconf 79' lang='grc' dir='ltr'><em>καὶ</em></span> <span class='ocrx_word' id='word_1_154' title='bbox 812 2451 946 2529; x_wconf 90' lang='grc' dir='ltr'><em>προσέτι</em></span> <span class='ocrx_word' id='word_1_155' title='bbox 953 2451 1137 2525; x_wconf 87' lang='grc' dir='ltr'><em>Χαλκιδέας</em></span> <span class='ocrx_word' id='word_1_156' title='bbox 1146 2446 1257 2513; x_wconf 85' lang='grc' dir='ltr'><em>άπαν-</em></span> 
     </span>
     <span class='ocr_line' id='line_1_22' title="bbox 299 2545 1255 2633; baseline -0.003 -17"><span class='ocrx_word' id='word_1_157' title='bbox 299 2576 357 2627; x_wconf 91' lang='grc' dir='ltr'><em>τας</em></span> <span class='ocrx_word' id='word_1_158' title='bbox 377 2550 650 2633; x_wconf 83' lang='grc' dir='ltr'><em>κατεπολέμησεν.</em></span> <span class='ocrx_word' id='word_1_159' title='bbox 687 2552 717 2614; x_wconf 85' lang='grc' dir='ltr'><em>εί</em></span> <span class='ocrx_word' id='word_1_160' title='bbox 730 2551 767 2614; x_wconf 72' lang='grc' dir='ltr'><em>δὲ</em></span> <span class='ocrx_word' id='word_1_161' title='bbox 784 2552 836 2613; x_wconf 83' lang='grc' dir='ltr'><em>δεῖ</em></span> <span class='ocrx_word' id='word_1_162' title='bbox 846 2546 890 2633; x_wconf 83' lang='grc' dir='ltr'><em>μή</em></span> <span class='ocrx_word' id='word_1_163' title='bbox 910 2545 990 2614; x_wconf 81' lang='grc' dir='ltr'><em>καθ’</em></span> <span class='ocrx_word' id='word_1_164' title='bbox 1009 2550 1150 2614; x_wconf 79' lang='grc' dir='ltr'><em>ἕκαστον</em></span> <span class='ocrx_word' id='word_1_165' title='bbox 1171 2545 1255 2615; x_wconf 85' lang='grc' dir='ltr'><em>άλλά</em></span> 
     </span>
     <span class='ocr_line' id='line_1_23' title="bbox 299 2646 1250 2734; baseline -0.006 -17"><span class='ocrx_word' id='word_1_166' title='bbox 299 2646 353 2717; x_wconf 81' lang='grc' dir='ltr'><em>διά</em></span> <span class='ocrx_word' id='word_1_167' title='bbox 368 2648 519 2734; x_wconf 79' lang='grc' dir='ltr'><em>βραχέων</em></span> <span class='ocrx_word' id='word_1_168' title='bbox 536 2652 656 2731; x_wconf 78' lang='grc' dir='ltr'><em>εἰπεῖν,</em></span> <span class='ocrx_word' id='word_1_169' title='bbox 674 2647 839 2732; x_wconf 79' lang='grc' dir='ltr'><em>τεττάρων</em></span> <span class='ocrx_word' id='word_1_170' title='bbox 854 2650 908 2714; x_wconf 81' lang='grc' dir='ltr'><em>καὶ</em></span> <span class='ocrx_word' id='word_1_171' title='bbox 923 2657 1027 2714; x_wconf 75' lang='grc' dir='ltr'><em>εἴκοσι</em></span> <span class='ocrx_word' id='word_1_172' title='bbox 1044 2647 1178 2715; x_wconf 88' lang='grc' dir='ltr'><em>πόλεων</em></span> <span class='ocrx_word' id='word_1_173' title='bbox 1194 2672 1250 2713; x_wconf 92' lang='grc' dir='ltr'><em>κυ-</em></span> 
     </span>
     <span class='ocr_line' id='line_1_24' title="bbox 299 2740 1251 2833; baseline -0.002 -18"><span class='ocrx_word' id='word_1_174' title='bbox 299 2756 392 2831; x_wconf 87' lang='grc' dir='ltr'><em>ρίους</em></span> <span class='ocrx_word' id='word_1_175' title='bbox 408 2745 494 2831; x_wconf 76' lang='grc' dir='ltr'><em>ὑμᾶς</em></span> <span class='ocrx_word' id='word_1_176' title='bbox 509 2748 680 2832; x_wconf 83' lang='grc' dir='ltr'><em>ἐποίησεν,</em></span> <span class='ocrx_word' id='word_1_177' title='bbox 696 2748 820 2814; x_wconf 83' lang='grc' dir='ltr'><em>ἐλάττω</em></span> <span class='ocrx_word' id='word_1_178' title='bbox 835 2747 1028 2833; x_wconf 82' lang='grc' dir='ltr'><em>δαπανήσας</em></span> <span class='ocrx_word' id='word_1_179' title='bbox 1043 2740 1091 2814; x_wconf 78' lang='grc' dir='ltr'><em>όν</em></span> <span class='ocrx_word' id='word_1_180' title='bbox 1108 2752 1142 2814; x_wconf 83' lang='grc' dir='ltr'><em>οί</em></span> <span class='ocrx_word' id='word_1_181' title='bbox 1155 2749 1251 2815; x_wconf 86' lang='grc' dir='ltr'><em>πατέ-</em></span> 
     </span>
     <span class='ocr_line' id='line_1_25' title="bbox 297 2842 1173 2934; baseline -0.001 -20"><span class='ocrx_word' id='word_1_182' title='bbox 297 2874 353 2933; x_wconf 88' lang='grc' dir='ltr'><em>ρες</em></span> <span class='ocrx_word' id='word_1_183' title='bbox 369 2844 464 2934; x_wconf 82' lang='grc' dir='ltr'><em>ήμῶν</em></span> <span class='ocrx_word' id='word_1_184' title='bbox 481 2850 526 2923; x_wconf 90' lang='grc' dir='ltr'><em>είς</em></span> <span class='ocrx_word' id='word_1_185' title='bbox 540 2842 601 2931; x_wconf 85' lang='grc' dir='ltr'><em>τήν</em></span> <span class='ocrx_word' id='word_1_186' title='bbox 617 2852 759 2930; x_wconf 84' lang='grc' dir='ltr'><em>Μηλίων</em></span> <span class='ocrx_word' id='word_1_187' title='bbox 774 2853 965 2930; x_wconf 91' lang='grc' dir='ltr'><em>πολιορκίαι</em></span> <span class='ocrx_word' id='word_1_188' title='bbox 985 2844 1173 2933; x_wconf 89' lang='grc' dir='ltr'><em>άνήλωσαν.</em></span> 
     </span>
    </p>

    <p class='ocr_par' dir='ltr' id='par_1_6' title="bbox 236 2941 1273 3532">
     <span class='ocr_line' id='line_1_26' title="bbox 236 2941 1254 3034; baseline 0.003 -23"><span class='ocrx_word' id='word_1_189' title='bbox 236 2959 283 3011; x_wconf 75' lang='grc'><em>114</em></span> <span class='ocrx_word' id='word_1_190' title='bbox 381 2945 590 3034; x_wconf 83' lang='grc' dir='ltr'><em>Ἠβονλόμην</em></span> <span class='ocrx_word' id='word_1_191' title='bbox 605 2943 636 3012; x_wconf 91' lang='grc' dir='ltr'><em>δ’</em></span> <span class='ocrx_word' id='word_1_192' title='bbox 656 2941 716 3020; x_wconf 86' lang='grc' dir='ltr'><em>άν,</em></span> <span class='ocrx_word' id='word_1_193' title='bbox 734 2945 845 3030; x_wconf 73' lang='grc' dir='ltr'><em>ὥσπερ</em></span> <span class='ocrx_word' id='word_1_194' title='bbox 860 2948 1079 3031; x_wconf 78' lang='grc' dir='ltr'><em>ἐξαριθμῆσαι</em></span> <span class='ocrx_word' id='word_1_195' title='bbox 1093 2944 1153 3023; x_wconf 84' lang='grc' dir='ltr'><em>τάς</em></span> <span class='ocrx_word' id='word_1_196' title='bbox 1167 2947 1254 3030; x_wconf 86' lang='grc' dir='ltr'><em>πρά-</em></span> 
     </span>
     <span class='ocr_line' id='line_1_27' title="bbox 298 3042 1255 3135; baseline -0.002 -19"><span class='ocrx_word' id='word_1_197' title='bbox 298 3056 362 3129; x_wconf 83' lang='grc' dir='ltr'><em>ξεις</em></span> <span class='ocrx_word' id='word_1_198' title='bbox 383 3047 502 3135; x_wconf 81' lang='grc' dir='ltr'><em>ῥηίδιον</em></span> <span class='ocrx_word' id='word_1_199' title='bbox 521 3046 677 3130; x_wconf 80' lang='grc' dir='ltr'><em>γέγονεν,</em></span> <span class='ocrx_word' id='word_1_200' title='bbox 699 3044 806 3123; x_wconf 82' lang='grc' dir='ltr'><em>οὕτως</em></span> <span class='ocrx_word' id='word_1_201' title='bbox 825 3042 900 3113; x_wconf 82' lang='grc' dir='ltr'><em>οἷόν</em></span> <span class='ocrx_word' id='word_1_202' title='bbox 920 3043 951 3111; x_wconf 84' lang='grc' dir='ltr'><em>τ’</em></span> <span class='ocrx_word' id='word_1_203' title='bbox 975 3043 1058 3113; x_wconf 84' lang='grc' dir='ltr'><em>εἶναι</em></span> <span class='ocrx_word' id='word_1_204' title='bbox 1080 3047 1255 3132; x_wconf 88' lang='grc' dir='ltr'><em>συντόμως</em></span> 
     </span>
     <span class='ocr_line' id='line_1_28' title="bbox 299 3140 1254 3233; baseline -0.002 -19"><span class='ocrx_word' id='word_1_205' title='bbox 299 3153 446 3233; x_wconf 87' lang='grc' dir='ltr'><em>δηλωσαι</em></span> <span class='ocrx_word' id='word_1_206' title='bbox 469 3142 545 3222; x_wconf 83' lang='grc' dir='ltr'><em>τούς</em></span> <span class='ocrx_word' id='word_1_207' title='bbox 567 3141 724 3228; x_wconf 82' lang='grc' dir='ltr'><em>καιρούς,</em></span> <span class='ocrx_word' id='word_1_208' title='bbox 747 3148 783 3211; x_wconf 85' lang='grc' dir='ltr'><em>έν</em></span> <span class='ocrx_word' id='word_1_209' title='bbox 804 3140 853 3221; x_wconf 83' lang='grc' dir='ltr'><em>οἷς</em></span> <span class='ocrx_word' id='word_1_210' title='bbox 868 3146 989 3211; x_wconf 79' lang='grc' dir='ltr'><em>ἕκαστα</em></span> <span class='ocrx_word' id='word_1_211' title='bbox 1004 3143 1134 3210; x_wconf 87' lang='grc' dir='ltr'><em>τούτων</em></span> <span class='ocrx_word' id='word_1_212' title='bbox 1150 3145 1254 3226; x_wconf 89' lang='grc' dir='ltr'><em>έπρά-</em></span> 
     </span>
     <span class='ocr_line' id='line_1_29' title="bbox 298 3239 1254 3336; baseline -0.003 -21"><span class='ocrx_word' id='word_1_213' title='bbox 298 3258 378 3336; x_wconf 79' lang='grc' dir='ltr'><em>χθη,</em></span> <span class='ocrx_word' id='word_1_214' title='bbox 403 3247 456 3313; x_wconf 83' lang='grc' dir='ltr'><em>καὶ</em></span> <span class='ocrx_word' id='word_1_215' title='bbox 477 3241 515 3312; x_wconf 80' lang='grc' dir='ltr'><em>τά</em></span> <span class='ocrx_word' id='word_1_216' title='bbox 532 3251 587 3329; x_wconf 82' lang='grc' dir='ltr'><em>τῆς</em></span> <span class='ocrx_word' id='word_1_217' title='bbox 602 3245 748 3324; x_wconf 90' lang='grc' dir='ltr'><em>πόλεως,</em></span> <span class='ocrx_word' id='word_1_218' title='bbox 765 3242 809 3322; x_wconf 78' lang='grc' dir='ltr'><em>ὡς</em></span> <span class='ocrx_word' id='word_1_219' title='bbox 825 3242 904 3329; x_wconf 78' lang='grc' dir='ltr'><em>εἶχε,</em></span> <span class='ocrx_word' id='word_1_220' title='bbox 921 3246 975 3309; x_wconf 81' lang='grc' dir='ltr'><em>καὶ</em></span> <span class='ocrx_word' id='word_1_221' title='bbox 990 3239 1052 3327; x_wconf 85' lang='grc' dir='ltr'><em>τήν</em></span> <span class='ocrx_word' id='word_1_222' title='bbox 1066 3249 1135 3309; x_wconf 83' lang='grc' dir='ltr'><em>των</em></span> <span class='ocrx_word' id='word_1_223' title='bbox 1152 3253 1254 3312; x_wconf 86' lang='grc' dir='ltr'><em>πολε-</em></span> 
     </span>
     <span class='ocr_line' id='line_1_30' title="bbox 297 3338 1273 3435; baseline -0.003 -21"><span class='ocrx_word' id='word_1_224' title='bbox 297 3354 383 3435; x_wconf 91' lang='grc' dir='ltr'><em>μίων</em></span> <span class='ocrx_word' id='word_1_225' title='bbox 405 3344 566 3429; x_wconf 90' lang='grc' dir='ltr'><em>δύναμιν·</em></span> <span class='ocrx_word' id='word_1_226' title='bbox 589 3342 677 3411; x_wconf 85' lang='grc' dir='ltr'><em>πολύ</em></span> <span class='ocrx_word' id='word_1_227' title='bbox 698 3343 763 3429; x_wconf 81' lang='grc' dir='ltr'><em>γάρ</em></span> <span class='ocrx_word' id='word_1_228' title='bbox 786 3340 830 3412; x_wconf 83' lang='grc' dir='ltr'><em>άν</em></span> <span class='ocrx_word' id='word_1_229' title='bbox 851 3341 932 3428; x_wconf 76' lang='grc' dir='ltr'><em>ὑμῖν</em></span> <span class='ocrx_word' id='word_1_230' title='bbox 952 3345 989 3407; x_wconf 81' lang='grc' dir='ltr'><em>αἵ</em></span> <span class='ocrx_word' id='word_1_231' title='bbox 1008 3338 1037 3408; x_wconf 90' lang='grc' dir='ltr'><em>τ’</em></span> <span class='ocrx_word' id='word_1_232' title='bbox 1068 3341 1273 3429; x_wconf 40' lang='grc' dir='ltr'><em>εύεργεσίαΐε</em></span> 
     </span>
     <span class='ocr_line' id='line_1_31' title="bbox 296 3439 1252 3532; baseline 0 -19"><span class='ocrx_word' id='word_1_233' title='bbox 296 3452 427 3532; x_wconf 78' lang='grc' dir='ltr'><em>μείζους</em></span> <span class='ocrx_word' id='word_1_234' title='bbox 441 3443 591 3520; x_wconf 80' lang='grc' dir='ltr'><em>κακεῖνος</em></span> <span class='ocrx_word' id='word_1_235' title='bbox 606 3450 760 3522; x_wconf 88' lang='grc' dir='ltr'><em>πλείονος</em></span> <span class='ocrx_word' id='word_1_236' title='bbox 774 3442 863 3522; x_wconf 83' lang='grc' dir='ltr'><em>άξιος</em></span> <span class='ocrx_word' id='word_1_237' title='bbox 877 3446 990 3520; x_wconf 82' lang='grc' dir='ltr'><em>ἔδοξεν</em></span> <span class='ocrx_word' id='word_1_238' title='bbox 1003 3439 1096 3508; x_wconf 75' lang='grc' dir='ltr'><em>εἶναι.</em></span> <span class='ocrx_word' id='word_1_239' title='bbox 1130 3449 1194 3510; x_wconf 84' lang='grc' dir='ltr'><em>νῦν</em></span> <span class='ocrx_word' id='word_1_240' title='bbox 1217 3447 1252 3513; x_wconf 76' lang='grc' dir='ltr'><em>δὲ</em></span> 
     </span>
    </p>

    <p class='ocr_par' dir='ltr' id='par_1_7' title="bbox 164 3538 1251 3728">
     <span class='ocr_line' id='line_1_32' title="bbox 164 3538 1251 3631; baseline 0.004 -22"><span class='ocrx_word' id='word_1_241' title='bbox 164 3628 166 3631; x_wconf 22' lang='grc' dir='ltr'>Ι</span> <span class='ocrx_word' id='word_1_242' title='bbox 231 3560 278 3611; x_wconf 82' lang='grc'><em>115</em></span> <span class='ocrx_word' id='word_1_243' title='bbox 295 3552 397 3613; x_wconf 83' lang='grc' dir='ltr'><em>ταῦτα</em></span> <span class='ocrx_word' id='word_1_244' title='bbox 418 3545 480 3628; x_wconf 77' lang='grc' dir='ltr'><em>μέν</em></span> <span class='ocrx_word' id='word_1_245' title='bbox 502 3542 587 3609; x_wconf 82' lang='grc' dir='ltr'><em>ἐάσω</em></span> <span class='ocrx_word' id='word_1_246' title='bbox 611 3540 665 3610; x_wconf 85' lang='grc' dir='ltr'><em>διά</em></span> <span class='ocrx_word' id='word_1_247' title='bbox 682 3542 872 3628; x_wconf 82' lang='grc' dir='ltr'><em>τδπλήθος.</em></span> <span class='ocrx_word' id='word_1_248' title='bbox 903 3540 1063 3625; x_wconf 81' lang='grc' dir='ltr'><em>(κς’.*ς’.)</em></span> <span class='ocrx_word' id='word_1_249' title='bbox 1085 3538 1251 3629; x_wconf 81' lang='grc' dir='ltr'><em>Ἡγοῦμαι</em></span> 
     </span>
     <span class='ocr_line' id='line_1_33' title="bbox 295 3637 1251 3728; baseline -0.002 -17"><span class='ocrx_word' id='word_1_250' title='bbox 295 3640 328 3711; x_wconf 87' lang='grc' dir='ltr'><em>δ’</em></span> <span class='ocrx_word' id='word_1_251' title='bbox 348 3640 434 3726; x_wconf 82' lang='grc' dir='ltr'><em>ὑμᾶς</em></span> <span class='ocrx_word' id='word_1_252' title='bbox 451 3639 555 3728; x_wconf 80' lang='grc' dir='ltr'><em>ἡδέως</em></span> <span class='ocrx_word' id='word_1_253' title='bbox 569 3637 612 3706; x_wconf 84' lang='grc' dir='ltr'><em>άν</em></span> <span class='ocrx_word' id='word_1_254' title='bbox 628 3638 780 3723; x_wconf 88' lang='grc' dir='ltr'><em>άκούσαι,</em></span> <span class='ocrx_word' id='word_1_255' title='bbox 796 3638 851 3709; x_wconf 83' lang='grc' dir='ltr'><em>διά</em></span> <span class='ocrx_word' id='word_1_256' title='bbox 866 3647 899 3706; x_wconf 89' lang='grc' dir='ltr'><em>τί</em></span> <span class='ocrx_word' id='word_1_257' title='bbox 910 3664 988 3706; x_wconf 89' lang='grc' dir='ltr'><em>ποτε</em></span> <span class='ocrx_word' id='word_1_258' title='bbox 1001 3647 1068 3706; x_wconf 79' lang='grc' dir='ltr'><em>τῶν</em></span> <span class='ocrx_word' id='word_1_259' title='bbox 1077 3644 1142 3725; x_wconf 75' lang='grc' dir='ltr'><em>μέν</em></span> <span class='ocrx_word' id='word_1_260' title='bbox 1154 3640 1251 3709; x_wconf 89' lang='grc' dir='ltr'><em>εύδο-</em></span> 
     </span>
    </p>
   </div>
   <div class='ocr_carea' id='block_1_4' title="bbox 0 0 1434 4334">
    <p class='ocr_par' dir='ltr' id='par_1_8' title="bbox 0 0 1434 4334">
     <span class='ocr_line' id='line_1_34' title="bbox 0 0 1434 4334; baseline 0 4"><span class='ocrx_word' id='word_1_261' title='bbox 0 0 1434 4334; x_wconf 95' lang='lat' dir='ltr'><em> </em></span> 
     </span>
    </p>
   </div>
  </div>
 </body>
</html>
