2859 4334
480 408 795 467 ΠΛΑΤΑΙΚΟΣ.
1073 404 1114 464 95
1196 443 1199 450 ·

158 574 320 647 διδόντες.
355 565 433 637 ὥστ’
462 565 524 635 οὐκ
550 573 640 635 ἔστιν
666 565 757 644 ὅπως
781 566 1006 653 βουλήσονται
1031 567 1115 653 πρός

160 671 250 758 ὑμᾶς
266 666 351 750 ὑπὲρ
361 675 419 754 τῆς
430 664 606 749 άλλοτρίας
618 669 844 751 διενεχθέντες
855 665 916 749 τήν
927 664 1040 733 αὐτῶν
1051 665 1114 733 πό-

159 782 217 840 λιν
227 760 340 846 οὕτως
359 773 430 855 ελκῇ
445 770 498 833 καὶ
515 767 690 852 προδήλως
708 763 908 852 ἀποβαλεῖν,
925 763 1008 833 άλλά
1028 764 1116 834 πολό

159 868 389 955 κοσμιώτερον
404 870 627 933 διακείσονται
643 862 728 946 πρός
748 863 878 942 ἁπάσας
900 864 956 943 τάς
971 868 1115 948 πράξεις,

160 970 218 1036 καὶ
234 966 385 1055 τοσοότφ
401 972 503 1031 πλείω
515 965 711 1049 ποιήσονται
723 972 909 1051 θεραπείαν
927 964 1033 1049 ὑμῶν,
1048 961 1117 1054 όσφ

110 1088 144 1140 37
162 1092 228 1149 περ
245 1061 289 1131 οἷν
305 1072 433 1150 μᾶλλον
454 1066 529 1145 περὶ
552 1070 650 1146 σφων
673 1059 785 1128 αὐτων
803 1065 965 1129 δεδίωσιν,
991 1066 1117 1129 ἐπεδεί-

162 1175 265 1247 ξαντο
283 1160 317 1230 δ’
336 1160 427 1248 ὑμῖν,
446 1161 491 1241 ὡς
504 1162 566 1249 χρή
583 1170 622 1251 τῇ
645 1162 747 1246 φύσει
762 1170 907 1249 χρήσθαι
922 1172 961 1252 τῇ
976 1165 1117 1246 τούτων,

162 1270 198 1345 ἐξ
217 1256 265 1331 ὧν
281 1269 426 1345 ἔπραξαν
440 1267 513 1345 περὶ
535 1261 706 1345 Ὠρωπόν·
730 1259 784 1327 ὅτε
801 1260 943 1347 μὲνγὰρ
962 1264 1146 1341 ἐξουσίανδ

166 1364 312 1450 ήλπισαν
330 1358 443 1437 αὑτοῖς
458 1366 594 1427 ἔσεσθαι
609 1374 729 1437 ποιεῖν,
750 1356 770 1425 ό
784 1386 814 1425 τι
832 1354 876 1425 άν
890 1367 1118 1445 βουληθῶσιν,

165 1460 229 1547 οὐχ
245 1459 290 1539 ως
314 1462 499 1547 συμμάχοις
521 1458 603 1544 ὑμῖν
623 1462 920 1544 προσηνέχθησαν,
942 1456 1015 1526 ἀλλ’
1032 1458 1118 1542 άπερ

164 1558 211 1629 άν
232 1568 278 1638 εἰς
299 1559 378 1638 τοὺς
407 1560 674 1643 πολεμιωτάτους
701 1560 895 1642 ἐξαμαρτεῖν
916 1558 1118 1643 ἐτόλμησαν·

165 1660 282 1747 ἐπειδή
290 1659 321 1726 δ’
336 1659 544 1737 ἐκσπόνδους
553 1656 676 1735 αὐτοὺς
687 1656 761 1723 άντὶ
768 1659 899 1723 τούτων
910 1664 1120 1743 ἐψηφίσασθε

166 1768 322 1844 ποιησαι,
348 1760 558 1843 παυσάμενοι
587 1765 655 1823 των
680 1758 908 1842 φρονημάτων
936 1751 1046 1841 ἦλθον
1077 1755 1122 1835 ὡς

169 1857 276 1943 ὑμᾶς,
298 1859 537 1940 ταπεινότερον
554 1858 764 1932 διατεθέντες
778 1850 799 1939 ή
815 1861 880 1921 νῦν
896 1853 987 1941 ἡμεῖς
1000 1855 1122 1940 τυχχά·

114 1980 151 2028 38
168 1983 273 2039 νομεν
288 1962 425 2042 ἔχοντες.
448 1954 526 2022 ὥστ’
544 1956 587 2042 ήν
597 1982 685 2033 τινες
698 1953 784 2039 ὑμᾶς
797 1957 965 2040 έκφοβωσι
983 1964 1050 2023 των
1061 1960 1122 2043 ῥη-
1137 1982 1152 2019 ε

167 2057 298 2137 πόρων,
321 2053 366 2131 ὡς
381 2056 540 2132 κίνδυνός
556 2059 640 2139 έστι,
665 2053 709 2140 μή
726 2056 976 2141 μεταβάλωνται
995 2059 1049 2124 καὶ
1065 2059 1122 2142 γε’-

169 2180 295 2221 νωνται
310 2151 391 2238 μετά
414 2162 483 2221 τῶν
505 2152 746 2240 πολεμίων,οά
767 2152 829 2239 χρή
845 2156 1029 2222 πιστεύειν·
1054 2183 1121 2222 τοι-

170 2262 270 2321 αῦται
283 2252 349 2338 γάρ
364 2253 488 2331 αὐτοὺς
502 2253 646 2339 άνάγκαι
662 2256 919 2339 κατειλήφασιν,
939 2254 1022 2321 ὥστε
1037 2251 1124 2321 πολὺ

171 2348 216 2420 άν
230 2361 357 2419 θάττον
372 2353 432 2439 τήν
448 2352 611 2440 ὑμετέραν
623 2350 761 2438 άρχήνή
777 2352 838 2438 τήν
851 2359 1124 2438 Λακεδαιμονίων

171 2458 362 2538 συμμαχίαν
378 2448 594 2538 ὑπομείνειεν

118 2568 156 2621 39
258 2550 338 2630 (ις’.)
355 2556 398 2617 Ec
421 2549 452 2616 δ’
477 2544 541 2618 οὖν
562 2554 616 2617 καὶ
637 2548 796 2618 τάναντία
821 2556 974 2636 μέλλοιεν
995 2550 1126 2618 ἅπαντα
1142 2578 1192 2629 304

173 2652 332 2735 πράξειν,
358 2649 433 2718 οὐδ’
464 2651 570 2729 οὕτως
595 2650 742 2738 ἡγοῦμαι
764 2652 947 2736 προσήκειν
969 2648 1050 2735 ὑμῖν
1070 2657 1127 2736 τῆς

173 2758 332 2838 Θηβαίων
349 2752 476 2829 πόλεως
493 2760 596 2820 πλείω
616 2751 823 2838 ποιήσασθαι
839 2748 975 2839 λόγονῆ
990 2760 1058 2819 τῶν
1072 2750 1126 2837 όρ·

174 2878 245 2920 κων
260 2853 315 2918 καὶ
330 2858 398 2916 τῶν
409 2860 605 2937 συνθηκῶν,
621 2855 899 2937 ἐνθυμουμένους
910 2860 1043 2936 πρῶτον
1055 2854 1127 2936 μὲν,

176 2951 221 3030 ὡς
235 2949 278 3018 οὐ
292 2950 372 3029 τούς
391 2953 574 3030 κινδύνους
596 2950 680 3021 άλλά
702 2951 761 3031 τάς
776 2950 908 3032 ιἰδοξίας
930 2956 984 3020 καὶ
1003 2953 1061 3031 τας
1077 2959 1129 3021 αἰ-

176 3054 302 3139 σχύνας
313 3061 493 3138 φοβεῖσθαι
501 3055 642 3136 πάτριον
653 3051 734 3139 ὑμῖν
749 3055 848 3137 ἐστὶν,
864 3052 966 3121 ἔπειθ’
981 3052 1031 3121 ὅτι
1043 3073 1128 3139 σομε

175 3160 286 3239 βαίνει
302 3166 437 3234 κρατεῖν
455 3154 492 3218 ἐν
508 3166 576 3229 τοῖς
598 3156 754 3236 πολέμοις
769 3150 811 3218 οὐ
827 3150 906 3228 τούς
920 3160 976 3240 βία
994 3152 1051 3229 τας
1067 3152 1130 3217 πό-

176 3261 245 3328 λεις
277 3254 609 3335 καταστρεφομένους
645 3248 729 3318 άλλά
763 3248 842 3328 τούς
869 3248 1050 3334 όσιάτερον
1077 3252 1130 3315 καλ

128 3373 163 3424 ιο
179 3349 369 3435 πραότερον
383 3347 594 3433 τὴνἙλλάδα
610 3352 830 3424 διοικοῦντας.
855 3348 930 3425 (ab
959 3349 1020 3414 Καὶ
1035 3344 1128 3414 ταῦτ’
1143 3360 1159 3410 b

179 3456 230 3519 ε’πῖ
247 3452 415 3519 πλειόνων
439 3455 502 3535 μὲν
522 3451 566 3517 άν
580 3478 628 3528 τις
651 3450 930 3534 παραδειγμάτων
952 3454 1018 3533 ἔχοι
1043 3452 1129 3514 διελ-

178 3563 271 3619 θεῖν·
295 3548 333 3617 τά
356 3549 387 3616 δ’
411 3544 475 3617 οὖν
499 3549 553 3635 ἐφ’
577 3548 673 3636 ἡμῶν
693 3548 859 3633 γενόμενα
881 3554 929 3623 τίς
951 3545 1012 3613 οὐκ
1030 3544 1131 3626 οἶδεν,

178 3649 230 3715 ὅτι
248 3653 304 3717 καί
314 3646 663 3734 Λακεδαιμόνιοιτήνδ
667 3648 791 3733 άναμιν
798 3646 859 3731 τήν
868 3644 1032 3730 ὑμετέραν
1046 3643 1133 3712 άνυ-
