2859 4334
490 353 605 406 11111111
624 353 808 409 1101111011,
1089 351 1152 416 989

132 513 220 581 (orat.
243 510 316 566 VIII.
345 511 450 581 scripta
473 528 497 567 a.
524 511 571 566 Oh.
590 530 618 568 n.
673 512 714 566 rio
726 512 852 567 etXerxe
864 512 911 578 IV,
924 518 964 568 21.
982 519 1022 566 22.
1039 516 1150 567 86-99.

131 587 211 653 356.)
229 582 319 636 malos
335 583 510 636 consiliarios
528 583 559 634 in
576 599 618 636 re·
672 583 706 651 V,
732 591 790 638 147.
820 584 879 652 111,
904 590 946 638 16.
972 583 1032 649 XII,
1057 588 1099 637 49.
1125 584 1150 636 el

132 657 190 708 bus
205 654 242 707 ad
260 653 460 723 rempublicam
477 653 618 723 pertinen·
672 672 732 722 sqq.
749 662 790 708 92.
808 661 876 721 196,
895 654 944 708 ubi
957 653 1056 707 Xerxis
1072 669 1149 723 prae

131 727 215 780 tibus
229 725 366 778 adhibent
383 724 457 788 VIII,
478 732 528 789 13,
547 724 618 778 nulli
671 725 735 778 miis
761 725 915 795 repudiatis
943 727 1046 780 terram
1074 740 1151 777 suam

131 799 183 852 est
210 797 298 850 libere
322 795 457 863 loquendi
483 797 616 865 potestas,
671 796 861 850 deseruerunt.
894 795 940 863 IV,
969 803 1010 852 94.
1042 802 1084 851 96.
1117 794 1151 862 1,

131 868 193 923 nisi
216 869 244 920 in
265 869 401 936 suggestu
424 865 617 920 stolidissimis
672 873 731 922 147.
760 866 813 936 11,
838 872 879 921 83.
907 867 985 934 VIII,
1009 873 1052 920 43.
1084 865 1151 920 Post

130 939 325 995 etintheatro
337 937 544 991 comoediarum
552 937 617 990 scri·
670 937 804 992 victorias
828 937 903 992 bello
922 936 1033 992 Persico
1058 953 1149 1006 repor-

130 1010 265 1081 ptoribus
284 1009 358 1073 VIII,
379 1014 429 1075 14,
453 1011 496 1062 est
514 1007 616 1062 civitas
670 1010 745 1062 tatas
773 1009 809 1063 ad
837 1007 1043 1074 Marathonem,
1071 1009 1150 1062 Arte·

130 1101 149 1136 a
165 1079 377 1144 mercatoribus,
391 1078 561 1148 hospitibus,
575 1079 615 1131 in·
670 1080 796 1149 misium,
821 1079 989 1134 Salaminem
1011 1078 1149 1148 principa·

130 1151 253 1222 quilinis
271 1151 383 1205 deserta
396 1150 470 1218 VIII,
485 1156 526 1204 21.
546 1166 615 1202 mer·
670 1153 730 1204 tum
758 1153 927 1220 acceperunt
967 1149 1027 1216 Vll,
1056 1157 1080 1205 6.
1109 1157 1149 1202 17.

130 1224 311 1290 cenariisque
337 1221 475 1274 militibus
500 1221 617 1274 utuntur
670 1221 744 1290 VIII,
760 1229 802 1276 30.
817 1228 859 1274 42.
877 1229 918 1276 16.
947 1219 1007 1286 Quo
1021 1219 1150 1274 Iactoso-

129 1292 335 1350 abiectissimis
372 1292 453 1358 VIII,
490 1298 532 1344 44.
578 1291 615 1344 ci·
670 1293 729 1346 cios
752 1292 933 1358 induxerunt,
957 1294 990 1345 ut
1013 1308 1078 1345 suae
1098 1291 1149 1345 rei·

130 1384 183 1421 ves
199 1368 265 1419 sunt
282 1362 412 1432 remiges,
430 1362 467 1416 ib.
483 1367 535 1428 48,
554 1363 616 1416 tota
669 1361 799 1432 publicae
816 1363 934 1416 formam
948 1363 1148 1432 amplecteren-

130 1437 262 1492 civitatis
297 1432 504 1488 administratio
541 1432 615 1486 male
668 1435 715 1487 tur
729 1435 759 1488 et
771 1435 906 1504 populare
921 1433 1071 1503 imperium
1086 1449 1149 1486 con·

129 1509 224 1563 habet
236 1506 310 1573 VIII,
325 1512 367 1560 49.
383 1508 413 1558 et
426 1522 485 1572 sqq.
514 1503 614 1557 Demo·
669 1505 825 1559 stituerent.
855 1505 902 1573 IV,
929 1512 987 1560 105.
1015 1504 1080 1572 Xll,
1105 1511 1148 1556 64.

129 1578 226 1635 cratia
256 1578 300 1631 bis
332 1592 437 1630 eversa.
470 1575 544 1643 VIII,
572 1583 612 1628 61,
669 1575 829 1630 Effecerunt
855 1577 888 1628 ut
911 1575 1010 1630 Graeci
1038 1577 1149 1644 septua

132 1658 195 1706 123.
216 1649 275 1716 XX,
291 1656 331 1702 10.
362 1650 478 1700 quenes
495 1646 526 1698 in
543 1662 614 1699 com·
668 1647 751 1716 ginta
769 1646 826 1715 (IV,
847 1649 917 1716 106.)
936 1648 986 1700 aut
1003 1646 1149 1714 sexaginta

129 1721 328 1793 potationibus
338 1717 483 1777 etlusibus
493 1717 615 1770 aetatem
669 1717 791 1785 quinque
815 1733 902 1771 aunos
921 1717 990 1786 (XII,
1010 1720 1064 1784 66.)
1088 1715 1147 1768 feli-

129 1809 233 1863 agere,
265 1790 301 1844 ad
330 1788 541 1842 Enneacrunum
575 1788 614 1840 vi·
669 1789 740 1842 citor
754 1787 895 1858 degerent.
919 1787 1064 1842 Persarum
1074 1787 1147 1855 regis

130 1883 202 1919 num
216 1861 389 1931 refrigerare,
403 1859 433 1912 in
446 1858 542 1912 lustris
553 1859 616 1912 alea
669 1857 1148 1930 ditionemcircumscripserunt.IV,

130 1936 245 1999 ludere,
275 1933 305 1985 in
332 1929 513 1984 tibIcinarum
540 1929 614 1983 ludis
670 1939 729 1984 118.
761 1937 819 1984 120.
852 1929 913 1997 XII,
942 1937 984 1984 59.
1023 1929 1082 1996 Vll,
1105 1935 1147 1983 80.

130 2013 247 2074 tempus
260 2006 350 2057 terere
370 2001 470 2055 solent.
493 1999 554 2067 VH,
571 2006 613 2054 48.
668 2001 728 2071 lpsi
741 2004 837 2054 tamen
849 2003 915 2054 sunt
927 2017 977 2071 per
991 2001 1065 2054 hunc
1076 1999 1148 2067 prin-

131 2077 195 2145 XV,
208 2071 533 2140 28·I‚-Antiquissimis
547 2086 613 2123 vero
669 2073 793 2141 cipatum
818 2071 931 2126 Graecis
957 2071 1042 2124 invisi
1070 2069 1148 2124 facti.

129 2146 310 2216 temporibus
328 2145 464 2197 miserunt¹
482 2142 566 2195 duces
585 2140 613 2192 in
669 2143 716 2210 VI,
742 2149 784 2196 42.
818 2141 870 2195 Per
893 2142 1061 2196 decennium
1087 2158 1148 2195 sese

130 2217 269 2274 Graeciae
280 2215 419 2281 cirItates,
429 2213 477 2282 qui
487 2211 614 2266 collectis
669 2213 797 2268 omnibus
826 2211 939 2266 Graecis
966 2212 1148 2279 barbarisque

130 2287 233 2359 egenis
256 2285 357 2340 incolis
379 2285 512 2338 barbaros
535 2283 614 2335 undi-
668 2283 785 2338 infensis
804 2287 1001 2353 opposuerunt.
1026 2284 1147 2340 111157.

131 2377 190 2430 que
205 2357 377 2428 expellerent
395 2358 425 2408 et
438 2353 556 2408 Graecia
574 2353 613 2406 sic
669 2354 868 2408 Solonaeorum
904 2370 1001 2424 agrum
1039 2354 1148 2407 Platae·

132 2429 309 2500 amplificata
323 2428 352 2481 iu
367 2425 495 2480 omnibus
514 2423 613 2478 insulis
668 2425 778 2480 ensium
795 2423 922 2494 profugis
946 2424 1149 2477 distribuerunt

131 2505 165 2556 et
183 2501 214 2554 in
229 2501 347 2567 utraque
362 2495 519 2550 continenti
532 2496 614 2548 urbes
668 2496 714 2561 IV,
741 2502 799 2550 109.
828 2497 858 2549 et
879 2495 1081 2558 Messeniorum
1107 2511 1148 2548 re·

131 2572 295 2628 conderent.
333 2569 381 2636 IV,
409 2573 522 2622 34-3'1.
554 2565 615 2633 XII,
667 2565 765 2635 liquiis
797 2565 973 2637 Naupactum
1012 2566 1149 2619 dederunt

131 2651 179 2698 43.
199 2646 391 2696 44163190.
418 2637 489 2691 Sunt
505 2653 616 2706 semper
667 2637 859 2693 habitandam.
878 2637 939 2704 XII,
951 2643 993 2691 94.
1012 2637 1080 2690 Post
1090 2634 1147 2689 bel-

131 2711 366 2769 imbecillioribus
381 2708 544 2762 civitatibus
556 2706 614 2776 opi·
668 2708 727 2762 lum
738 2707 917 2762 Deceliacum
927 2707 1054 2761 Thebani
1063 2707 1148 2760 Athe·

130 2785 229 2840 tulati.
249 2784 296 2850 IV,
306 2790 347 2837 52.
367 2781 435 2843 VIII,
446 2787 488 2834 42.
505 2778 578 2844 XIV,
590 2786 613 2832 1.
667 2779 808 2833 niensium
826 2780 923 2832 urbem
944 2795 1005 2832 esse
1024 2779 1147 2832 everten-

131 2856 303 2926 Ep.11,1s.
336 2851 521 2916 Quamobrem
544 2849 614 2903 The·
669 2851 734 2902 dam
771 2849 962 2904 decreverunt.
999 2848 1072 2914 XIV,
1105 2856 1147 2902 31.

131 2930 225 2982 banos
243 2926 396 2994 coegerunt
414 2922 552 2975 caderem
565 2920 614 2973 Ar·
669 2919 853 2975 Athenienses
869 2919 1003 2974 ducentas
1018 2936 1105 2973 navos
1120 2919 1147 2971 in

132 2999 266 3068 givorum
286 2995 323 3048 ad
341 2993 491 3049 Cadmeam
510 2991 615 3045 occiso·
669 2992 829 3061 Aegyptum
855 2990 955 3044 missas
988 2990 1147 3056 amiserunt,

132 3087 198 3123 rum
215 3067 331 3121 reddere
350 3063 416 3120 suis.
443 3062 491 3130 IV,
510 3070 552 3117 55.
572 3067 613 3116 68.
668 3063 705 3115 ad
730 3060 851 3131 Cyprum
877 3064 989 3120 centum
1013 3064 1042 3115 et
1070 3059 1147 3128 quin·

133 3141 197 3205 XII,
214 3145 272 3193 169.
291 3136 364 3203 XIV,
375 3142 415 3190 53.
442 3133 615 3202 Peloponne·
669 3133 814 3202 quaginta,
829 3131 858 3185 in
869 3131 941 3185 Dato
953 3131 1048 3186 decem
1059 3131 1149 3183 millia

133 3214 194 3266 sios
213 3226 276 3262 cum
289 3207 445 3275 Eurystheo
463 3221 515 3276 pro
530 3204 615 3257 Hera·
669 3204 848 3268 armatorum,
867 3202 896 3256 in
916 3201 1014 3255 Sicilia
1032 3202 1148 3270 quadra-

133 3281 220 3338 clidis
238 3279 366 3333 vicerunt
384 3276 431 3345 IV,
450 3283 491 3331 66.
512 3281 554 3330 68.
581 3275 615 3341 V,
669 3274 750 3344 ginta
769 3273 859 3326 millia
877 3272 1000 3326 mllitum
1019 3289 1081 3325 cum
1100 3272 1148 3324 du-

133 3359 171 3408 34
199 3350 246 3418 11,
264 3357 306 3404 42.
330 3347 391 3414 VII,
411 3352 452 3402 15.
474 3347 535 3412 Xll,
556 3352 614 3400 194.
670 3345 758 3398 centis
774 3346 804 3398 et
822 3342 1009 3412 quadraginta
1021 3342 1148 3397 navibus.

134 3424 204 3478 item
232 3421 353 3474 Thraces
387 3435 449 3472 cum
477 3416 614 3485 Eumolpo
669 3415 698 3468 iu
714 3414 897 3483 Hellesponto
913 3414 1056 3469 ducentas.
1074 3413 1148 3479 Vlll,

135 3494 183 3563 IV,
203 3498 245 3547 68.
272 3493 318 3558 11,
337 3496 379 3544 42.
405 3489 527 3556 Vll,'15.
554 3487 614 3549 XII,
669 3493 712 3541 86.
745 3484 909 3554 Sepulturae
936 3483 1065 3554 publicae
1089 3500 1148 3538 cae·

135 3571 197 3620 193.
230 3562 348 3630 Scythas
377 3578 438 3614 cum
470 3557 614 3612 Amazoni·
669 3573 762 3610 sorum
782 3557 930 3623 quotannis
952 3555 1018 3608 sunt
1035 3553 1148 3609 habitae

135 3639 188 3690 bus
211 3633 258 3701 IV,
277 3638 390 3687 68-70.
416 3631 463 3696 Vl,
483 3637 524 3683 42.
553 3628 613 3693 VII,
669 3629 699 3682 et
711 3627 922 3694 antiquissimae
942 3624 1066 3678 familiae
1087 3642 1147 3695 per-

135 3715 178 3761 75.
198 3704 258 3768 XII,
274 3708 332 3757 193.
368 3702 464 3756 Persas
483 3718 547 3754 cum
560 3700 614 3752 Da·
667 3698 769 3752 ierunt.
788 3697 862 3762 VIII,
878 3701 976 3751 8188.
998 3695 1093 3750 Conon
1108 3696 1146 3749 vi·
