2859 4334
288 383 327 447 ιε
567 388 887 448 nomam
903 388 969 468 (ιι)
1371 388 1373 401 ³

287 553 390 616 καίτοι
413 554 482 627 πῶς
501 546 563 617 ούκ
586 542 725 634 αἰσχρόν
746 548 901 626 τοιαύτας
927 548 1013 637 ὑπὲρ
1037 558 1105 617 των
1129 548 1255 619 άλλων

286 654 455 713 ποιεῖσθαι
470 644 529 726 τάς
542 646 740 732 ἀπολογίας,
760 642 816 731 ἐφ’
833 642 885 725 αἷς
899 645 984 731 ὑπὲρ
1005 655 1133 716 σαυτοῦ
1145 657 1255 734 λεγο-
1371 642 1373 661 '

239 759 271 815 4³1
286 747 400 829 μένοις
411 742 542 826 μάλιστ’
556 740 599 811 άν
608 742 818 830 όργισθείης;
836 744 904 825 (κ’.)
918 749 1048 826 Σκέφαι
1059 748 1096 815 δέ
1107 745 1254 816 κάκεῑνο

286 842 340 909 καλ
351 845 464 910 δίελθε
475 841 559 929 πρδς
571 840 684 910 αὑτόν.
709 852 744 909 εδ
749 869 798 920 τις
809 850 877 910 τῶν
888 863 941 911 σοι
952 845 1127 912 συνόντων
1139 848 1254 931 ἐπαρ-

284 947 361 1023 θείη
383 954 507 1025 ποιεῖν,
533 938 556 1008 δι’
576 939 620 1008 σύ
638 938 814 1024 τυγχάνεις
835 938 1002 1027 εύλογάν,
1028 950 1099 1020 πῶς
1119 940 1182 1010 ούκ
1198 939 1252 1010 άν
1340 986 1345 997 ‹

285 1037 490 1118 ἀθλιώτατος
508 1051 557 1126 εἴη
580 1042 635 1107 καὶ
656 1046 724 1106 τῶν
739 1044 805 1104 νῦν
823 1037 932 1106 όντων
946 1042 1084 1109 καὶτῶν
1105 1043 1282 1109 πάποτεδ

285 1139 533 1224 γεγενημένους
549 1132 605 1223 ἆρ’
619 1131 684 1205 οὖν
694 1134 755 1222 χρή
767 1137 942 1215 τοιούτους
952 1138 1074 1222 λόγους
1085 1138 1249 1226 γράφειν,

287 1234 334 1315 οἷς
346 1245 443 1306 τοῦτο
454 1242 631 1322 προσέσται
644 1240 801 1324 μέγιστον
812 1234 962 1322 άγαθόυ,
978 1234 1023 1324 ήν
1033 1242 1160 1325 μηδένα
1170 1255 1249 1308 πεδ-

286 1358 340 1405 σαι
355 1346 422 1405 τῶν
436 1335 656 1406 άκουσάντων
668 1342 884 1422 δυνηθῶσινς

238 1454 271 1509 48
370 1437 461 1521 (κά.)
478 1435 574 1505 Ἀλλά
589 1436 653 1523 γάρ
666 1431 932 1520 λ’σωςάνελποις,
948 1435 1246 1515 ὡςούδὲσὲτοῦτο
1371 1500 1373 1513 ,

286 1540 493 1619 παρέλαθεν,
514 1531 587 1602 ἀλλ’
612 1532 807 1622 ἠβουλήθης
823 1547 892 1611 τοῖς
912 1534 1112 1621 φιλοσόφοις
1130 1536 1247 1620 παρά-

287 1640 403 1719 δειγμα
419 1643 626 1711 καταλιπεῖν,
650 1631 693 1711 ὡς
707 1630 769 1717 χρή
791 1634 950 1719 περὶτῶν
964 1640 1110 1720 αἰσχρῶν
1124 1640 1249 1701 αι’τιῶν

286 1734 340 1800 καὶ
361 1737 531 1819 δυσχερῶν
553 1732 758 1818 πραγμάτων
780 1741 949 1798 ποιεῖσθαι
970 1729 1028 1810 τάς
1049 1729 1243 1817 ἀπολογίας.

286 1830 358 1900 ἀλλ’
379 1838 408 1899 εἰ
420 1834 475 1899 καὶ
489 1832 654 1917 πρότερον
671 1827 821 1917 ἠγνόεις,
843 1826 935 1913 οἶμαί
947 1848 1001 1895 σοι
1015 1836 1082 1896 νῦν
1097 1838 1244 1916 γεγενῆ-
1256 1853 1274 1890 e

287 1942 366 1999 σθαι
382 1928 546 2016 φανερὸν,
563 1930 613 1997 ότι
627 1928 714 1997 πολύ
729 1936 856 1997 θᾶττον
871 1927 913 1995 άυ
930 1955 979 2007 τις
992 1936 1119 2017 σωθείη
1134 1931 1245 2017 μηδὲν

285 2029 517 2116 φθεγξάμενος
537 2026 559 2117 ἦ
579 2038 699 2097 τοῦτον
714 2025 774 2096 τόν
790 2027 917 2111 τρόπον
933 2025 1241 2115 ἀπολογησάμενος.
1371 2078 1373 2162 ή

237 2145 272 2200 49
287 2134 340 2198 καὶ
354 2130 416 2215 μέν
429 2128 469 2215 δή
486 2133 539 2196 καὶ
560 2136 657 2196 τοῦτο
673 2132 792 2215 δῆλον,
814 2124 866 2194 ὅτι
880 2134 937 2213 τής
952 2135 1153 2213 φιλοσοφίας
1167 2132 1242 2196 έπι-

285 2227 394 2315 κήρως
409 2233 616 2313 διακειμένης
633 2230 687 2294 καὶ
708 2227 948 2312 φθονουμένης
962 2223 1018 2293 διά
1031 2223 1111 2305 τούς
1125 2228 1242 2295 τοιού-

285 2356 362 2406 τους
376 2335 444 2394 των
460 2327 569 2413 λόγων
584 2334 630 2395 ἔτι
646 2333 775 2413 μᾶλλον
789 2322 895 2410 αύτήν
909 2326 1119 2410 μισήσουσιν.

369 2425 461 2514 (κβ.)
476 2422 539 2493 Ἢν
552 2419 617 2493 οὖν
632 2426 704 2512 ἐμοὶ
718 2431 837 2512 πείθη,
854 2424 996 2508 μάλιστα
1007 2424 1069 2509 μέν
1084 2420 1126 2492 ού
1142 2424 1242 2511 ποιή-
1260 2440 1310 2495 231
1369 2501 1370 2510 ς

285 2546 334 2591 σει
349 2533 410 2592 τού
425 2532 543 2593 λοιποῦ
555 2520 703 2610 πονηράς
717 2520 914 2605 ὑποθέσεις,
931 2528 961 2590 εἰ
975 2522 1012 2589 δὲ
1024 2519 1086 2608 μή,
1100 2530 1240 2590 τοιαῦτα

286 2623 430 2709 ζητήσεις
447 2624 572 2707 λέγειν,
588 2624 620 2703 ἐξ
636 2612 685 2689 ύν
696 2616 773 2707 μήτ’
787 2617 888 2699 αύτός
897 2627 1019 2706 χείρων
1033 2618 1118 2687 εἶναι
1133 2621 1240 2700 δόξεις

285 2724 364 2809 μήτε
381 2720 460 2801 τούς
480 2723 706 2807 μιμουμένους
725 2728 867 2805 λυμανει
885 2719 966 2805 μήτε
985 2715 1048 2804 τήν
1064 2722 1139 2802 περὶ
1160 2716 1240 2798 τούς

237 2841 272 2891 οο
287 2814 407 2906 λόγους
424 2824 599 2888 παίδευσιν
616 2823 791 2906 διαβαλεῑς.
813 2815 904 2904 (κγ’.)
915 2817 981 2883 Καὶ
991 2815 1035 2904 μή
1047 2818 1238 2905 θαυμάσῃς,

286 2928 316 2989 εἰ
329 2924 489 3003 νεώτερος
504 2916 551 2987 τόν
566 2921 620 2986 καὶ
631 2922 736 3005 μηδέν
746 2937 799 2986 σοι
811 2918 991 3004 προσήκων
1001 2914 1090 2985 οὕτω
1104 2923 1239 3003 προχεί-

287 3045 352 3099 ρως
362 3021 514 3104 ἐπιχειρῶ
524 3038 561 3085 σε
572 3025 765 3084 νουθετεῖν·
785 3014 931 3101 ἡγοῦμαι
944 3012 1011 3101 γάρ
1025 3011 1067 3081 οὐ
1077 3020 1145 3081 τῶν
1156 3038 1240 3099 πρε-

286 3116 460 3203 σβυτάτων
476 3113 554 3183 οὐδὲ
565 3124 632 3182 τῶν
646 3114 859 3182 οἰκειοτάτων
871 3112 955 3182 άλλά
969 3121 1038 3182 τῶν
1051 3110 1178 3181 πλεῖστ’
1191 3120 1239 3183 εδ-

212 3217 216 3231 ’
286 3216 393 3282 δότων
407 3216 461 3282 καὶ
476 3217 692 3301 βουλομένων
707 3211 850 3299 ὠφελεῖν
865 3221 965 3301 ἔργον
981 3212 1064 3283 εἶναι
1079 3215 1238 3299 περὶτῶν

286 3313 446 3380 τοιούτων
459 3314 714 3400 συμβουλεύειν.

658 3574 864 3586 Μ
