2859 4334
420 437 803 510 ΠΑΝΗΓΤΡΙΚΟΣ.
1054 431 1097 498 8ὖ

145 642 199 702 νην
213 615 269 682 καὶ
292 613 355 702 την
370 618 434 682 τού
451 614 614 701 βασιλέως
630 613 839 692 πλεονεξίαν.
874 612 933 696 τῆς
950 606 1017 695 γάρ
1034 609 1097 696 γῆς

145 714 263 804 ἀκάσης
286 718 347 803 τῆς
369 713 439 784 ύπό
462 719 511 806 τῷ
528 713 644 804 κόσμῳ
661 712 814 800 κειμένης
838 714 917 798 ύίχα
933 710 1097 797 τετμημέ-

144 845 205 906 νης,
216 819 275 886 καί
289 819 348 904 τῆς
360 815 424 904 μὲν
434 814 557 901 Ἀσίας,
570 819 630 902 της
642 810 677 884 δ’
691 811 861 901 Εύροόπης
874 811 1098 900 καλουμένης,

143 919 195 1006 την
206 912 363 1008 ἡμίσειαν
377 919 414 986 ἐκ
426 922 496 985 τοῖν
509 918 695 1004 συνθηκῶν
709 923 860 1002 είληφεν,
880 910 992 1002 ὥσπερ
1013 911 1099 999 πρὸς

141 1019 193 1090 τόν
216 1026 288 1090 Δία
311 1017 375 1106 τὴν
397 1018 513 1108 χώραν
535 1020 722 1105 νεμόμενος
751 1008 831 1084 ἀλλ’
856 1011 898 1084 ού
924 1010 1011 1100 πρός
1034 1011 1098 1082 ἀν-

124 1122 298 1207 ῖθρύπους
310 1119 370 1200 τάς
383 1120 558 1208 συνθήκας
570 1124 782 1207 ποιούμενος.
805 1121 861 1190 καλ
874 1125 996 1200 ταύτας
1007 1117 1122 1209 ἧμάςσ

143 1218 328 1308 ἠνάγκασεν
343 1223 381 1289 ἐν
394 1220 529 1309 στήλαις
542 1226 690 1299 λιθίναις
704 1217 965 1306 ἀναγράφοντας
976 1222 1013 1288 ἐν
1026 1234 1096 1297 τοῖς

145 1335 263 1400 κοινοῖς
272 1329 342 1389 τόν
352 1325 454 1406 ίεριῦν
462 1331 671 1407 καταθεῖναι,
682 1319 771 1389 πολύ
783 1319 923 1388 κάλλιον
931 1318 1095 1404 τρόπαιον

144 1428 202 1487 τόν
225 1423 264 1488 lv
284 1433 355 1499 ταῖς
377 1419 498 1506 μάχαις
521 1421 748 1507 γιγνομένων·
777 1416 817 1487 τά
838 1414 986 1504 μὲνγὰρ
1007 1413 1094 1502 ὑπὲρ

143 1524 266 1605 μικρῶν
283 1523 393 1604 ἔργον
413 1521 468 1586 καὶ
489 1525 566 1604 μιᾶς
588 1517 689 1605 τύχης
709 1521 816 1604 ἐστίν,
840 1510 939 1585 αύται
957 1513 990 1584 δ’
1008 1515 1094 1603 ὑπὲρ

143 1614 284 1695 ἅπαντος
294 1622 356 1684 τοῦ
365 1620 515 1704 πολέμου
527 1618 582 1686 καὶ
592 1613 672 1685 καθ’
682 1615 762 1704 ὅλης
772 1613 991 1703 τῆςἙλλάόος
999 1613 1094 1702 ἑστή-

141 1736 243 1783 κασιν.

122 1836 128 1885 ι
211 1813 313 1900 ’Υπὲρ
340 1808 389 1883 τόν
413 1813 509 1895 ἀξιον
531 1811 724 1902 όργιζεσθαι
745 1817 801 1884 καὶ
820 1828 977 1902 σκοπεῖν,
1003 1811 1095 1894 ὅπως

140 1923 200 1985 τῶν
212 1941 250 1985 τε
263 1916 500 2002 γεγενημένων
513 1921 613 2003 όίκην
622 1914 803 2003 ληψόμεθα
814 1917 869 1984 καί
879 1913 919 1983 τά
931 1915 1094 2000 μέλλοντα

139 2014 408 2102 όιορθωσόμεθα.
432 2013 563 2101 καὶγὰρ
575 2012 792 2104 αίσχρόνίόίρι
806 2013 868 2101 μὲν
881 2028 951 2095 τοῖς
963 2014 1121 2104 staff-0

138 2139 204 2199 ροις
219 2116 364 2194 οίκίταις
383 2109 502 2194 ἀξιοῦν
514 2120 678 2201 χρῆσθαι,
701 2117 844 2203 δημοσία
862 2113 898 2183 σε
912 2115 1095 2193 τοσούτους

137 2221 200 2281 τόν
211 2213 399 2300 συμμάχων
409 2220 573 2303 περιορᾶν
583 2210 697 2292 αὐτοῖς
707 2212 943 2301 δουλεύοντας,
951 2216 1006 2284 καὶ
1016 2212 1095 2293 τούς

137 2313 194 2397 μὲν
207 2314 287 2399 περὶ
300 2310 342 2380 τύ
358 2311 491 2402 Τρωῖκά
506 2317 710 2400 γευομένους
723 2319 801 2399 μιᾶς
812 2310 974 2399 γυναικός
984 2309 1094 2402 ἀρτα-

137 2414 279 2498 σθείσης
296 2409 405 2492 ούτως
425 2409 576 2491 ἅπαντας
598 2417 868 2498 συνοργισθῆναι
887 2423 957 2490 τοῖς
977 2408 1094 2497 ἀόικη-

136 2521 246 2581 θεῖσιν
268 2508 353 2579 ὥστε
372 2507 417 2599 μὴ
441 2511 609 2598 πρότερον
631 2512 831 2580 παύσασθαι
854 2519 1093 2599 πολεμοῦντας,

135 2613 212 2694 πρὶν
226 2608 292 2697 τὴν
302 2610 404 2679 πόλιν
416 2607 606 2678 ἀνάστατον
616 2612 778 2696 ἐποίησαν
791 2619 854 2679 τοῦ
868 2612 1095 2698 τολμήσαντος
1109 2630 1143 2686 79

135 2712 347 2797 ἐξαμαρτεῖν,
371 2706 459 2797 ἡμᾶς
476 2708 509 2777 δ’
525 2707 605 2796 ὅλης
624 2716 683 2797 τῆς
696 2708 853 2789 Ἐλλύόος
875 2708 1094 2799 ὑβριζομένης

134 2811 300 2895 μηδεμίαν
314 2808 523 2897 ποιήσασθαι
536 2808 658 2896 κοινὴν
668 2814 842 2897 τιμωρίαν,
858 2807 933 2891 ἐξόν
944 2806 1025 2899 ἡμῖν
1036 2807 1093 2878 εύ-

132 2912 187 2992 χῆς
208 2905 287 2988 ἀξια
308 2907 566 2992 διαπράξασθαι.
596 2908 700 2994 μόνος
720 2905 785 2994 γάρ
802 2900 932 2989 ούτοςό
950 2908 1094 2996 πόλεμος

133 3006 270 3094 εἰρήνης
282 3014 443 3093 κρείττων
455 3010 539 3094 ἐστὶ,
554 3014 684 3097 θεωρία
695 3008 758 3094 μὲν
768 3002 928 3096 μᾶλλονῆ
940 3015 1093 3098 στρατεία

131 3103 356 3192 προσεοικός,
372 3103 576 3194 ἀμφοτέροις
590 3107 627 3174 όὲ
642 3107 837 3193 συμφέρων,
856 3109 912 3176 καὶ
925 3122 994 3187 τοῖς
1008 3105 1094 3196 ἡσυ-

129 3211 205 3290 χίαν
227 3202 327 3291 ἀγειν
347 3206 404 3273 καί
424 3218 493 3284 τοῖς
509 3213 669 3292 πολεμεῖν
690 3207 927 3291 ἐπιθυμοῦσιν.
959 3216 1009 3294 εῖη
1030 3203 1124 3294 γάρο

130 3301 173 3372 ἀν
197 3319 270 3384 τοῖς
291 3304 355 3392 μὲν
378 3302 485 3384 ἀδεοῦς
507 3302 548 3371 τύ
573 3302 710 3391 σφέτερ’
732 3300 845 3372 αύτιόν
867 3312 1093 3393 καρποῦσθαι,

128 3419 197 3483 τοῖς
212 3401 248 3472 δ’
267 3406 304 3472 ἐκ
319 3410 389 3471 τόν
405 3401 592 3489 ἀλλοτρίων
613 3402 781 3486 μεγύλονς
802 3403 970 3484 πλούτους
991 3432 1094 3474 κατα-

129 3505 331 3590 κτήσασθαι.

213 3601 316 3688 (μθῖ)
330 3608 489 3692 Πολλαχῇ
502 3601 535 3671 δ’
552 3602 596 3671 ἀν
609 3631 659 3683 τις
673 3603 887 3692 λογιζόμενος
902 3601 996 3689 εύροι
1011 3604 1093 3672 ταύ-

129 3727 186 3778 τας
197 3697 260 3779 τάς
270 3699 407 3782 πράξεις
417 3699 562 3788 μάλιστα
572 3703 811 3782 λνσιτελούσας
821 3700 910 3791 ἡμῖν.
928 3701 1091 3791 φίρεγάρ.
