2859 4334
323 454 383 519 146
599 458 918 516 ΙΣΟΚΡΑΤΟΤΣ
936 460 1001 528 (15)

321 610 420 686 αύται
440 622 703 703 παραγίγνονται
718 629 787 693 τοῖς
802 616 856 682 καὶ
870 624 911 703 τῆ
928 616 1028 700 φύσει
1044 619 1098 683 καλ
1112 630 1184 694 ταῖς
1201 618 1270 684 έπι-

320 724 465 807 μελείαις
481 721 721 802 διευεγκοῦσιν.

256 832 304 887 186
400 814 436 885 ’0
457 814 519 903 μὲν
540 808 603 883 οὖν
625 813 730 893 τύπος
754 821 812 900 τῆς
834 820 1036 899 φιλοσοφίας
1055 815 1207 892 τοιοῦτός
1226 822 1272 893 τίς

322 920 421 986 ἐστιν.
473 914 563 999 (κς-Ἰ
575 912 644 1000 ιδ’.)
660 910 826 1000 Ἡγούμαι
847 909 880 980 δ’
905 910 993 999 ὑμᾶς
1013 920 1142 997 μᾶλλον
1162 908 1207 980 άν
1227 921 1271 983 ἔτι

321 1023 528 1099 καταμαθεῖν
542 1009 604 1097 τῆν
617 1011 764 1096 δύναμιν
774 1006 887 1096 αὐτῆς,
902 1016 934 1078 εί
942 1015 1108 1097 διέλθοιμι
1120 1009 1180 1089 τὰς
1191 1011 1273 1079 ὑπο-

321 1119 462 1200 σχέσεις,
489 1108 527 1190 άς
551 1110 743 1195 ποιούμεθα
767 1108 851 1194 πρὸς
873 1109 953 1189 τούς
978 1113 1172 1197 πλησιάζειν
1196 1110 1273 1198 ἡμῖν

257 1230 302 1287 107
324 1214 560 1302 βουλομένους.
591 1211 732 1295 λέγομεν
744 1205 829 1294 γάρ,
856 1206 900 1287 ὡς
925 1214 978 1278 δεῖ
998 1209 1077 1288 τούς
1093 1214 1274 1297 μέλλοντας

321 1318 460 1378 διοίσειν
474 1304 495 1395 ῆ
511 1310 587 1393 περὶ
601 1305 680 1385 τούς
694 1306 817 1392 λόγους
829 1303 850 1393 ἢ
864 1310 940 1390 περὶ
949 1306 1007 1387 τάς
1018 1310 1151 1395 πράξεις
1165 1307 1188 1397 ῆ
1200 1313 1272 1394 περὶ

320 1408 379 1489 τάς
394 1406 497 1486 άλλας
513 1410 667 1492 ἐργασίας
683 1405 893 1492 πρῶτονμὲν
908 1405 993 1492 πρὸς
1008 1416 1107 1475 τοῦτο
1124 1415 1272 1494 πεφυκέ-

321 1537 377 1577 ναι
393 1516 512 1591 καλῶς,
528 1506 612 1590 πρὸς
628 1504 711 1591 ὅπερ
733 1504 778 1573 άν
800 1511 1028 1593 προῃρημένοι
1049 1508 1272 1593 τυγχάνωσιν,

321 1614 432 1677 ἔπειτα
443 1609 667 1693 παιδευθῆναι
676 1609 731 1673 καλ
742 1612 857 1693 λαβειν
868 1602 931 1690 τῆν
940 1606 1134 1692 ἐπιστήμην,
1146 1605 1219 1693 ῆτις
1231 1604 1273 1673 άν

320 1701 341 1797 ῆ
353 1707 428 1789 περὶ
440 1706 593 1790 ἑκάστου,
607 1712 720 1791 τρίτον
730 1707 890 1792 έντριβεϊς
904 1710 1063 1790 γενέσθαι
1074 1707 1130 1773 καὶ
1141 1731 1272 1793 γυμνα-

321 1812 446 1893 σθῆναι
462 1805 538 1887 περλ
554 1802 615 1891 τῆν
628 1812 744 1890 χρείαν
761 1806 815 1873 καλ
825 1794 887 1891 τῆν
902 1806 1077 1889 ἐμπειρίαν
1088 1804 1219 1873 αὐτῶν·
1238 1810 1272 1873 ἐκ

321 1906 452 1973 τούτων
475 1901 540 1991 γάρ
564 1906 602 1971 έν
625 1902 771 1983 ἁπάσαις
787 1918 858 1982 ταῖς
873 1906 1042 1989 ε’ργασίαις
1055 1912 1204 1984 τελείους
1221 1914 1271 1991 γί-

257 2016 305 2075 188
326 2014 467 2091 γνεσθαι
485 2003 538 2070 καί
555 2000 640 2073 πολύ
662 2007 882 2088 διαφέροντας
901 2009 969 2069 τῶν
989 2002 1110 2073 ἄλλων.
1135 2002 1221 2073 εἶναι
1236 2008 1273 2072 δὲ

322 2103 452 2171 τούτων
467 2108 639 2188 προσῆκον
652 2105 835 2185 ἑκατέροις,
859 2117 927 2180 τοῖς
947 2128 983 2170 τε
1004 2105 1204 2171 διδάσκουσι
1218 2106 1273 2171 καλ

320 2216 389 2281 τοῖς
403 2201 656 2286 μανθάνουσιν,
679 2206 769 2269 ίδιον
785 2203 847 2286 μὲν
862 2215 929 2279 τοῖς
942 2204 1005 2288 μὲν
1019 2206 1273 2290 εἰσενέγκασθαι
1345 2193 1347 2308 ῆ

320 2300 383 2389 τῆν
397 2301 514 2386 φύσιν,
527 2302 603 2365 οἵαν
617 2304 676 2384 δελ,
695 2314 764 2377 τοῖς
774 2302 810 2367 δὲ
822 2302 994 2369 δύνασθαι
1003 2307 1182 2372 παιδεῦσαι
1195 2302 1273 2382 τούς

321 2400 511 2483 τοιούτους,
540 2396 657 2466 κοινδν
679 2396 710 2465 δ’
725 2396 925 2485 ἀμφοτέρων
939 2397 976 2466 τδ
992 2402 1068 2483 περὶ
1082 2399 1145 2487 τῆν
1159 2404 1273 2487 ίμπει-
1344 2339 1346 2464 λ

322 2507 398 2583 ριάν
424 2497 629 2584 γυμνάσιον·
653 2501 726 2567 δεῖν
746 2495 812 2583 γάρ
834 2496 913 2577 τούς
934 2500 997 2585 μὲν
1019 2501 1181 2584 ἐπιμελῶς
1200 2504 1272 2569 έπι-
1343 2515 1345 2620 ῆ

320 2604 479 2683 στατῆσαι
499 2610 568 2675 τοῖς
590 2600 860 2684 παιδευομένοις,
881 2597 959 2676 τοὺς
982 2595 1014 2664 δ’
1031 2601 1199 2684 ἐγκρατῶς
1214 2603 1272 2685 ἐμ-

254 2717 302 2772 189
323 2713 433 2785 μεῖναι
448 2711 517 2774 τοῖς
531 2698 835 2782 προσταττομένοις.
857 2697 1037 2783 ταῦταμὲν
1052 2690 1118 2764 ούν
1133 2700 1236 2785 έστλν,
1252 2697 1273 2765 ά
1342 2639 1344 2776 λ

321 2794 403 2867 κατὰ
420 2803 538 2862 πασῶν
553 2801 692 2881 λέγομεν
709 2803 777 2863 τῶν
792 2803 935 2882 τεχνῶν·
964 2803 994 2864 εί
1014 2799 1050 2864 δὲ
1065 2797 1105 2883 δή
1121 2824 1171 2876 τις
1184 2795 1272 2883 άφέ-

320 2919 420 2984 μενος
434 2902 502 2962 τῶν
518 2891 630 2961 ἄλλων
648 2894 757 2978 ἔροιτό
772 2920 824 2980 με,
839 2901 874 2961 τί
883 2894 1014 2962 τούτων
1029 2906 1187 2982 μεγίστην
1205 2902 1268 2981 ε’χει
1290 2911 1316 2965 λλ

321 2996 466 3079 δύναμιν
477 2989 561 3078 πρὸς
575 2992 635 3078 τῆν
646 3000 713 3059 τοῖν
725 2992 837 3079 λόγων
848 2997 1011 3079 παιδείαν,
1025 2992 1273 3080 ἀποκριναίμην

321 3090 375 3179 ἄν,
391 3090 442 3160 ὅτι
463 3090 500 3160 τδ
521 3099 578 3177 τῆς
591 3092 726 3177 φύσεως
743 3089 997 3179 ἀνυπέρβλητόν
1018 3096 1086 3160 ἐστι
1105 3095 1160 3159 καλ
1183 3091 1273 3159 πολύ

321 3193 457 3262 πάντων
470 3193 637 3276 διαφέρει·
661 3189 721 3257 τόν
735 3188 800 3277 γάρ
813 3196 928 3277 ἔχοντα
938 3190 1001 3278 τῆν
1012 3195 1074 3278 μὲν
1085 3191 1197 3278 φυχῆν
1213 3191 1274 3260 εύ-

321 3307 394 3377 ρείν
409 3295 464 3360 καί
478 3300 603 3376 μαθεῖν
618 3292 672 3359 καλ
688 3298 832 3376 πονῆσαι
845 3294 900 3358 καί
919 3297 1148 3378 μνημονεῦσαι
1163 3294 1273 3358 δυνα-

319 3388 443 3478 μένην,
451 3388 513 3477 τῆν
523 3388 558 3456 δὲ
567 3388 687 3475 φωνῆν
698 3390 752 3458 καλ
763 3390 825 3476 τῆν
838 3395 899 3457 τοῦ
910 3388 1071 3477 στόματος
1082 3389 1272 3476 σαφήνειαν

319 3490 478 3576 τοιαύτην
500 3486 583 3556 ὥστε
603 3486 647 3574 μῆ
669 3490 786 3575 μόνοις
807 3504 876 3567 τοῖς
898 3493 1089 3574 λεγομένοις
1108 3488 1194 3559 άλλᾶ
1217 3496 1272 3560 καί

319 3602 388 3666 ταῖς
402 3588 533 3655 τούτων
551 3584 785 3673 εύαρμοστίαις
800 3594 1002 3675 συμπείθειν
1021 3587 1101 3669 τούς
1120 3588 1271 3659 ἀκούον-

254 3702 303 3756 λθο
324 3713 392 3766 τας,
408 3692 451 3752 ἔτι
470 3685 505 3752 δὲ
521 3683 583 3772 τῆν
596 3685 779 3772 τόλμαιιμῆ
800 3685 861 3772 τῆν
878 3686 1113 3773 ἀναισχυντίας
1129 3705 1271 3777 σημεῖον
