2859 4334
390 422 513 480 ΠΕΡΙ
539 421 884 481 ΑΝΤΙΔΟΣΕΩΣ.
1050 417 1108 481 177

92 592 154 640 320
242 572 312 663 (λ’.)
328 571 427 645 ’Λλλά
445 577 510 663 γάρ
523 576 742 665 αἰσθάνομαι,
760 583 880 664 καίπερ
894 574 963 645 ύπδ
976 580 1034 662 τῆς
1049 575 1111 663 ὀρ-

165 682 228 765 γῆς
251 685 312 768 βίᾳ
331 679 534 766 φερόμενος,
558 677 594 746 τό
620 676 683 764 μὲν
700 675 796 765 ὕδωρ
820 678 906 765 ἡμᾶς
926 680 1111 765 ἐπιλεῖπον,

165 778 270 859 αύτδς
295 778 327 846 δ’
356 779 578 867 ἐμπεπτωκὼς
608 780 803 866 είςλόγους
826 779 1029 867 ἡμερησίους
1053 779 1110 847 καὶ

165 888 377 967 κατηγορίας.
404 880 555 967 ύπερβάς
569 872 632 950 οὖν
645 880 682 949 τδ
697 884 828 968 πλῆθος
842 884 910 949 τῶν
923 886 1112 968 συμφορῶν

168 984 238 1049 τῶν
256 979 311 1050 διά
330 981 472 1061 τούτους
490 983 734 1070 γεγενημένων,
753 984 809 1051 καὶ
828 981 1033 1070 διωσάμενος
1051 979 1110 1050 τόν

168 1080 270 1169 ὄχλον
292 1087 362 1151 τῶν
388 1082 536 1153 ἐνόντων
561 1089 669 1153 είπεῐν
688 1084 765 1170 περὶ
781 1086 839 1172 της
857 1083 987 1153 τούτων
1006 1103 1109 1152 συκο-

169 1190 325 1271 φαντίας,
342 1189 471 1271 μικρῶν
490 1190 535 1253 ἔτι
553 1184 646 1255 πάνυ
663 1186 827 1272 μνησθεὶς
850 1184 914 1272 ἤδη
931 1182 1112 1254 καταλύσω

101 1301 156 1351 321
168 1284 230 1353 τόν
254 1285 365 1375 λόγον.
401 1278 494 1379 (λα’.)
517 1284 605 1366 Τούς
621 1285 685 1373 μὲν
703 1277 768 1354 ούν
785 1285 909 1365 ἄλλους
932 1284 1002 1372 δρῶ
1026 1284 1139 1364 τούςδ

169 1385 443 1473 κινδυνεύοντας,
464 1386 599 1456 ἐπειδάν
616 1388 692 1474 περὶ
710 1386 772 1472 τὴν
789 1385 950 1474 τελευτὴν
969 1378 1110 1473 ῶσιτης

168 1486 370 1576 ἀπολογίας,
398 1486 622 1578 ἱκετεύοντας,
648 1490 847 1575 δεομένους,
870 1487 952 1567 τούς
973 1492 1109 1573 παῖδας,

168 1589 249 1667 τούς
266 1596 388 1676 φίλους
405 1587 721 1676 άναβιβαζομίνους·
741 1587 807 1675 ἐγω
826 1586 858 1657 δ’
875 1587 955 1659 ούτε
972 1591 1110 1677 πρέπειν

159 1688 270 1760 ,οὐδὲν
286 1689 433 1777 ἡγούμαι
449 1692 518 1758 τῶν
530 1690 692 1759 τοιούτων
704 1705 776 1770 τοῖς
789 1688 1006 1778 τηλικούτοις,
1025 1690 1110 1777 πρός

167 1818 204 1861 τε
218 1793 265 1882 τῷ
280 1794 386 1859 ταῦτα
399 1789 597 1878 γιγνώσκειν
610 1797 833 1880 αἰσχυνθείην
846 1787 902 1879 διν,
920 1798 952 1862 εί
967 1790 1011 1860 δι’
1028 1790 1110 1869 ἄλλο

168 1920 200 1963 τι
218 1899 381 1985 σῳζοίμην
399 1887 419 1979 ἢ
437 1893 492 1962 διά
511 1893 592 1972 τούς
609 1894 733 1979 λόγους
749 1892 831 1971 τούς
849 1894 1112 1980 προειρημένους

168 1992 228 2062 ὑπ’
247 1996 329 2080 ἐμοῦ
343 1994 400 2062 καὶ
414 1996 675 2082 γεγραμμένους.
708 1992 786 2062 οἶδα
799 1994 865 2081 γάρ
887 1993 1034 2081 ἐμαυτόν
1047 1990 1110 2061 ού·
1124 2028 1141 2067 e

167 2121 232 2174 τως
249 2093 353 2174 ὁσίως
371 2096 428 2162 καὶ
447 2100 584 2175 δικαίως
601 2097 805 2184 κεχρημένον
823 2094 940 2173 αύτοῑς
958 2096 1015 2163 καὶ
1033 2096 1110 2180 περὶ

168 2194 232 2282 την
245 2195 342 2265 πόλιν
354 2197 412 2263 καλ
427 2197 503 2284 περὶ
515 2194 596 2278 τούς
605 2196 800 2283 ,προγόνους
812 2197 869 2264 καὶ
882 2197 1024 2284 μάλιστα
1034 2198 1111 2279 περὶ

167 2297 248 2377 τούς
265 2295 385 2381 θεούς,
412 2296 489 2366 ὥστ’
509 2309 544 2371 εδ
556 2324 590 2367 τι-
602 2302 693 2385 μίλει
709 2304 780 2366 τῶν
798 2296 1027 2385 ἀνθρωπίνων
1045 2296 1110 2366 αύ-

168 2412 238 2478 τοίς
251 2399 469 2486 πραγμάτων,
483 2398 563 2468 οὐδὲ
577 2403 645 2467 τῶν
660 2404 726 2467 νύν
739 2400 816 2486 περὶ
831 2398 888 2486 ἐμὲ
900 2400 1110 2486 γιγνομένων

100 2515 159 2563 322
171 2498 274 2569 ούδὲν
288 2498 415 2579 αύτούς
429 2498 521 2587 οἶμαι
534 2499 726 2569 λανθάνειν.
754 2498 872 2587 διόπερ
886 2495 951 2567 ούκ
968 2495 1109 2587 ὀρρωδῶ
1119 2520 1169 2570 346

167 2600 206 2670 τό
228 2604 352 2687 μέλλον
376 2600 606 2689 συμβήσεσθαι
630 2600 710 2688 παρ’
735 2598 851 2687 ὑμῶν,
881 2598 967 2667 ἄλλά
990 2603 1109 2686 θαρρῶ

167 2702 225 2769 καὶ
243 2702 369 2781 πολλάς
387 2705 525 2781 ἐλπίδας
544 2708 608 2789 ἔχω
624 2703 700 2771 τότε
716 2729 773 2789 μοι
795 2705 857 2771 τοῦ
875 2707 955 2786 βίον
974 2702 1037 2788 τὴν
1053 2728 1108 2769 τε·

168 2803 291 2890 λευτὴν
308 2800 415 2889 ἥξειν,
440 2800 520 2870 ὅταν
545 2804 650 2892 μέλλῃ
670 2810 842 2873 συνοίσειν
859 2801 960 2888 ἡμῖν,
984 2809 1109 2894 σημείῳ

166 2902 356 2993 χρεόμενος,
388 2902 438 2971 ὅτι
456 2904 517 2972 καὶ
542 2904 603 2972 τόν
628 2903 843 2988 παρελθόντα
866 2901 991 2990 χρόνον
1022 2901 1111 2972 οὕτω

167 3005 326 3091 τυγχάνω
343 3005 512 3092 βεβιωκῶς
525 3005 620 3092 μέχρι
633 3004 758 3091 ταύτης
770 3010 829 3092 τῆς
842 2999 980 3091 ἡμέρας,
998 3002 1110 3090 ῶσπερ
1133 3038 1136 3043 ·

102 3107 328 3192 εεσπροσήκει
349 3106 431 3185 τούς
454 3105 603 3191 εὐσεβεῖς
627 3105 682 3174 καὶ
699 3114 870 3192 θεοφιλεῖς
887 3107 956 3173 τῶν
973 3102 1109 3187 ἀνθρύ-

166 3233 251 3275 πων.
265 3222 268 3227 ’
284 3206 330 3288 ῶς
346 3198 409 3277 οὖν
427 3209 508 3294 ἐμοῦ
527 3207 654 3295 ταύτην
672 3213 805 3294 ἔχοντος
822 3205 883 3292 τὴν
897 3206 1037 3293 γνῶμην
1054 3206 1111 3273 καὶ

165 3314 371 3396 νομίζοντος,
390 3306 461 3377 ὅτι
473 3305 516 3375 διν
533 3307 619 3395 ύμῖν
638 3308 732 3395 δόξῃ,
750 3306 851 3378 τοῦθ’
873 3309 969 3389 ἕξειν
976 3313 1106 3395 μοικα-

165 3410 589 3497 λῶςκαὶσυμφερόντως,
613 3407 704 3488 ὅπως
729 3412 867 3489 ἕκαστος
885 3406 984 3496 ύμῶν
1003 3417 1111 3495 χαίρει

165 3513 222 3581 καὶ
235 3511 402 3601 βούλεται,
420 3517 542 3580 τούτου
555 3509 615 3577 τόν
627 3510 755 3598 τρόπον
761 3512 893 3597 -φερίτω
908 3510 1109 3597 τὴννηφον.
1136 3549 1139 3554 -

250 3846 407 3887 ιεοοαιττε.
430 3829 464 3886 11.
928 3826 959 3877 n
