2859 4334
443 350 562 405 ΠΕΡΙ
580 352 920 409 ΑΝΤΙΔΟΣΕΩΣ.
1098 352 1160 414 133

207 532 407 596 μοττο-υοαν,
424 507 549 576 άπασιυ
564 512 676 587 ἔδοξεν
691 514 804 595 ἔνοχος
820 508 985 589 εἶναιτοῖς
1000 537 1155 599 προειρη-
1180 530 1215 588 76

209 611 335 693 μένοις·
355 604 444 674 ούτω
454 604 520 691 γάρ
536 602 648 691 άφυής
661 599 706 691 ἦν
715 604 799 690 πρὸς
813 605 876 693 την
886 616 953 675 των
964 606 1160 693 ἀνθρώπων

210 711 395 786 θεραπείαν
419 703 530 787 ὥσπερ
552 701 663 781 δειυδς
686 705 762 786 περὶ
781 702 844 791 τὴν
864 713 933 772 τῶν
955 710 1160 794 πραγμάτων

137 826 191 881 132
211 804 409 889 ἐπιμέλειαν.
434 809 539 870 καίτοι
549 802 710 880 πολλάκις
722 805 776 870 καλ
791 801 871 888 παρ’
889 806 971 889 ἐμοῦ
985 806 1160 885 τοιούτους

208 901 331 988 λόγους
356 899 519 989 ἤκουσεν,
546 899 599 987 εἰςΙ
614 899 675 987 χρὴ
697 900 776 979 τούς
798 905 1076 989 πολιτευομένους
1102 908 1158 973 καὶ

208 1004 437 1089 βουλομένους
453 997 606 1085 ἀρέσκειν
618 1011 853 1082 προαιρεῖσθαι
863 1001 926 1084 μὲν
936 1010 1004 1069 τοίυ
1020 1030 1056 1069 τε
1070 1004 1158 1088 πρά·
1227 1082 1232 1091 ,

210 1106 293 1180 ξεων
309 1098 367 1178 τάς
384 1097 642 1185 ὠφελιμωτάτας
656 1098 708 1165 καὶ
720 1105 890 1182 βελτίστας
904 1100 1036 1167 καὶτῶν
1047 1101 1158 1188 λόγων

208 1196 289 1276 τούς
308 1196 557 1284 ἀληθεστάτους
574 1197 629 1264 καὶ
650 1196 897 1281 δικαιοτάτους,
924 1195 966 1264 ού
985 1197 1053 1285 μὴν
1073 1198 1157 1269 άλλά
1186 1259 1188 1263 .

208 1296 344 1365 κάκεῑνο
355 1310 558 1383 παρατηρεῖν
568 1297 623 1362 καλ
634 1309 783 1377 σκοπεῖν,
799 1292 889 1373 ὅπως
899 1298 1092 1381 ἐπιχαρίτως
1104 1303 1158 1369 καὶ

209 1395 461 1481 φιλανθρώπως
481 1391 612 1459 ἅπαντα
631 1392 840 1478 φανήσονται
863 1395 917 1460 καὶ
932 1396 1085 1479 λέγοντες
1104 1402 1159 1465 καλ

210 1492 424 1577 πράττοντες·
449 1488 493 1569 όις
508 1496 542 1558 οί
554 1490 685 1558 τούτων
702 1486 946 1576 ὀλιγωροῦντες
960 1495 1160 1579 ἐπαχθέστε-

209 1618 264 1676 ροι
283 1592 338 1658 καὶ
358 1590 539 1677 βαρύτεροι
552 1594 712 1657 δοκοῦσιν
733 1588 816 1657 εἶναι
833 1604 900 1669 τοῖς
915 1601 1159 1677 συμπολιτευο-

142 1706 195 1759 133
211 1694 333 1777 μένοις.
354 1686 458 1779 ,ὁρᾷς
473 1689 509 1757 δὲ
524 1686 586 1775 τὴν
601 1690 708 1774 φύσιν
719 1686 781 1775 τὴν
796 1697 864 1757 τῶν
874 1699 1009 1760 πολλῶν
1024 1691 1069 1771 ὡς
1084 1693 1161 1760 διά-

210 1815 315 1857 κειται
336 1785 420 1873 πρός
443 1785 501 1865 τάς
523 1785 663 1873 ἡδονάς,
687 1790 743 1857 καὶ
765 1787 850 1856 διότι
870 1797 998 1874 μᾶλλον
1021 1798 1159 1878 φιλοῦσι

210 1886 291 1966 τούς
304 1886 389 1973 πρὸς
401 1888 500 1973 χάριν
515 1883 746 1974 ὁμιλούνταςῆ
760 1884 840 1966 τούς
851 1881 890 1954 εύ
900 1896 1091 1973 ποιοῦντας,
1104 1892 1159 1956 καλ

209 1984 290 2065 τούς
303 1983 383 2071 μετά
395 1986 616 2071 φαιδρότητος
627 1989 682 2055 καὶ
693 1995 951 2072 φιλανθρωπίας
961 1995 1160 2074 φενακίζον-

209 2081 301 2171 ταςῆ
321 2082 401 2163 τούς
422 2082 493 2168 μετ’
516 2082 621 2169 ὅγκου
644 2088 699 2153 καλ
720 2087 921 2172 σεμνότητος
935 2085 1157 2174 ὠφελοῦντας.

210 2177 259 2253 οἷν
275 2182 376 2253 ούδέυ
397 2206 449 2252 σοι
471 2188 672 2271 μεμέληκεν,
693 2183 766 2253 ἀλλ’
790 2182 834 2272 ἢν
850 2189 1001 2266 ἐπιεικῶς
1014 2195 1082 2254 τῶν
1098 2193 1159 2267 ἔξω

209 2284 414 2370 πραγμάτων
442 2285 663 2370 έπιμεληθης,
689 2293 753 2351 οίει
781 2303 834 2351 σοι
856 2286 911 2352 καλ
932 2283 1012 2362 τούς
1035 2287 1159 2353 ἐνθάδε

142 2400 194 2454 134
210 2385 490 2467 πολιτευομένους
508 2390 618 2460 καλοῖς
641 2384 736 2461 ἕξειν.
765 2380 801 2448 τό
825 2380 856 2449 δ’
874 2380 935 2468 ούχ
950 2380 1057 2461 οὕτως
1075 2380 1158 2450 άλλὰ

210 2479 409 2548 τούναυτίον
430 2487 523 2564 φιλεῖ
540 2487 749 2566 συμβαίνειν.
778 2476 821 2565 ἦν
844 2478 909 2565 γάρ
932 2481 1063 2559 τούτοις
1081 2479 1159 2566 άρέ-

210 2600 306 2668 σκης,
332 2577 439 2662 άπαυ,
456 2577 476 2646 ό
493 2606 523 2645 τι
544 2575 587 2647 άυ
605 2580 742 2667 πράξης,
764 2577 806 2645 ού
822 2578 904 2663 πρὸς
919 2576 980 2666 τὴν
995 2577 1160 2665 άλήθειαν

209 2686 386 2763 κρινοῦσιν
402 2675 485 2745 άλλά
508 2676 591 2762 πρὸς
607 2676 643 2744 τό
661 2681 712 2747 σοὶ
725 2681 900 2764 συμφέρον
914 2675 1158 2764 ὑπολήψονται,

210 2773 318 2845 καὶτὰ
334 2777 396 2862 μὲν
411 2773 667 2861 ἁμαρτανόμενα
682 2779 910 2862 παρόψονται,
932 2773 968 2842 τό
986 2775 1021 2843 δὲ
1037 2801 1158 2861 κατορ-

207 2877 327 2945 θωθὲν
344 2874 573 2962 οὐρανόμηκες
585 2876 802 2962 ποιήσουσιν·
825 2872 845 2960 ἡ
861 2872 925 2960 γάρ
941 2871 1057 2942 εύνοια
1071 2874 1160 2941 πάν-

140 2992 190 3043 135
208 2973 366 3054 ταςούτω
385 2980 584 3063 διατίθησιν.
616 2973 659 3061 ἣν
675 2974 719 3043 οὐ
733 2983 772 3063 τη
787 2976 848 3059 μὲν
868 2976 962 3041 πόλει
977 2972 1067 3060 παρά
1090 2982 1158 3041 τῶν
1180 2992 1210 3050 λλ

209 3074 322 3144 άλλωυ
340 3077 376 3141 ἐκ
388 3072 512 3151 παντὸς
528 3074 657 3158 τρόπον
674 3075 863 3160 κτήσασθαι
883 3080 994 3159 ζητεῖς,
1011 3074 1158 3160 ἡγούμε-

208 3198 268 3251 νος
294 3175 450 3257 μέγιστον
475 3170 558 3239 εἶναι
584 3180 652 3239 τῶν
677 3170 838 3258 άγαθοίν,
867 3169 967 3249 αύτὸς
991 3174 1027 3239 δέ
1046 3179 1157 3260 σαυτῷ

209 3268 300 3355 παρά
316 3280 373 3357 τῆς
385 3272 513 3350 πόλεως
531 3268 593 3338 ούκ
608 3282 670 3339 οίει
686 3277 757 3339 δεῖν
771 3270 833 3357 την
844 3268 951 3358 αύτην
961 3271 1088 3357 ταύτην
1099 3297 1144 3336 πα

209 3371 443 3455 ρασκευάζειυ,
460 3368 544 3438 άλλά
561 3379 724 3438 πλείστων
739 3367 881 3455 άγαθῶν
901 3379 1005 3447 αλτιος
1017 3394 1155 3454 γεγενη-

209 3475 307 3556 μένος
317 3485 430 3555 χεῑρου
446 3473 610 3539 διάκεισαι
624 3479 692 3538 τῶν
705 3468 806 3538 οὐδὲν
821 3470 915 3549 άξιον
926 3468 1031 3554 λόγου
1042 3474 1157 3535 διαπε-

142 3586 192 3640 136
210 3574 422 3656 πραγμένωυ.
454 3571 604 3662 εἰκότως·
634 3575 667 3638 οί
687 3568 828 3657 μὲνγὰρ
844 3565 922 3645 τούς
942 3568 1084 3654 ῥήτορας
1105 3576 1158 3634 καὶ
