2859 4334
313 401 353 457 86
576 400 758 457 120pr
769 400 825 456 TO
836 400 896 455 ’ΥΣ
916 402 980 476 (13)

313 563 434 637 οἵτινες
449 557 632 642 ὑπέσχοντο
648 560 842 637 δικάζεσθαι
859 559 1022 638 διδάξειν,
1050 559 1294 640 ἕκλεξάμενοιλ)

313 656 350 722 τό
366 659 626 742 δυσχερέστατον
648 662 716 721 τῶν
739 654 931 742 ὀνομάτων,
957 656 976 722 ὅ
996 664 1063 722 τῶν
1082 656 1267 741 φθονούν-

313 782 381 823 των
396 764 495 841 ἔργον
519 748 561 842 ἦν
585 760 694 841 λέγειν
718 753 791 824 ἀλλ’
816 755 856 823 οὐ
875 763 943 822 τῶν
963 758 1184 840 προεστώτων
1207 762 1267 839 τῆς

266 882 300 933 ηρ
314 855 467 940 τοιαύτης
485 857 699 937 παιδεύσεως,
716 857 770 922 καλ
781 864 955 923 ταῦταποῦ
966 860 1170 943 πράγματος,
1188 850 1265 921 καθ’

315 954 397 1021 ὅσον
411 959 478 1022 ἐστὶ
493 953 661 1036 διδακτόν,
678 955 779 1023 οὐδὲν
794 964 923 1041 μᾶλλον
936 956 1020 1041 πρὸς
1035 956 1115 1034 τούς
1132 961 1267 1023 δικανι-

314 1053 396 1133 κούς
423 1054 543 1138 λόγους
566 1050 586 1139 ἢ
607 1053 691 1136 πρὸς
711 1052 789 1133 τούς
813 1055 936 1135 ἄλλους
953 1055 1103 1134 ἅπαντας
1119 1052 1266 1140 ω’φελεῐν

316 1153 516 1237 δυναμένου.
547 1153 694 1242 τοσούτῳ
716 1154 752 1219 δέ
774 1160 905 1237 χείρους
926 1159 1079 1239 ἐγένοντο
1101 1160 1170 1220 τῶν
1190 1154 1266 1235 περὶ

314 1253 372 1333 τὰς
389 1257 500 1337 ἔριδας
522 1255 811 1337 καλινδουμένων,
833 1250 915 1319 ὅσον
937 1245 1030 1321 ούτοι
1045 1255 1106 1340 μὲν
1128 1259 1266 1319 τοιαῦτα

315 1358 444 1439 λογίδια
461 1350 646 1435 διεξιόντες,
666 1349 714 1431 οἷς
731 1365 763 1422 εί
775 1382 824 1433 τις
839 1357 890 1423 ἐπὶ
905 1362 972 1422 τῶν
984 1356 1136 1437 πράξεων
1153 1357 1265 1438 ἐμμεί-
1280 1377 1291 1409 1·
1348 1354 1349 1389 λ

317 1479 423 1536 νειεν,
448 1449 553 1528 εὐθύς
575 1448 619 1518 ύν
640 1455 677 1519 έν
691 1460 795 1521 πᾶσιν
818 1465 867 1540 εἴη
883 1468 1012 1533 κακοῖς.
1036 1454 1126 1540 ὅμως
1141 1451 1268 1541 ἀρετὴν

316 1556 552 1637 ἐπηγγείλαντο
564 1554 618 1618 καλ
630 1554 857 1638 σωφροσύνην
868 1557 943 1636 περὶ
955 1553 1077 1638 αὐτῶν,
1094 1558 1217 1622 ἐκείνοι
1234 1550 1265 1618 δ’

317 1655 366 1718 ἐπὶ
385 1650 463 1728 τούς
484 1650 674 1728 πολιτικούς
692 1652 813 1736 λόγους
831 1661 1118 1738 παρακαλοῦντες,
1140 1653 1267 1737 ἀμελή-

316 1773 433 1827 σαντες
453 1758 520 1816 τῶν
544 1750 655 1817 ἄλλων
678 1758 745 1817 τῶν
767 1751 963 1835 προσόντων
985 1750 1097 1829 αὐτοῖς
1111 1748 1267 1834 ἀγαθῶν,

317 1850 643 1934 πολυπραγμοσύνης
663 1851 716 1917 καὶ
738 1856 929 1930 πλεονεξίας
957 1847 1147 1933 ὑπέστησαν
1180 1848 1267 1914 εἶναι

318 1949 520 2014 διδάσκαλοι.

270 2058 299 2109 21
402 2053 517 2113 Καίτοι
539 2046 617 2126 τούς
637 2050 864 2136 βουλομένους
884 2060 1078 2135 πειθαρχεῖν
1102 2062 1170 2123 τοῖς
1195 2044 1267 2113 ὑπο
1350 2092 1351 2109 ι

317 2154 580 2231 ῑῆςφιλοσοφίας
591 2148 711 2234 ταύτης
724 2154 1018 2235 προσταττομένοις
1030 2146 1118 2215 πολύ
1129 2143 1173 2212 α”ν
1184 2153 1267 2213 θᾶτ-

317 2273 376 2313 τον
391 2246 475 2327 πρὸς
497 2250 676 2314 ἐπιείκειαν
697 2244 719 2332 ἦ
741 2244 825 2331 πρὸς
851 2251 1027 2334 ῥητορείαν
1048 2246 1294 2331 ὠφελήσειενσ

318 2350 371 2414 καλ
386 2349 499 2432 μηδεὶς
516 2348 638 2413 οἰέσθω
654 2373 694 2432 με
708 2350 835 2431 λέγειν,
859 2344 904 2425 ὡς
919 2352 985 2413 έστι
1000 2346 1196 2428 δικαιοσύνη
1212 2350 1269 2412 δι·
1351 2372 1352 2435 η

318 2445 456 2512 δακτόν·
487 2443 572 2523 όλως
594 2450 655 2529 μέν
678 2443 743 2529 γὰρ
769 2442 928 2529 οὐδεμίαν
944 2443 1091 2530 ἡγοῦμαι
1107 2442 1269 2529 τοιαύτην

316 2538 404 2609 εἶναι
415 2537 547 2626 τέχνην,
566 2538 636 2625 ἥτις
650 2552 721 2616 τοῖς
734 2543 844 2616 κακῶς
858 2534 1025 2623 πεφυκόσι
1040 2538 1124 2623 πρὸς
1138 2536 1265 2623 ἀρετὴν

317 2638 658 2726 σωφροσύνηνᾶυκαὶ
668 2638 884 2725 δικαιοσύνην
898 2638 1120 2725 ἐμποιησειεν·
1139 2638 1179 2707 ού
1194 2640 1265 2725 μὴν

317 2740 1262 2830 ἀλλὰσυμπαρακελεύσασθαίγεκαὶσυνασκῗγσαιμτίλιστ’

317 2840 360 2911 ἂν
379 2843 470 2930 οἶμαι
486 2841 548 2927 τὴν
566 2848 634 2909 τών
652 2842 762 2926 λόγων
780 2844 848 2907 τῶν
866 2846 1044 2909 πολιτικόν
1061 2842 1264 2928 ἐπιμέλειαν.

275 2978 308 3025 22
395 2943 477 3032 (ιβ’.)
487 2942 560 3011 Ἵνα
578 2942 616 3011 δέ
633 2940 679 3029 μὴ
698 2947 786 3010 δοκῶ
805 2941 864 3020 τός
881 2942 944 3029 μὲν
961 2949 1029 3010 τῶν
1042 2940 1154 3011 ἄλλων
1171 2940 1264 3011 ὑπο-

317 3047 443 3133 σχέσεις
461 3044 629 3128 διαλύειυ,
652 3038 755 3123 αύτδς
773 3044 811 3110 δὲ
829 3051 927 3129 μειζω
945 3046 1054 3128 λέγειν
1071 3049 1139 3111 τῶν
1161 3044 1291 3117 ἐνόν-ε

317 3176 403 3229 των,
428 3150 460 3226 ἐξ
486 3138 598 3230 ὦνπερ
623 3139 726 3223 αύτὸς
752 3146 913 3231 ἐπείσθην
940 3142 1029 3213 οὕτω
1046 3144 1142 3212 ταῦτ’
1165 3152 1263 3233 ἔχειν,

318 3254 442 3338 ῥᾳδίως
462 3246 626 3332 οἶμαικαὶ
644 3260 713 3325 τοῖς
732 3244 843 3325 ἄλλοις
861 3245 1011 3333 φανερόν
1033 3247 1263 3333 καταστήσειν.

665 3458 780 3518 Λείπει
798 3447 914 3517 πολλοί.
990 3516 995 3527 ,

689 3628 889 3638 ——--—·
