<?xml version="1.0" encoding="UTF-8"?>
<!DOCTYPE html PUBLIC "-//W3C//DTD XHTML 1.0 Transitional//EN"
    "http://www.w3.org/TR/xhtml1/DTD/xhtml1-transitional.dtd">
<html xmlns="http://www.w3.org/1999/xhtml" xml:lang="en" lang="en">
 <head>
  <title>
</title>
<meta http-equiv="Content-Type" content="text/html;charset=utf-8" />
  <meta name='ocr-system' content='tesseract 3.04.00' />
  <meta name='ocr-capabilities' content='ocr_page ocr_carea ocr_par ocr_line ocrx_word'/>
</head>
<body>
  <div class='ocr_page' id='page_1' title='image "./orationes00isgoog_0449.png"; bbox 0 0 2859 4334; ppageno 0'>
   <div class='ocr_carea' id='block_1_1' title="bbox 312 389 991 473">
    <p class='ocr_par' dir='ltr' id='par_1_1' title="bbox 312 389 991 473">
     <span class='ocr_line' id='line_1_1' title="bbox 312 389 991 473; baseline 0 -20"><span class='ocrx_word' id='word_1_1' title='bbox 312 389 353 453; x_wconf 78' lang='grc'><strong><em>76</em></strong></span> <span class='ocrx_word' id='word_1_2' title='bbox 583 393 901 453; x_wconf 71' lang='grc' dir='ltr'><strong><em>ιτοανανονε</em></strong></span> <span class='ocrx_word' id='word_1_3' title='bbox 920 395 991 473; x_wconf 80' lang='lat'>(12)</span> 
     </span>
    </p>
   </div>
   <div class='ocr_carea' id='block_1_2' title="bbox 254 541 1283 3775">
    <p class='ocr_par' dir='ltr' id='par_1_2' title="bbox 254 541 1283 3775">
     <span class='ocr_line' id='line_1_2' title="bbox 313 541 1246 634; baseline 0.002 -17"><span class='ocrx_word' id='word_1_4' title='bbox 313 548 425 627; x_wconf 85' lang='grc' dir='ltr'><strong><em>πόλεις</em></strong></span> <span class='ocrx_word' id='word_1_5' title='bbox 435 541 767 629; x_wconf 75' lang='grc' dir='ltr'><strong><em>τάςαύτύνάδόξους</em></strong></span> <span class='ocrx_word' id='word_1_6' title='bbox 780 549 836 615; x_wconf 82' lang='grc' dir='ltr'><strong><em>καὶ</em></strong></span> <span class='ocrx_word' id='word_1_7' title='bbox 850 547 970 634; x_wconf 88' lang='grc' dir='ltr'><strong><em>μικράς</em></strong></span> <span class='ocrx_word' id='word_1_8' title='bbox 984 552 1040 617; x_wconf 82' lang='grc' dir='ltr'><strong><em>καὶ</em></strong></span> <span class='ocrx_word' id='word_1_9' title='bbox 1051 556 1183 619; x_wconf 81' lang='grc' dir='ltr'><strong><em>πολλάν</em></strong></span> <span class='ocrx_word' id='word_1_10' title='bbox 1197 554 1246 619; x_wconf 78' lang='grc' dir='ltr'><strong><em>ἐν·</em></strong></span> 
     </span>
     <span class='ocr_line' id='line_1_3' title="bbox 313 647 1247 737; baseline 0.001 -19"><span class='ocrx_word' id='word_1_11' title='bbox 313 655 400 728; x_wconf 85' lang='grc' dir='ltr'><strong><em>δεεῖς</em></strong></span> <span class='ocrx_word' id='word_1_12' title='bbox 408 647 525 736; x_wconf 80' lang='grc' dir='ltr'><em>οὔσας,</em></span> <span class='ocrx_word' id='word_1_13' title='bbox 538 649 755 734; x_wconf 74' lang='grc' dir='ltr'><strong><em>ὑπεριδόντες</em></strong></span> <span class='ocrx_word' id='word_1_14' title='bbox 767 650 891 729; x_wconf 87' lang='grc' dir='ltr'><strong><em>ταύτας</em></strong></span> <span class='ocrx_word' id='word_1_15' title='bbox 901 650 1126 737; x_wconf 77' lang='grc' dir='ltr'><strong><em>ἐστράτευσαν</em></strong></span> <span class='ocrx_word' id='word_1_16' title='bbox 1136 655 1247 732; x_wconf 83' lang='grc' dir='ltr'><strong><em>ἐπὶτάς</em></strong></span> 
     </span>
     <span class='ocr_line' id='line_1_4' title="bbox 314 748 1247 841; baseline 0.005 -24"><span class='ocrx_word' id='word_1_17' title='bbox 314 755 351 818; x_wconf 78' lang='grc' dir='ltr'><strong><em>ἐν</em></strong></span> <span class='ocrx_word' id='word_1_18' title='bbox 359 749 610 841; x_wconf 76' lang='grc' dir='ltr'><strong><em>Πελοποννήσῳ</em></strong></span> <span class='ocrx_word' id='word_1_19' title='bbox 623 751 875 838; x_wconf 79' lang='grc' dir='ltr'><strong><em>πρωτευούσας,</em></strong></span> <span class='ocrx_word' id='word_1_20' title='bbox 890 748 1069 839; x_wconf 74' lang='grc' dir='ltr'><strong><em>ἐπ”Ἁργος</em></strong></span> <span class='ocrx_word' id='word_1_21' title='bbox 1083 755 1138 821; x_wconf 84' lang='grc' dir='ltr'><strong><em>καὶ</em></strong></span> <span class='ocrx_word' id='word_1_22' title='bbox 1148 765 1247 823; x_wconf 86' lang='grc' dir='ltr'><strong><em>Λακε-</em></strong></span> 
     </span>
     <span class='ocr_line' id='line_1_5' title="bbox 256 851 1249 943; baseline 0.01 -30"><span class='ocrx_word' id='word_1_23' title='bbox 256 866 303 914; x_wconf 73' lang='grc' dir='ltr'><strong><em>ασι</em></strong></span> <span class='ocrx_word' id='word_1_24' title='bbox 314 856 458 937; x_wconf 90' lang='grc' dir='ltr'><strong><em>δαίμονα</em></strong></span> <span class='ocrx_word' id='word_1_25' title='bbox 465 852 726 939; x_wconf 78' lang='grc' dir='ltr'><strong><em>καίΜεσσήνην,</em></strong></span> <span class='ocrx_word' id='word_1_26' title='bbox 742 851 830 941; x_wconf 86' lang='grc' dir='ltr'><strong><em>μάχη</em></strong></span> <span class='ocrx_word' id='word_1_27' title='bbox 845 853 883 921; x_wconf 75' lang='grc' dir='ltr'><strong><em>δὲ</em></strong></span> <span class='ocrx_word' id='word_1_28' title='bbox 894 853 1089 939; x_wconf 80' lang='grc' dir='ltr'><strong><em>νικήσαντες</em></strong></span> <span class='ocrx_word' id='word_1_29' title='bbox 1102 853 1182 934; x_wconf 86' lang='grc' dir='ltr'><strong><em>τούς</em></strong></span> <span class='ocrx_word' id='word_1_30' title='bbox 1194 856 1249 943; x_wconf 78' lang='grc' dir='ltr'><strong><em>μὲν</em></strong></span> 
     </span>
     <span class='ocr_line' id='line_1_6' title="bbox 314 946 1249 1043; baseline 0.005 -24"><span class='ocrx_word' id='word_1_31' title='bbox 314 946 516 1041; x_wconf 80' lang='grc' dir='ltr'><strong><em>ἡττηθέντας</em></strong></span> <span class='ocrx_word' id='word_1_32' title='bbox 530 958 566 1020; x_wconf 80' lang='grc' dir='ltr'><strong><em>ἔκ</em></strong></span> <span class='ocrx_word' id='word_1_33' title='bbox 579 979 615 1020; x_wconf 88' lang='grc' dir='ltr'><strong><em>τε</em></strong></span> <span class='ocrx_word' id='word_1_34' title='bbox 623 958 692 1021; x_wconf 71' lang='grc' dir='ltr'><strong><em>τοῖν</em></strong></span> <span class='ocrx_word' id='word_1_35' title='bbox 699 953 1079 1042; x_wconf 80' lang='grc' dir='ltr'><strong><em>πόλεωνκαίτῆςχάρας</em></strong></span> <span class='ocrx_word' id='word_1_36' title='bbox 1090 956 1249 1043; x_wconf 81' lang='grc' dir='ltr'><strong><em>ἐξέβαλον,</em></strong></span> 
     </span>
     <span class='ocr_line' id='line_1_7' title="bbox 314 1052 1275 1139; baseline -0.001 -18"><span class='ocrx_word' id='word_1_37' title='bbox 314 1052 411 1121; x_wconf 81' lang='grc' dir='ltr'><strong><em>αύτοῖ</em></strong></span> <span class='ocrx_word' id='word_1_38' title='bbox 426 1055 464 1123; x_wconf 75' lang='grc' dir='ltr'><strong><em>δὲ</em></strong></span> <span class='ocrx_word' id='word_1_39' title='bbox 476 1053 536 1134; x_wconf 87' lang='grc' dir='ltr'><strong><em>τάς</em></strong></span> <span class='ocrx_word' id='word_1_40' title='bbox 550 1052 679 1139; x_wconf 84' lang='grc' dir='ltr'><strong><em>κτήσεις</em></strong></span> <span class='ocrx_word' id='word_1_41' title='bbox 694 1052 827 1133; x_wconf 87' lang='grc' dir='ltr'><strong><em>άπάσας</em></strong></span> <span class='ocrx_word' id='word_1_42' title='bbox 839 1055 899 1134; x_wconf 84' lang='grc' dir='ltr'><strong><em>τάς</em></strong></span> <span class='ocrx_word' id='word_1_43' title='bbox 914 1057 1052 1123; x_wconf 76' lang='grc' dir='ltr'><strong><em>ἐκείνων</em></strong></span> <span class='ocrx_word' id='word_1_44' title='bbox 1065 1057 1141 1124; x_wconf 90' lang='grc' dir='ltr'><strong><em>τότε</em></strong></span> <span class='ocrx_word' id='word_1_45' title='bbox 1154 1067 1275 1125; x_wconf 74' lang='lat' dir='ltr'><strong><em>nocta-b</em></strong></span> 
     </span>
     <span class='ocr_line' id='line_1_8' title="bbox 315 1144 1250 1244; baseline 0.004 -22"><span class='ocrx_word' id='word_1_46' title='bbox 315 1154 450 1242; x_wconf 81' lang='grc' dir='ltr'><strong><em>σχόντες</em></strong></span> <span class='ocrx_word' id='word_1_47' title='bbox 465 1161 511 1223; x_wconf 75' lang='grc' dir='ltr'><strong><em>ἔτι</em></strong></span> <span class='ocrx_word' id='word_1_48' title='bbox 517 1155 574 1223; x_wconf 77' lang='grc' dir='ltr'><strong><em>καὶ</em></strong></span> <span class='ocrx_word' id='word_1_49' title='bbox 580 1160 648 1222; x_wconf 83' lang='grc' dir='ltr'><strong><em>νύν</em></strong></span> <span class='ocrx_word' id='word_1_50' title='bbox 656 1161 801 1241; x_wconf 77' lang='grc' dir='ltr'><strong><em>ἔχουσιν,</em></strong></span> <span class='ocrx_word' id='word_1_51' title='bbox 815 1144 858 1223; x_wconf 82' lang='grc' dir='ltr'><strong><em>σά</em></strong></span> <span class='ocrx_word' id='word_1_52' title='bbox 872 1164 983 1243; x_wconf 77' lang='grc' dir='ltr'><strong><em>μεῖζον</em></strong></span> <span class='ocrx_word' id='word_1_53' title='bbox 993 1162 1093 1244; x_wconf 80' lang='grc' dir='ltr'><strong><em>ἔργον</em></strong></span> <span class='ocrx_word' id='word_1_54' title='bbox 1099 1160 1155 1225; x_wconf 82' lang='grc' dir='ltr'><strong><em>καὶ</em></strong></span> <span class='ocrx_word' id='word_1_55' title='bbox 1166 1169 1250 1227; x_wconf 90' lang='grc' dir='ltr'><strong><em>θαν-</em></strong></span> 
     </span>
     <span class='ocr_line' id='line_1_9' title="bbox 313 1254 1251 1348; baseline 0.004 -25"><span class='ocrx_word' id='word_1_56' title='bbox 313 1256 518 1344; x_wconf 85' lang='grc' dir='ltr'><strong><em>μαστότερον</em></strong></span> <span class='ocrx_word' id='word_1_57' title='bbox 531 1255 647 1336; x_wconf 76' lang='grc' dir='ltr'><strong><em>οὐδεὶς</em></strong></span> <span class='ocrx_word' id='word_1_58' title='bbox 663 1258 818 1337; x_wconf 79' lang='grc' dir='ltr'><strong><em>ἐπιδείξει</em></strong></span> <span class='ocrx_word' id='word_1_59' title='bbox 830 1254 904 1323; x_wconf 87' lang='grc' dir='ltr'><strong><em>κατ’</em></strong></span> <span class='ocrx_word' id='word_1_60' title='bbox 922 1260 1052 1327; x_wconf 78' lang='grc' dir='ltr'><strong><em>ἐκεῖνον</em></strong></span> <span class='ocrx_word' id='word_1_61' title='bbox 1065 1256 1125 1327; x_wconf 87' lang='grc' dir='ltr'><strong><em>τόν</em></strong></span> <span class='ocrx_word' id='word_1_62' title='bbox 1135 1260 1251 1348; x_wconf 90' lang='grc' dir='ltr'><strong><em>χρόνον</em></strong></span> 
     </span>
     <span class='ocr_line' id='line_1_10' title="bbox 315 1352 1252 1446; baseline 0.005 -21"><span class='ocrx_word' id='word_1_63' title='bbox 315 1352 1252 1446; x_wconf 78' lang='grc' dir='ltr'><strong><em>γενόμενον,ούδὲπράξιυεύτνχεστίρανκαὶθεοφιλεστέ-</em></strong></span> 
     </span>
     <span class='ocr_line' id='line_1_11' title="bbox 315 1458 1253 1548; baseline 0.003 -22"><span class='ocrx_word' id='word_1_64' title='bbox 315 1486 378 1545; x_wconf 93' lang='grc' dir='ltr'><strong><em>ραν</em></strong></span> <span class='ocrx_word' id='word_1_65' title='bbox 396 1462 454 1547; x_wconf 81' lang='grc' dir='ltr'><strong><em>της</em></strong></span> <span class='ocrx_word' id='word_1_66' title='bbox 472 1458 551 1538; x_wconf 90' lang='grc' dir='ltr'><strong><em>τούς</em></strong></span> <span class='ocrx_word' id='word_1_67' title='bbox 569 1460 799 1547; x_wconf 78' lang='grc' dir='ltr'><strong><em>χρησαμένους</em></strong></span> <span class='ocrx_word' id='word_1_68' title='bbox 816 1462 873 1546; x_wconf 81' lang='grc' dir='ltr'><strong><em>της</em></strong></span> <span class='ocrx_word' id='word_1_69' title='bbox 890 1458 953 1546; x_wconf 71' lang='grc' dir='ltr'><strong><em>μὲν</em></strong></span> <span class='ocrx_word' id='word_1_70' title='bbox 971 1464 1097 1540; x_wconf 77' lang='grc' dir='ltr'><strong><em>οἰκείας</em></strong></span> <span class='ocrx_word' id='word_1_71' title='bbox 1114 1460 1253 1548; x_wconf 77' lang='grc' dir='ltr'><strong><em>ἀπορίας</em></strong></span> 
     </span>
     <span class='ocr_line' id='line_1_12' title="bbox 314 1556 1254 1650; baseline 0.004 -22"><span class='ocrx_word' id='word_1_72' title='bbox 314 1558 560 1646; x_wconf 82' lang='grc' dir='ltr'><strong><em>ἀπαλλαξάσης,</em></strong></span> <span class='ocrx_word' id='word_1_73' title='bbox 575 1565 633 1647; x_wconf 77' lang='grc' dir='ltr'><strong><em>τῆς</em></strong></span> <span class='ocrx_word' id='word_1_74' title='bbox 647 1558 680 1627; x_wconf 90' lang='grc' dir='ltr'><strong><em>δ’</em></strong></span> <span class='ocrx_word' id='word_1_75' title='bbox 696 1556 875 1645; x_wconf 78' lang='grc' dir='ltr'><strong><em>ἀλλοτρίας</em></strong></span> <span class='ocrx_word' id='word_1_76' title='bbox 886 1558 1101 1647; x_wconf 78' lang='grc' dir='ltr'><strong><em>εὐδαιμονίας</em></strong></span> <span class='ocrx_word' id='word_1_77' title='bbox 1116 1574 1254 1650; x_wconf 88' lang='grc' dir='ltr'><strong><em>κυρίους</em></strong></span> 
     </span>
     <span class='ocr_line' id='line_1_13' title="bbox 256 1660 1253 1753; baseline 0.01 -30"><span class='ocrx_word' id='word_1_78' title='bbox 256 1674 305 1723; x_wconf 78' lang='lat'><strong><em>255</em></strong></span> <span class='ocrx_word' id='word_1_79' title='bbox 315 1661 505 1749; x_wconf 80' lang='grc' dir='ltr'><strong><em>ποιησάσης.</em></strong></span> <span class='ocrx_word' id='word_1_80' title='bbox 524 1664 699 1729; x_wconf 79' lang='grc' dir='ltr'><strong><em>καὶταῦτα</em></strong></span> <span class='ocrx_word' id='word_1_81' title='bbox 711 1660 774 1747; x_wconf 71' lang='grc' dir='ltr'><strong><em>μὲν</em></strong></span> <span class='ocrx_word' id='word_1_82' title='bbox 787 1660 869 1749; x_wconf 85' lang='grc' dir='ltr'><strong><em>μετά</em></strong></span> <span class='ocrx_word' id='word_1_83' title='bbox 879 1662 1017 1731; x_wconf 89' lang='grc' dir='ltr'><strong><em>πάντων</em></strong></span> <span class='ocrx_word' id='word_1_84' title='bbox 1027 1666 1097 1731; x_wconf 79' lang='grc' dir='ltr'><strong><em>τῶν</em></strong></span> <span class='ocrx_word' id='word_1_85' title='bbox 1112 1686 1253 1753; x_wconf 90' lang='grc' dir='ltr'><strong><em>συστρα-</em></strong></span> 
     </span>
     <span class='ocr_line' id='line_1_14' title="bbox 314 1755 1255 1855; baseline 0.002 -24"><span class='ocrx_word' id='word_1_86' title='bbox 314 1764 529 1849; x_wconf 80' lang='grc' dir='ltr'><strong><em>τευσαμένων</em></strong></span> <span class='ocrx_word' id='word_1_87' title='bbox 543 1765 698 1850; x_wconf 76' lang='grc' dir='ltr'><strong><em>ἔπραξαν.</em></strong></span> <span class='ocrx_word' id='word_1_88' title='bbox 720 1755 789 1855; x_wconf 77' lang='grc' dir='ltr'><strong><em>(ρ’.)</em></strong></span> <span class='ocrx_word' id='word_1_89' title='bbox 799 1760 930 1849; x_wconf 81' lang='grc' dir='ltr'><strong><em>Ἐπειδὴ</em></strong></span> <span class='ocrx_word' id='word_1_90' title='bbox 945 1762 983 1832; x_wconf 74' lang='grc' dir='ltr'><strong><em>δὲ</em></strong></span> <span class='ocrx_word' id='word_1_91' title='bbox 996 1765 1255 1852; x_wconf 78' lang='grc' dir='ltr'><strong><em>πρὸςἈρμεῖονς</em></strong></span> 
     </span>
     <span class='ocr_line' id='line_1_15' title="bbox 314 1863 1274 1951; baseline 0.004 -19"><span class='ocrx_word' id='word_1_92' title='bbox 314 1865 370 1932; x_wconf 81' lang='grc' dir='ltr'><strong><em>καὶ</em></strong></span> <span class='ocrx_word' id='word_1_93' title='bbox 380 1863 666 1951; x_wconf 82' lang='grc' dir='ltr'><strong><em>Μεσσηνίουςτὴν</em></strong></span> <span class='ocrx_word' id='word_1_94' title='bbox 671 1864 786 1951; x_wconf 78' lang='grc' dir='ltr'><strong><em>χάραν</em></strong></span> <span class='ocrx_word' id='word_1_95' title='bbox 793 1868 957 1932; x_wconf 88' lang='grc' dir='ltr'><strong><em>διείλοντο</em></strong></span> <span class='ocrx_word' id='word_1_96' title='bbox 964 1868 1019 1933; x_wconf 81' lang='grc' dir='ltr'><strong><em>καὶ</em></strong></span> <span class='ocrx_word' id='word_1_97' title='bbox 1032 1865 1112 1934; x_wconf 83' lang='grc' dir='ltr'><strong><em>καθ’</em></strong></span> <span class='ocrx_word' id='word_1_98' title='bbox 1127 1866 1274 1947; x_wconf 82' lang='grc' dir='ltr'><strong><em>αύτούςο</em></strong></span> 
     </span>
     <span class='ocr_line' id='line_1_16' title="bbox 315 1964 1252 2055; baseline 0.003 -21"><span class='ocrx_word' id='word_1_99' title='bbox 315 1968 351 2034; x_wconf 75' lang='grc' dir='ltr'><strong><em>ἐν</em></strong></span> <span class='ocrx_word' id='word_1_100' title='bbox 361 1964 502 2052; x_wconf 87' lang='grc' dir='ltr'><strong><em>Σπάρτη</em></strong></span> <span class='ocrx_word' id='word_1_101' title='bbox 514 1965 725 2055; x_wconf 75' lang='grc' dir='ltr'><strong><em>κατῴκησαν,</em></strong></span> <span class='ocrx_word' id='word_1_102' title='bbox 743 1964 992 2046; x_wconf 81' lang='grc' dir='ltr'><strong><em>ἐντούτοιςτοῖς</em></strong></span> <span class='ocrx_word' id='word_1_103' title='bbox 998 1981 1127 2052; x_wconf 87' lang='grc' dir='ltr'><strong><em>καιροῖς</em></strong></span> <span class='ocrx_word' id='word_1_104' title='bbox 1135 1973 1238 2038; x_wconf 85' lang='grc' dir='ltr'><strong><em>τοσού</em></strong></span> <span class='ocrx_word' id='word_1_105' title='bbox 1241 2007 1252 2016; x_wconf 91' lang='grc'>·</span> 
     </span>
     <span class='ocr_line' id='line_1_17' title="bbox 313 2062 1255 2156; baseline 0.004 -22"><span class='ocrx_word' id='word_1_106' title='bbox 313 2094 373 2135; x_wconf 90' lang='grc' dir='ltr'><strong><em>του</em></strong></span> <span class='ocrx_word' id='word_1_107' title='bbox 380 2062 757 2156; x_wconf 77' lang='grc' dir='ltr'><strong><em>φρουῆσαιφῂςαύτούς</em></strong></span> <span class='ocrx_word' id='word_1_108' title='bbox 766 2063 847 2134; x_wconf 73' lang='grc' dir='ltr'><strong><em>ὥστ’</em></strong></span> <span class='ocrx_word' id='word_1_109' title='bbox 863 2064 964 2146; x_wconf 84' lang='grc' dir='ltr'><strong><em>ὄντας</em></strong></span> <span class='ocrx_word' id='word_1_110' title='bbox 977 2064 1018 2135; x_wconf 91' lang='grc' dir='ltr'><strong><em>ού</em></strong></span> <span class='ocrx_word' id='word_1_111' title='bbox 1032 2075 1172 2149; x_wconf 89' lang='grc' dir='ltr'><strong><em>πλείους</em></strong></span> <span class='ocrx_word' id='word_1_112' title='bbox 1184 2069 1255 2138; x_wconf 89' lang='grc' dir='ltr'><strong><em>τότε</em></strong></span> 
     </span>
     <span class='ocr_line' id='line_1_18' title="bbox 313 2165 1257 2257; baseline 0.001 -18"><span class='ocrx_word' id='word_1_113' title='bbox 313 2175 484 2257; x_wconf 82' lang='grc' dir='ltr'><strong><em>δισχιλίων</em></strong></span> <span class='ocrx_word' id='word_1_114' title='bbox 502 2166 565 2255; x_wconf 87' lang='grc' dir='ltr'><strong><em>ούχ</em></strong></span> <span class='ocrx_word' id='word_1_115' title='bbox 582 2166 772 2255; x_wconf 74' lang='grc' dir='ltr'><strong><em>ἡγήσασθαι</em></strong></span> <span class='ocrx_word' id='word_1_116' title='bbox 790 2169 880 2253; x_wconf 84' lang='grc' dir='ltr'><strong><em>σφᾶς</em></strong></span> <span class='ocrx_word' id='word_1_117' title='bbox 897 2166 1024 2248; x_wconf 86' lang='grc' dir='ltr'><strong><em>αύτούς</em></strong></span> <span class='ocrx_word' id='word_1_118' title='bbox 1044 2165 1160 2251; x_wconf 84' lang='grc' dir='ltr'><strong><em>άξίους</em></strong></span> <span class='ocrx_word' id='word_1_119' title='bbox 1175 2170 1257 2239; x_wconf 78' lang='grc' dir='ltr'><strong><em>εἶναι</em></strong></span> 
     </span>
     <span class='ocr_line' id='line_1_19' title="bbox 313 2268 1252 2364; baseline 0.003 -26"><span class='ocrx_word' id='word_1_120' title='bbox 313 2276 384 2358; x_wconf 80' lang='grc' dir='ltr'><strong><em>ζῆν,</em></strong></span> <span class='ocrx_word' id='word_1_121' title='bbox 398 2276 431 2338; x_wconf 87' lang='grc' dir='ltr'><strong><em>εί</em></strong></span> <span class='ocrx_word' id='word_1_122' title='bbox 441 2268 486 2357; x_wconf 81' lang='grc' dir='ltr'><strong><em>μὴ</em></strong></span> <span class='ocrx_word' id='word_1_123' title='bbox 499 2269 660 2339; x_wconf 86' lang='grc' dir='ltr'><strong><em>δεσπόται</em></strong></span> <span class='ocrx_word' id='word_1_124' title='bbox 672 2272 790 2337; x_wconf 72' lang='grc' dir='ltr'><strong><em>πασῶν</em></strong></span> <span class='ocrx_word' id='word_1_125' title='bbox 804 2275 872 2335; x_wconf 80' lang='grc' dir='ltr'><strong><em>τῶν</em></strong></span> <span class='ocrx_word' id='word_1_126' title='bbox 888 2271 924 2336; x_wconf 79' lang='grc' dir='ltr'><strong><em>ἐν</em></strong></span> <span class='ocrx_word' id='word_1_127' title='bbox 932 2271 1183 2364; x_wconf 76' lang='grc' dir='ltr'><strong><em>Πελοποννήσῳ</em></strong></span> <span class='ocrx_word' id='word_1_128' title='bbox 1193 2272 1252 2341; x_wconf 87' lang='grc' dir='ltr'><strong><em>πό-</em></strong></span> 
     </span>
     <span class='ocr_line' id='line_1_20' title="bbox 255 2370 1254 2458; baseline 0 -19"><span class='ocrx_word' id='word_1_129' title='bbox 255 2380 303 2430; x_wconf 68' lang='lat' dir='ltr'><strong><em>²5ss</em></strong></span> <span class='ocrx_word' id='word_1_130' title='bbox 315 2382 400 2439; x_wconf 86' lang='grc' dir='ltr'><strong><em>λεωυ</em></strong></span> <span class='ocrx_word' id='word_1_131' title='bbox 408 2373 565 2455; x_wconf 82' lang='grc' dir='ltr'><strong><em>γενέσθαι</em></strong></span> <span class='ocrx_word' id='word_1_132' title='bbox 576 2376 771 2457; x_wconf 92' lang='grc' dir='ltr'><strong><em>δυνηθεῖεν,</em></strong></span> <span class='ocrx_word' id='word_1_133' title='bbox 784 2375 890 2437; x_wconf 79' lang='grc' dir='ltr'><strong><em>ταῦτα</em></strong></span> <span class='ocrx_word' id='word_1_134' title='bbox 906 2370 943 2438; x_wconf 76' lang='grc' dir='ltr'><strong><em>δὲ</em></strong></span> <span class='ocrx_word' id='word_1_135' title='bbox 952 2374 1193 2458; x_wconf 77' lang='grc' dir='ltr'><strong><em>διανοηθέντας</em></strong></span> <span class='ocrx_word' id='word_1_136' title='bbox 1202 2373 1254 2441; x_wconf 79' lang='grc' dir='ltr'><strong><em>καὶ</em></strong></span> 
     </span>
     <span class='ocr_line' id='line_1_21' title="bbox 314 2469 1252 2560; baseline 0 -19"><span class='ocrx_word' id='word_1_137' title='bbox 314 2481 470 2560; x_wconf 80' lang='grc' dir='ltr'><strong><em>πολεμεῖν</em></strong></span> <span class='ocrx_word' id='word_1_138' title='bbox 479 2471 749 2558; x_wconf 84' lang='grc' dir='ltr'><strong><em>ἐπιχειρήσαντας</em></strong></span> <span class='ocrx_word' id='word_1_139' title='bbox 757 2469 993 2557; x_wconf 87' lang='grc' dir='ltr'><strong><em>ούκάπειπεῖν,</em></strong></span> <span class='ocrx_word' id='word_1_140' title='bbox 1006 2475 1042 2539; x_wconf 80' lang='grc' dir='ltr'><strong><em>ἐν</em></strong></span> <span class='ocrx_word' id='word_1_141' title='bbox 1048 2481 1187 2554; x_wconf 89' lang='grc' dir='ltr'><strong><em>πολλοῖς</em></strong></span> <span class='ocrx_word' id='word_1_142' title='bbox 1197 2501 1252 2541; x_wconf 89' lang='grc' dir='ltr'><strong><em>κα·</em></strong></span> 
     </span>
     <span class='ocr_line' id='line_1_22' title="bbox 312 2572 1256 2664; baseline 0.002 -22"><span class='ocrx_word' id='word_1_143' title='bbox 312 2589 385 2654; x_wconf 90' lang='grc' dir='ltr'><strong><em>κοῖς</em></strong></span> <span class='ocrx_word' id='word_1_144' title='bbox 398 2575 455 2642; x_wconf 87' lang='grc' dir='ltr'><strong><em>καὶ</em></strong></span> <span class='ocrx_word' id='word_1_145' title='bbox 461 2573 868 2659; x_wconf 78' lang='grc' dir='ltr'><strong><em>κινδύνοιςγιγνομένους,</em></strong></span> <span class='ocrx_word' id='word_1_146' title='bbox 876 2572 1096 2660; x_wconf 85' lang='grc' dir='ltr'><strong><em>πρὶνάπάσας</em></strong></span> <span class='ocrx_word' id='word_1_147' title='bbox 1107 2572 1256 2664; x_wconf 86' lang='grc' dir='ltr'><strong><em>[ταύτας]</em></strong></span> 
     </span>
     <span class='ocr_line' id='line_1_23' title="bbox 313 2669 1281 2763; baseline 0.004 -19"><span class='ocrx_word' id='word_1_148' title='bbox 313 2669 376 2761; x_wconf 82' lang='grc' dir='ltr'><strong><em>ύφ’</em></strong></span> <span class='ocrx_word' id='word_1_149' title='bbox 396 2674 514 2754; x_wconf 88' lang='grc' dir='ltr'><strong><em>αύτοῖς</em></strong></span> <span class='ocrx_word' id='word_1_150' title='bbox 532 2674 728 2760; x_wconf 83' lang='grc' dir='ltr'><strong><em>ἐποιήσαντο</em></strong></span> <span class='ocrx_word' id='word_1_151' title='bbox 753 2673 840 2759; x_wconf 80' lang='grc' dir='ltr'><strong><em>πλὴν</em></strong></span> <span class='ocrx_word' id='word_1_152' title='bbox 860 2672 929 2762; x_wconf 75' lang='grc' dir='ltr'><strong><em>[τῆς</em></strong></span> <span class='ocrx_word' id='word_1_153' title='bbox 947 2672 1087 2763; x_wconf 84' lang='grc' dir='ltr'><strong><em>πόλεως]</em></strong></span> <span class='ocrx_word' id='word_1_154' title='bbox 1105 2681 1164 2762; x_wconf 81' lang='grc' dir='ltr'><strong><em>τῆς</em></strong></span> <span class='ocrx_word' id='word_1_155' title='bbox 1180 2672 1281 2763; x_wconf 76' lang='grc' dir='ltr'><strong><em>’Δρ-δ</em></strong></span> 
     </span>
     <span class='ocr_line' id='line_1_24' title="bbox 313 2772 1258 2865; baseline 0 -20"><span class='ocrx_word' id='word_1_156' title='bbox 313 2785 425 2864; x_wconf 75' lang='grc' dir='ltr'><strong><em>μείων.</em></strong></span> <span class='ocrx_word' id='word_1_157' title='bbox 442 2773 614 2862; x_wconf 79' lang='grc' dir='ltr'><strong><em>ἕχονταςδ</em></strong></span> <span class='ocrx_word' id='word_1_158' title='bbox 624 2772 688 2862; x_wconf 75' lang='grc' dir='ltr'><strong><em>ἤδη</em></strong></span> <span class='ocrx_word' id='word_1_159' title='bbox 696 2776 753 2842; x_wconf 85' lang='grc' dir='ltr'><strong><em>καὶ</em></strong></span> <span class='ocrx_word' id='word_1_160' title='bbox 760 2774 874 2861; x_wconf 84' lang='grc' dir='ltr'><strong><em>χάραν</em></strong></span> <span class='ocrx_word' id='word_1_161' title='bbox 882 2776 1258 2865; x_wconf 81' lang='grc' dir='ltr'><strong><em>πλείστηνκαὶδύναμιν</em></strong></span> 
     </span>
     <span class='ocr_line' id='line_1_25' title="bbox 312 2872 1258 2965; baseline 0.001 -19"><span class='ocrx_word' id='word_1_162' title='bbox 312 2885 473 2964; x_wconf 82' lang='grc' dir='ltr'><strong><em>μεγίστην</em></strong></span> <span class='ocrx_word' id='word_1_163' title='bbox 490 2877 545 2943; x_wconf 76' lang='grc' dir='ltr'><strong><em>καί</em></strong></span> <span class='ocrx_word' id='word_1_164' title='bbox 565 2876 668 2957; x_wconf 78' lang='grc' dir='ltr'><strong><em>δόξαν</em></strong></span> <span class='ocrx_word' id='word_1_165' title='bbox 685 2878 871 2963; x_wconf 87' lang='grc' dir='ltr'><strong><em>τοσαύτην,</em></strong></span> <span class='ocrx_word' id='word_1_166' title='bbox 896 2872 980 2962; x_wconf 84' lang='grc' dir='ltr'><strong><em>ὅσην</em></strong></span> <span class='ocrx_word' id='word_1_167' title='bbox 999 2876 1157 2965; x_wconf 82' lang='grc' dir='ltr'><strong><em>προσήκει</em></strong></span> <span class='ocrx_word' id='word_1_168' title='bbox 1177 2880 1258 2959; x_wconf 86' lang='grc' dir='ltr'><strong><em>τούς</em></strong></span> 
     </span>
     <span class='ocr_line' id='line_1_26' title="bbox 313 2966 1259 3066; baseline 0.002 -19"><span class='ocrx_word' id='word_1_169' title='bbox 313 2984 491 3066; x_wconf 81' lang='grc' dir='ltr'><strong><em>τηλικαῦτα</em></strong></span> <span class='ocrx_word' id='word_1_170' title='bbox 509 2978 839 3062; x_wconf 74' lang='grc' dir='ltr'><strong><em>διαπεπραγμένους,</em></strong></span> <span class='ocrx_word' id='word_1_171' title='bbox 864 2974 928 3063; x_wconf 88' lang='grc' dir='ltr'><strong><em>ούχ</em></strong></span> <span class='ocrx_word' id='word_1_172' title='bbox 952 2966 1050 3065; x_wconf 77' lang='grc' dir='ltr'><strong><em>ἦττον</em></strong></span> <span class='ocrx_word' id='word_1_173' title='bbox 1069 2982 1259 3049; x_wconf 88' lang='grc' dir='ltr'><strong><em>διακεῖσθαι</em></strong></span> 
     </span>
     <span class='ocr_line' id='line_1_27' title="bbox 314 3075 1259 3168; baseline 0.001 -20"><span class='ocrx_word' id='word_1_174' title='bbox 314 3088 506 3168; x_wconf 88' lang='grc' dir='ltr'><strong><em>φιλοτίμως,</em></strong></span> <span class='ocrx_word' id='word_1_175' title='bbox 521 3078 570 3147; x_wconf 88' lang='grc' dir='ltr'><strong><em>ότι</em></strong></span> <span class='ocrx_word' id='word_1_176' title='bbox 583 3079 682 3162; x_wconf 75' lang='grc' dir='ltr'><strong><em>λόγος</em></strong></span> <span class='ocrx_word' id='word_1_177' title='bbox 697 3075 848 3166; x_wconf 81' lang='grc' dir='ltr'><strong><em>ὑπῆρχεν</em></strong></span> <span class='ocrx_word' id='word_1_178' title='bbox 862 3077 978 3158; x_wconf 91' lang='grc' dir='ltr'><strong><em>αύτοῖς</em></strong></span> <span class='ocrx_word' id='word_1_179' title='bbox 992 3084 1075 3159; x_wconf 88' lang='grc' dir='ltr'><strong><em>ίδιος</em></strong></span> <span class='ocrx_word' id='word_1_180' title='bbox 1087 3081 1143 3148; x_wconf 76' lang='grc' dir='ltr'><strong><em>καί</em></strong></span> <span class='ocrx_word' id='word_1_181' title='bbox 1157 3081 1259 3161; x_wconf 87' lang='grc' dir='ltr'><strong><em>καλός</em></strong></span> 
     </span>
     <span class='ocr_line' id='line_1_28' title="bbox 254 3177 1259 3270; baseline 0.006 -25"><span class='ocrx_word' id='word_1_182' title='bbox 254 3199 302 3246; x_wconf 75' lang='lat'><strong><em>257</em></strong></span> <span class='ocrx_word' id='word_1_183' title='bbox 314 3181 430 3270; x_wconf 90' lang='grc' dir='ltr'><strong><em>μόνοις</em></strong></span> <span class='ocrx_word' id='word_1_184' title='bbox 443 3188 510 3249; x_wconf 77' lang='grc' dir='ltr'><strong><em>τῶν</em></strong></span> <span class='ocrx_word' id='word_1_185' title='bbox 521 3179 704 3266; x_wconf 79' lang='grc' dir='ltr'><strong><em>Ἑλλήνων·</em></strong></span> <span class='ocrx_word' id='word_1_186' title='bbox 726 3180 846 3259; x_wconf 79' lang='grc' dir='ltr'><strong><em>ἐξεῖναι</em></strong></span> <span class='ocrx_word' id='word_1_187' title='bbox 860 3179 924 3265; x_wconf 81' lang='grc' dir='ltr'><strong><em>γάρ</em></strong></span> <span class='ocrx_word' id='word_1_188' title='bbox 939 3187 1046 3250; x_wconf 82' lang='grc' dir='ltr'><strong><em>εἰπεῖν</em></strong></span> <span class='ocrx_word' id='word_1_189' title='bbox 1060 3177 1190 3269; x_wconf 84' lang='grc' dir='ltr'><strong><em>αύτοῖς,</em></strong></span> <span class='ocrx_word' id='word_1_190' title='bbox 1209 3180 1259 3251; x_wconf 85' lang='grc' dir='ltr'><strong><em>ότι</em></strong></span> 
     </span>
     <span class='ocr_line' id='line_1_29' title="bbox 314 3277 1259 3373; baseline 0 -21"><span class='ocrx_word' id='word_1_191' title='bbox 314 3299 411 3370; x_wconf 84' lang='grc' dir='ltr'><strong><em>σφεῖς</em></strong></span> <span class='ocrx_word' id='word_1_192' title='bbox 425 3282 488 3369; x_wconf 73' lang='grc' dir='ltr'><strong><em>μὲν</em></strong></span> <span class='ocrx_word' id='word_1_193' title='bbox 506 3280 602 3361; x_wconf 84' lang='grc' dir='ltr'><strong><em>ὄντες</em></strong></span> <span class='ocrx_word' id='word_1_194' title='bbox 621 3277 728 3361; x_wconf 80' lang='grc' dir='ltr'><strong><em>οὕτως</em></strong></span> <span class='ocrx_word' id='word_1_195' title='bbox 747 3280 855 3366; x_wconf 78' lang='grc' dir='ltr'><strong><em>ὀλίγοι</em></strong></span> <span class='ocrx_word' id='word_1_196' title='bbox 874 3280 935 3349; x_wconf 86' lang='grc' dir='ltr'><strong><em>τόν</em></strong></span> <span class='ocrx_word' id='word_1_197' title='bbox 953 3279 1098 3369; x_wconf 88' lang='grc' dir='ltr'><strong><em>άριθμδν</em></strong></span> <span class='ocrx_word' id='word_1_198' title='bbox 1117 3279 1259 3373; x_wconf 84' lang='grc' dir='ltr'><strong><em>ούδεμιᾷ</em></strong></span> 
     </span>
     <span class='ocr_line' id='line_1_30' title="bbox 314 3376 1283 3470; baseline 0.001 -17"><span class='ocrx_word' id='word_1_199' title='bbox 314 3385 445 3453; x_wconf 73' lang='grc' dir='ltr'><strong><em>πώποτε</em></strong></span> <span class='ocrx_word' id='word_1_200' title='bbox 464 3386 532 3451; x_wconf 79' lang='grc' dir='ltr'><strong><em>τῶν</em></strong></span> <span class='ocrx_word' id='word_1_201' title='bbox 544 3381 763 3470; x_wconf 86' lang='grc' dir='ltr'><strong><em>μυριάνδρων</em></strong></span> <span class='ocrx_word' id='word_1_202' title='bbox 782 3382 913 3451; x_wconf 87' lang='grc' dir='ltr'><strong><em>πόλεων</em></strong></span> <span class='ocrx_word' id='word_1_203' title='bbox 926 3376 1164 3469; x_wconf 74' lang='grc' dir='ltr'><strong><em>ἠκολούθησαν</em></strong></span> <span class='ocrx_word' id='word_1_204' title='bbox 1177 3382 1255 3454; x_wconf 86' lang='grc' dir='ltr'><strong><em>ούδ’</em></strong></span> <span class='ocrx_word' id='word_1_205' title='bbox 1271 3418 1283 3453; x_wconf 84' lang='grc' dir='ltr'><strong><em>ο</em></strong></span> 
     </span>
     <span class='ocr_line' id='line_1_31' title="bbox 315 3481 1254 3573; baseline -0.001 -18"><span class='ocrx_word' id='word_1_206' title='bbox 315 3486 522 3573; x_wconf 84' lang='grc' dir='ltr'><strong><em>ε’ποίησαυτό</em></strong></span> <span class='ocrx_word' id='word_1_207' title='bbox 531 3484 824 3572; x_wconf 87' lang='grc' dir='ltr'><strong><em>προσταττόμενον</em></strong></span> <span class='ocrx_word' id='word_1_208' title='bbox 837 3482 916 3552; x_wconf 77' lang='grc' dir='ltr'><strong><em>ἄλλ’</em></strong></span> <span class='ocrx_word' id='word_1_209' title='bbox 927 3481 1254 3572; x_wconf 80' lang='grc' dir='ltr'><strong><em>αύτόνομοοδιετέλε·</em></strong></span> 
     </span>
     <span class='ocr_line' id='line_1_32' title="bbox 313 3583 1251 3676; baseline -0.001 -20"><span class='ocrx_word' id='word_1_210' title='bbox 313 3611 376 3657; x_wconf 94' lang='grc' dir='ltr'><strong><em>σαν</em></strong></span> <span class='ocrx_word' id='word_1_211' title='bbox 392 3587 499 3672; x_wconf 79' lang='grc' dir='ltr'><strong><em>ὄντες,</em></strong></span> <span class='ocrx_word' id='word_1_212' title='bbox 513 3583 650 3654; x_wconf 86' lang='grc' dir='ltr'><strong><em>αύτοὶδ’</em></strong></span> <span class='ocrx_word' id='word_1_213' title='bbox 668 3589 762 3676; x_wconf 79' lang='grc' dir='ltr'><strong><em>ἐντῷ</em></strong></span> <span class='ocrx_word' id='word_1_214' title='bbox 778 3589 912 3676; x_wconf 78' lang='grc' dir='ltr'><strong><em>πολέμῳ</em></strong></span> <span class='ocrx_word' id='word_1_215' title='bbox 925 3591 973 3675; x_wconf 74' lang='grc' dir='ltr'><strong><em>τῷ</em></strong></span> <span class='ocrx_word' id='word_1_216' title='bbox 988 3588 1071 3672; x_wconf 86' lang='grc' dir='ltr'><strong><em>πρός</em></strong></span> <span class='ocrx_word' id='word_1_217' title='bbox 1081 3585 1162 3666; x_wconf 85' lang='grc' dir='ltr'><strong><em>τούς</em></strong></span> <span class='ocrx_word' id='word_1_218' title='bbox 1171 3594 1251 3672; x_wconf 87' lang='grc' dir='ltr'><strong><em>βαρ·</em></strong></span> 
     </span>
     <span class='ocr_line' id='line_1_33' title="bbox 313 3685 1256 3775; baseline 0 -20"><span class='ocrx_word' id='word_1_219' title='bbox 313 3690 439 3775; x_wconf 83' lang='grc' dir='ltr'><strong><em>βάρους</em></strong></span> <span class='ocrx_word' id='word_1_220' title='bbox 453 3686 589 3754; x_wconf 86' lang='grc' dir='ltr'><strong><em>πάντων</em></strong></span> <span class='ocrx_word' id='word_1_221' title='bbox 603 3685 847 3773; x_wconf 77' lang='grc' dir='ltr'><strong><em>τῶνἙλλήνων</em></strong></span> <span class='ocrx_word' id='word_1_222' title='bbox 861 3686 1022 3773; x_wconf 78' lang='grc' dir='ltr'><strong><em>ἡγεμόνες</em></strong></span> <span class='ocrx_word' id='word_1_223' title='bbox 1037 3688 1256 3774; x_wconf 77' lang='grc' dir='ltr'><strong><em>κατέστησαν,</em></strong></span> 
     </span>
    </p>
   </div>
   <div class='ocr_carea' id='block_1_3' title="bbox 0 0 1441 4334">
    <p class='ocr_par' dir='ltr' id='par_1_3' title="bbox 0 0 1441 4334">
     <span class='ocr_line' id='line_1_34' title="bbox 0 0 1441 4334; baseline 0 0"><span class='ocrx_word' id='word_1_224' title='bbox 0 0 1441 4334; x_wconf 95' lang='lat' dir='ltr'><strong><em> </em></strong></span> 
     </span>
    </p>
   </div>
  </div>
 </body>
</html>
