2859 4334
282 421 344 486 122
566 425 956 506 ιεοιινκνονερ)

281 583 347 672 γάρ
373 587 411 654 έν
437 598 507 664 τοῖς
523 583 660 671 Ἕλλησι
681 585 887 672 γενήσεσθαι
907 593 1107 674 τηλικοῦτον
1128 591 1242 675 έργον,
1266 614 1330 665 111

282 681 364 752 ὅσον
379 685 448 750 έστδ
467 679 505 750 τδ
520 683 648 761 πάντας
661 680 749 769 ἡμᾶς
763 684 800 751 ἐκ
817 683 991 752 τοσούτων
1011 686 1167 774 πολέμων
1188 687 1244 754 ίπλ

281 779 344 868 τὴν
357 778 522 868 ὁμόνοιαν
538 794 760 868 προαγαγεῖν,
770 778 855 849 οὔτε
870 797 940 862 τοίς
953 783 1138 871 βαρβάροις
1154 782 1242 862 είκύς

281 881 350 948 έστι
364 887 526 966 συστῆναι
535 879 740 966 τηλικαύτην
750 879 913 968 δύναμιν,
924 877 969 968 ἢν
979 879 1042 968 τὴν
1052 887 1118 950 νῦν
1128 878 1242 967 ὑπάρ-

213 994 263 1050 142
279 998 407 1066 χουσαν
417 978 615 1066 καταλύσης.
639 975 723 1046 ὥστε
735 987 802 1046 τοῖν
812 977 875 1065 μέν
885 982 1151 1068 ἐπιγιγνομένων
1162 971 1238 1048 οὐδ’

279 1075 324 1164 ἦν
337 1102 387 1154 τις
396 1083 465 1144 τῶν
475 1073 588 1145 ἀλλων
599 1080 753 1164 διενέγκῃ
763 1074 826 1163 τὴν
837 1077 959 1165 φύσιν,
974 1077 1076 1147 ούδδν
1088 1081 1151 1159 ἕξει
1162 1102 1240 1146 ποι-

279 1183 359 1263 ῆσαι
370 1184 532 1243 τοιοῦτον.
557 1172 642 1244 ἀλλά
652 1174 721 1263 μην
731 1182 800 1244 τῶν
814 1201 852 1263 γε
863 1179 1163 1264 προγεγενημένων
1178 1182 1242 1264 ἔχω

280 1278 343 1361 μὲν
354 1271 559 1362 ὑπερβαλεῖν
572 1272 632 1354 τάς
647 1275 783 1362 πράξεις
796 1289 865 1355 τοίς
876 1273 940 1363 ἤδη
958 1273 1015 1344 διά
1029 1283 1094 1344 σοῦ
1105 1295 1272 1362 xmae-b

279 1375 479 1459 γασμένοις,
501 1369 544 1440 ού
562 1380 726 1460 γλίσχρως
746 1370 820 1442 ἀλλ’
844 1369 1030 1460 ἀληθινῶς·
1064 1373 1155 1454 ὅστις
1173 1371 1240 1459 γάρ

281 1477 366 1556 ἔθνη
379 1477 525 1538 τοσαῦτα
535 1471 710 1557 τυγχάνεις
720 1475 1023 1559 κατεστραμμένος,
1038 1470 1119 1551 ὅσας
1129 1469 1241 1550 οὐδεὶς

279 1567 413 1636 πύποτε
439 1574 508 1636 τῶν
529 1564 642 1636 ἀλλων
662 1567 776 1646 πόλεις
797 1563 880 1656 εἷλε,
912 1578 982 1649 πῶς
1005 1567 1068 1639 ούκ
1089 1567 1134 1637 άυ
1155 1568 1241 1656 πρὸς

279 1671 422 1736 ἕκαστον
444 1662 559 1734 αύτολν
571 1663 874 1756 ἀντιπαραβάλλων
890 1671 1013 1759 βρδίως
1028 1664 1073 1736 ἀν
1090 1671 1239 1749 ἐπέδειξα

212 1781 262 1836 1ss
278 1772 377 1854 μείζω
394 1786 432 1834 σε
451 1763 617 1835 κάκείνων
632 1769 942 1855 διαπεπραγμένους
964 1764 1048 1837 ἀλλά
1069 1765 1135 1854 γάρ
1151 1767 1239 1836 εἱλό-

280 1892 348 1954 μην
359 1864 565 1953 ἀποσχέσθαι
574 1873 633 1954 τῆς
646 1867 803 1954 τοιαύτης
813 1871 903 1947 ίδέας
917 1865 963 1935 δι’
976 1865 1166 1955 ἀμφότερα,
1182 1868 1238 1935 διά

279 1989 316 2031 τε
330 1961 410 2043 τούς
431 1961 494 2032 ούκ
510 1962 674 2050 εύκαίρως
688 1962 774 2054 αύτῇ
786 1969 980 2054 χρωμένους
993 1969 1049 2035 καὶ
1063 1962 1118 2034 διά
1136 1962 1175 2034 τὰ
1192 1964 1237 2053 μη

280 2067 466 2154 βούλεσθαι
480 2069 737 2154 ταπεινοτέρους
748 2081 858 2136 ποιεῖν
870 2075 939 2136 τῶν
954 2075 1021 2136 νῦν
1035 2065 1144 2137 ὄντων
1157 2065 1238 2146 τούς
1253 2102 1268 2138 e

278 2161 444 2250 ἡμιθέους
460 2162 546 2232 εἶναι
561 2167 807 2251 νομιζομένους.

213 2277 262 2331 144
361 2263 452 2352 (ξαῖ)
469 2260 641 2350 Ἐυθυμού
655 2260 687 2330 δ’
702 2267 760 2331 ἵνα
773 2290 806 2330 τι
823 2266 959 2332 καὶτῶν
975 2262 1122 2353 ἀρχαίων
1136 2274 1238 2332 εἴπω-

279 2388 358 2448 μεν,
375 2361 427 2431 ὅτι
441 2360 503 2430 τδν
516 2363 692 2431 Ταντάλου
706 2368 855 2431 πλούτου
869 2366 924 2431 καὶ
936 2359 999 2450 τὴν
1009 2366 1161 2442 Πέλοπος
1176 2361 1238 2449 ἀρ-

278 2459 342 2548 χὴν
362 2462 418 2530 καὶ
437 2458 499 2548 τὴν
513 2459 721 2548 Εὐρυσθέως
735 2461 880 2548 δύναμιν
896 2458 1006 2542 οὐδεὶς
1022 2458 1066 2530 ἀν
1086 2460 1163 2532 ούτε
1178 2462 1238 2532 λό-

279 2585 351 2646 γων
367 2556 505 2646 εὑρετὴς
520 2557 598 2628 οὔτε
613 2557 751 2646 ποιητὴς
764 2562 985 2648 ἐπαινέσειεν,
1002 2559 1086 2632 ἀλλά
1101 2562 1183 2649 μετά
1198 2589 1238 2648 γε

277 2657 340 2746 τὴν
355 2656 559 2746 Ἡρακλέους
584 2655 779 2746 ὑπερβολὴν
805 2662 861 2727 καὶ
879 2657 942 2746 την
961 2664 1095 2746 θησέως
1115 2657 1239 2748 ἀρετὴν

278 2756 358 2845 τους
379 2760 432 2826 έπδ
450 2764 575 2844 Τροίαν
591 2760 900 2844 στρατευσαμένους
922 2761 978 2827 καὶ
999 2756 1078 2837 τοὺς
1098 2760 1239 2838 ἐκείνοις

211 2877 260 2931 145
278 2856 415 2944 ὁμοίους
431 2863 636 2947 γευομένους
655 2857 800 2940 ἅπαντες
820 2855 865 2929 ἀν
880 2857 1108 2948 εύλογήσειαν.
1130 2867 1239 2930 καίτοι

277 2955 357 3035 τούς
373 2954 659 3044 ὀνομαστοτάτους
675 2961 732 3026 καὶ
750 2956 830 3038 τούς
844 2957 1001 3046 ἀρίστους
1015 2957 1128 3027 αύτεδν
1139 2967 1237 3046 ίσμεν
1249 2971 1266 3026 d

278 3058 315 3123 έν
329 3068 460 3142 μικροις
474 3062 656 3142 πολιχνίοις
669 3057 726 3125 καὶ
742 3061 936 3144 νησυδρίοις
948 3053 1008 3137 τάς
1022 3053 1125 3144 ἀρχάς
1134 3083 1239 3124 κατα-

277 3151 426 3238 σχόντας.
455 3149 529 3222 ἀλλ’
548 3151 639 3240 ὅμως
654 3156 793 3223 ίσύθεον
813 3157 869 3224 καί
883 3151 973 3242 παρά
993 3162 1097 3222 πᾶσιν
1110 3151 1238 3241 ὄνομα·

277 3252 361 3343 στὴν
380 3251 443 3342 τὴν
463 3251 577 3323 αὑτῶν
595 3256 698 3336 δόξαν
714 3259 909 3326 κατέλιπον·
940 3254 1084 3336 ἀπαντες
1096 3253 1163 3342 γάρ
1178 3282 1238 3340 φι-

277 3362 396 3422 λοῦσιν
416 3351 459 3423 ού
478 3351 559 3434 τοδς
580 3361 698 3442 σφίσιν
720 3352 834 3435 αύτοίς
852 3362 1012 3443 μεγίστην
1035 3358 1237 3423 δυναστείαν

276 3455 504 3540 κτησαμένους
515 3449 600 3522 ἀλλά
610 3449 690 3532 τούς
700 3451 908 3540 τοτςἝλλησι
918 3458 1084 3523 πλείστων
1095 3450 1237 3540 ἀγαθοῖν

276 3555 402 3628 αίτίους
414 3553 668 3639 γεγενημένους.

210 3662 258 3715 146
359 3652 450 3733 (ξβ.)
476 3646 528 3717 Ού
544 3649 653 3733 μόνον
666 3647 701 3716 δ’
716 3651 770 3716 ἐπὶ
791 3649 922 3718 τούτων
936 3645 1060 3724 αύτούς
1080 3646 1157 3729 ὄρει
1172 3645 1237 3730 τὴν
