<?xml version="1.0" encoding="UTF-8"?>
<!DOCTYPE html PUBLIC "-//W3C//DTD XHTML 1.0 Transitional//EN"
    "http://www.w3.org/TR/xhtml1/DTD/xhtml1-transitional.dtd">
<html xmlns="http://www.w3.org/1999/xhtml" xml:lang="en" lang="en">
 <head>
  <title>
</title>
<meta http-equiv="Content-Type" content="text/html;charset=utf-8" />
  <meta name='ocr-system' content='tesseract 3.04.00' />
  <meta name='ocr-capabilities' content='ocr_page ocr_carea ocr_par ocr_line ocrx_word'/>
</head>
<body>
  <div class='ocr_page' id='page_1' title='image "./orationes00isgoog_0376.png"; bbox 0 0 2859 4334; ppageno 0'>
   <div class='ocr_carea' id='block_1_1' title="bbox 539 406 1133 469">
    <p class='ocr_par' dir='ltr' id='par_1_1' title="bbox 539 406 1133 469">
     <span class='ocr_line' id='line_1_1' title="bbox 539 406 1133 469; baseline 0 -1"><span class='ocrx_word' id='word_1_1' title='bbox 539 408 781 469; x_wconf 71' lang='lat' dir='ltr'><strong>nomm</strong></span> <span class='ocrx_word' id='word_1_2' title='bbox 1112 406 1133 468; x_wconf 82' lang='grc' dir='ltr'><strong><em>δ</em></strong></span> 
     </span>
    </p>
   </div>
   <div class='ocr_carea' id='block_1_2' title="bbox 126 564 1243 3621">
    <p class='ocr_par' dir='ltr' id='par_1_2' title="bbox 180 564 1135 755">
     <span class='ocr_line' id='line_1_2' title="bbox 180 564 1134 655; baseline 0.002 -22"><span class='ocrx_word' id='word_1_3' title='bbox 180 564 259 646; x_wconf 74' lang='grc' dir='ltr'><strong><em>τούς</em></strong></span> <span class='ocrx_word' id='word_1_4' title='bbox 273 569 325 635; x_wconf 76' lang='grc' dir='ltr'><strong><em>ἐπὶ</em></strong></span> <span class='ocrx_word' id='word_1_5' title='bbox 339 565 402 655; x_wconf 83' lang='grc' dir='ltr'><strong><em>τήν</em></strong></span> <span class='ocrx_word' id='word_1_6' title='bbox 412 568 526 655; x_wconf 75' lang='grc' dir='ltr'><strong><em>χάραν</em></strong></span> <span class='ocrx_word' id='word_1_7' title='bbox 541 570 758 647; x_wconf 79' lang='grc' dir='ltr'><strong><em>ἐκπίπτοντας</em></strong></span> <span class='ocrx_word' id='word_1_8' title='bbox 768 575 814 647; x_wconf 94' lang='grc' dir='ltr'><strong><em>είς</em></strong></span> <span class='ocrx_word' id='word_1_9' title='bbox 825 564 1006 647; x_wconf 79' lang='grc' dir='ltr'><strong><em>τάςαύτῶν</em></strong></span> <span class='ocrx_word' id='word_1_10' title='bbox 1016 575 1134 654; x_wconf 90' lang='grc' dir='ltr'><strong><em>πατρί-</em></strong></span> 
     </span>
     <span class='ocr_line' id='line_1_3' title="bbox 182 662 1135 755; baseline 0.002 -23"><span class='ocrx_word' id='word_1_11' title='bbox 182 669 240 743; x_wconf 82' lang='grc' dir='ltr'><strong><em>δας</em></strong></span> <span class='ocrx_word' id='word_1_12' title='bbox 253 662 469 751; x_wconf 74' lang='grc' dir='ltr'><strong><em>ἀπέστελλεν,</em></strong></span> <span class='ocrx_word' id='word_1_13' title='bbox 491 663 509 734; x_wconf 91' lang='grc' dir='ltr'><strong>ὁ</strong></span> <span class='ocrx_word' id='word_1_14' title='bbox 527 665 558 733; x_wconf 89' lang='grc' dir='ltr'><strong><em>δ’</em></strong></span> <span class='ocrx_word' id='word_1_15' title='bbox 577 674 607 735; x_wconf 89' lang='grc' dir='ltr'><strong><em>εί</em></strong></span> <span class='ocrx_word' id='word_1_16' title='bbox 618 666 679 753; x_wconf 84' lang='grc' dir='ltr'><strong><em>χρὴ</em></strong></span> <span class='ocrx_word' id='word_1_17' title='bbox 700 683 769 746; x_wconf 76' lang='grc' dir='ltr'><strong><em>τοῖς</em></strong></span> <span class='ocrx_word' id='word_1_18' title='bbox 783 666 849 735; x_wconf 88' lang='grc' dir='ltr'><strong><em>ὑπό</em></strong></span> <span class='ocrx_word' id='word_1_19' title='bbox 865 678 929 736; x_wconf 84' lang='grc' dir='ltr'><strong><em>σοῦ</em></strong></span> <span class='ocrx_word' id='word_1_20' title='bbox 943 671 1135 755; x_wconf 77' lang='grc' dir='ltr'><em>λεγομένοις</em></span> 
     </span>
    </p>

    <p class='ocr_par' dir='ltr' id='par_1_3' title="bbox 151 762 1164 1745">
     <span class='ocr_line' id='line_1_4' title="bbox 151 762 1154 854; baseline 0.004 -25"><span class='ocrx_word' id='word_1_21' title='bbox 151 764 365 847; x_wconf 76' lang='grc' dir='ltr'><strong><em>Βπιστεύειν,</em></strong></span> <span class='ocrx_word' id='word_1_22' title='bbox 389 764 500 842; x_wconf 87' lang='grc' dir='ltr'><strong><em>θύσας</em></strong></span> <span class='ocrx_word' id='word_1_23' title='bbox 520 766 711 852; x_wconf 77' lang='grc' dir='ltr'><strong><em>κατήσθιεν.</em></strong></span> <span class='ocrx_word' id='word_1_24' title='bbox 745 762 850 853; x_wconf 85' lang='grc' dir='ltr'><strong><em>ήτοίς</em></strong></span> <span class='ocrx_word' id='word_1_25' title='bbox 867 764 1012 853; x_wconf 80' lang='grc' dir='ltr'><strong><em>Ὀρφέως</em></strong></span> <span class='ocrx_word' id='word_1_26' title='bbox 1026 774 1154 854; x_wconf 76' lang='grc' dir='ltr'><strong><em>ἔργοις</em></strong></span> 
     </span>
     <span class='ocr_line' id='line_1_5' title="bbox 182 860 1136 951; baseline 0.003 -23"><span class='ocrx_word' id='word_1_27' title='bbox 182 860 414 950; x_wconf 84' lang='grc' dir='ltr'><strong><em>ὁμοιόσωμεν;</em></strong></span> <span class='ocrx_word' id='word_1_28' title='bbox 438 862 511 933; x_wconf 87' lang='grc' dir='ltr'><strong><em>ἀλλ’</em></strong></span> <span class='ocrx_word' id='word_1_29' title='bbox 535 862 554 933; x_wconf 86' lang='grc' dir='ltr'><strong>ὁ</strong></span> <span class='ocrx_word' id='word_1_30' title='bbox 575 867 638 951; x_wconf 79' lang='grc' dir='ltr'><strong><em>μὲν</em></strong></span> <span class='ocrx_word' id='word_1_31' title='bbox 658 868 690 946; x_wconf 85' lang='grc' dir='ltr'><strong><em>ἐξ</em></strong></span> <span class='ocrx_word' id='word_1_32' title='bbox 711 864 828 933; x_wconf 72' lang='grc' dir='ltr'><strong><em>’Ἅιδου</em></strong></span> <span class='ocrx_word' id='word_1_33' title='bbox 852 867 931 945; x_wconf 86' lang='grc' dir='ltr'><strong><em>τούς</em></strong></span> <span class='ocrx_word' id='word_1_34' title='bbox 950 873 1136 942; x_wconf 78' lang='grc' dir='ltr'><strong><em>τεθνεῶτας</em></strong></span> 
     </span>
     <span class='ocr_line' id='line_1_6' title="bbox 181 959 1133 1049; baseline 0.004 -22"><span class='ocrx_word' id='word_1_35' title='bbox 181 959 322 1047; x_wconf 86' lang='grc' dir='ltr'><strong><em>ἀνήγεν,</em></strong></span> <span class='ocrx_word' id='word_1_36' title='bbox 334 960 352 1030; x_wconf 91' lang='grc' dir='ltr'><strong>ὁ</strong></span> <span class='ocrx_word' id='word_1_37' title='bbox 365 964 401 1031; x_wconf 80' lang='grc' dir='ltr'><strong><em>δέ</em></strong></span> <span class='ocrx_word' id='word_1_38' title='bbox 413 961 477 1047; x_wconf 90' lang='grc' dir='ltr'><strong><em>πρό</em></strong></span> <span class='ocrx_word' id='word_1_39' title='bbox 490 971 607 1049; x_wconf 81' lang='grc' dir='ltr'><strong><em>μοίρας</em></strong></span> <span class='ocrx_word' id='word_1_40' title='bbox 618 963 698 1043; x_wconf 84' lang='grc' dir='ltr'><strong><em>τους</em></strong></span> <span class='ocrx_word' id='word_1_41' title='bbox 708 971 832 1045; x_wconf 80' lang='grc' dir='ltr'><strong><em>ζῶντας</em></strong></span> <span class='ocrx_word' id='word_1_42' title='bbox 843 963 1030 1033; x_wconf 76' lang='grc' dir='ltr'><strong><em>ἀπώλλυεν.</em></strong></span> <span class='ocrx_word' id='word_1_43' title='bbox 1047 960 1133 1031; x_wconf 76' lang='grc' dir='ltr'><strong><em>ὥσθ’</em></strong></span> 
     </span>
     <span class='ocr_line' id='line_1_7' title="bbox 179 1057 1136 1150; baseline 0.002 -23"><span class='ocrx_word' id='word_1_44' title='bbox 179 1059 284 1148; x_wconf 88' lang='grc' dir='ltr'><strong><em>ήδέως</em></strong></span> <span class='ocrx_word' id='word_1_45' title='bbox 301 1057 344 1127; x_wconf 85' lang='grc' dir='ltr'><strong><em>ἀν</em></strong></span> <span class='ocrx_word' id='word_1_46' title='bbox 360 1066 498 1150; x_wconf 88' lang='grc' dir='ltr'><strong><em>είδείην,</em></strong></span> <span class='ocrx_word' id='word_1_47' title='bbox 520 1071 554 1131; x_wconf 90' lang='grc' dir='ltr'><strong><em>τί</em></strong></span> <span class='ocrx_word' id='word_1_48' title='bbox 566 1060 640 1130; x_wconf 86' lang='grc' dir='ltr'><strong><em>ποτ’</em></strong></span> <span class='ocrx_word' id='word_1_49' title='bbox 659 1060 703 1130; x_wconf 86' lang='grc' dir='ltr'><strong><em>ἀν</em></strong></span> <span class='ocrx_word' id='word_1_50' title='bbox 724 1067 893 1150; x_wconf 89' lang='grc' dir='ltr'><strong><em>ἐποίησεν,</em></strong></span> <span class='ocrx_word' id='word_1_51' title='bbox 917 1071 947 1133; x_wconf 88' lang='grc' dir='ltr'><strong><em>εί</em></strong></span> <span class='ocrx_word' id='word_1_52' title='bbox 966 1087 1136 1149; x_wconf 89' lang='grc' dir='ltr'><strong><em>καταφρο-</em></strong></span> 
     </span>
     <span class='ocr_line' id='line_1_8' title="bbox 182 1158 1138 1249; baseline 0.002 -24"><span class='ocrx_word' id='word_1_53' title='bbox 182 1168 250 1226; x_wconf 83' lang='grc' dir='ltr'><strong><em>νών</em></strong></span> <span class='ocrx_word' id='word_1_54' title='bbox 266 1158 378 1227; x_wconf 77' lang='grc' dir='ltr'><strong><em>αὐτῶν</em></strong></span> <span class='ocrx_word' id='word_1_55' title='bbox 393 1162 590 1249; x_wconf 77' lang='grc' dir='ltr'><strong><em>ἐτύγχανεν,</em></strong></span> <span class='ocrx_word' id='word_1_56' title='bbox 613 1160 649 1240; x_wconf 82' lang='grc' dir='ltr'><strong><em>ὃς</em></strong></span> <span class='ocrx_word' id='word_1_57' title='bbox 663 1163 848 1248; x_wconf 76' lang='grc' dir='ltr'><strong><em>θαυμάζων</em></strong></span> <span class='ocrx_word' id='word_1_58' title='bbox 862 1161 924 1249; x_wconf 84' lang='grc' dir='ltr'><strong><em>τήν</em></strong></span> <span class='ocrx_word' id='word_1_59' title='bbox 938 1161 1061 1249; x_wconf 86' lang='grc' dir='ltr'><strong><em>ἀρετήν</em></strong></span> <span class='ocrx_word' id='word_1_60' title='bbox 1075 1159 1138 1246; x_wconf 83' lang='grc' dir='ltr'><strong><em>τήν</em></strong></span> 
     </span>
     <span class='ocr_line' id='line_1_9' title="bbox 180 1259 1164 1350; baseline -0.001 -23"><span class='ocrx_word' id='word_1_61' title='bbox 180 1263 318 1327; x_wconf 82' lang='grc' dir='ltr'><strong><em>ἐκείνων</em></strong></span> <span class='ocrx_word' id='word_1_62' title='bbox 339 1259 469 1328; x_wconf 76' lang='grc' dir='ltr'><strong><em>ἅπαντα</em></strong></span> <span class='ocrx_word' id='word_1_63' title='bbox 488 1269 642 1346; x_wconf 85' lang='grc' dir='ltr'><strong><em>φαίνεται</em></strong></span> <span class='ocrx_word' id='word_1_64' title='bbox 662 1261 820 1332; x_wconf 86' lang='grc' dir='ltr'><strong><em>τάναντία</em></strong></span> <span class='ocrx_word' id='word_1_65' title='bbox 845 1263 1164 1350; x_wconf 80' lang='grc' dir='ltr'><strong><em>διαπραττόμενοςο</em></strong></span> 
     </span>
     <span class='ocr_line' id='line_1_10' title="bbox 180 1359 1137 1449; baseline 0.002 -23"><span class='ocrx_word' id='word_1_66' title='bbox 180 1359 201 1426; x_wconf 82' lang='grc' dir='ltr'>ὃ</span> <span class='ocrx_word' id='word_1_67' title='bbox 221 1360 257 1427; x_wconf 79' lang='grc' dir='ltr'><strong><em>δέ</em></strong></span> <span class='ocrx_word' id='word_1_68' title='bbox 278 1360 415 1427; x_wconf 90' lang='grc' dir='ltr'><strong><em>πάντων</em></strong></span> <span class='ocrx_word' id='word_1_69' title='bbox 435 1359 666 1447; x_wconf 80' lang='grc' dir='ltr'><strong><em>ἀτοπώτατον,</em></strong></span> <span class='ocrx_word' id='word_1_70' title='bbox 690 1362 741 1430; x_wconf 88' lang='grc' dir='ltr'><strong><em>ότι</em></strong></span> <span class='ocrx_word' id='word_1_71' title='bbox 759 1367 833 1447; x_wconf 79' lang='grc' dir='ltr'><strong><em>περὶ</em></strong></span> <span class='ocrx_word' id='word_1_72' title='bbox 849 1361 908 1441; x_wconf 88' lang='grc' dir='ltr'><strong><em>τάς</em></strong></span> <span class='ocrx_word' id='word_1_73' title='bbox 924 1366 1137 1449; x_wconf 80' lang='grc' dir='ltr'><strong><em>γενεαλογίας</em></strong></span> 
     </span>
     <span class='ocr_line' id='line_1_11' title="bbox 180 1457 1135 1548; baseline -0.002 -21"><span class='ocrx_word' id='word_1_74' title='bbox 180 1457 396 1537; x_wconf 77' lang='grc' dir='ltr'><strong><em>ἐσπουδακώς</em></strong></span> <span class='ocrx_word' id='word_1_75' title='bbox 410 1461 592 1546; x_wconf 87' lang='grc' dir='ltr'><strong><em>ἐτόλμησας</em></strong></span> <span class='ocrx_word' id='word_1_76' title='bbox 607 1468 729 1548; x_wconf 83' lang='grc' dir='ltr'><strong><em>εἰπεῖν,</em></strong></span> <span class='ocrx_word' id='word_1_77' title='bbox 747 1462 791 1541; x_wconf 81' lang='grc' dir='ltr'><strong><em>ὡς</em></strong></span> <span class='ocrx_word' id='word_1_78' title='bbox 806 1462 946 1540; x_wconf 82' lang='grc' dir='ltr'><strong><em>τούτους</em></strong></span> <span class='ocrx_word' id='word_1_79' title='bbox 962 1461 1135 1547; x_wconf 80' lang='grc' dir='ltr'><strong><em>ἐζήλωσεν,</em></strong></span> 
     </span>
     <span class='ocr_line' id='line_1_12' title="bbox 180 1549 1134 1646; baseline 0 -23"><span class='ocrx_word' id='word_1_80' title='bbox 180 1549 230 1624; x_wconf 81' lang='grc' dir='ltr'><strong><em>ἀν</em></strong></span> <span class='ocrx_word' id='word_1_81' title='bbox 250 1554 325 1624; x_wconf 83' lang='grc' dir='ltr'><strong><em>οὐδ’</em></strong></span> <span class='ocrx_word' id='word_1_82' title='bbox 345 1562 378 1624; x_wconf 74' lang='lat' dir='ltr'><strong><em>oc</em></strong></span> <span class='ocrx_word' id='word_1_83' title='bbox 395 1559 533 1644; x_wconf 77' lang='grc' dir='ltr'><strong><em>πατέρες</em></strong></span> <span class='ocrx_word' id='word_1_84' title='bbox 553 1584 605 1626; x_wconf 86' lang='grc' dir='ltr'><strong><em>πω</em></strong></span> <span class='ocrx_word' id='word_1_85' title='bbox 626 1558 699 1627; x_wconf 84' lang='grc' dir='ltr'><strong><em>κατ’</em></strong></span> <span class='ocrx_word' id='word_1_86' title='bbox 718 1563 848 1628; x_wconf 73' lang='grc' dir='ltr'><strong><em>ἐκεῖνον</em></strong></span> <span class='ocrx_word' id='word_1_87' title='bbox 864 1558 925 1627; x_wconf 90' lang='grc' dir='ltr'><strong><em>τόν</em></strong></span> <span class='ocrx_word' id='word_1_88' title='bbox 939 1560 1063 1646; x_wconf 83' lang='grc' dir='ltr'><strong><em>χρόνον</em></strong></span> <span class='ocrx_word' id='word_1_89' title='bbox 1079 1583 1134 1643; x_wconf 80' lang='grc' dir='ltr'><strong><em>γε·</em></strong></span> 
     </span>
     <span class='ocr_line' id='line_1_13' title="bbox 179 1652 428 1745; baseline 0.004 -20"><span class='ocrx_word' id='word_1_90' title='bbox 179 1659 317 1745; x_wconf 91' lang='grc' dir='ltr'><strong><em>γονότες</em></strong></span> <span class='ocrx_word' id='word_1_91' title='bbox 331 1652 428 1745; x_wconf 80' lang='grc' dir='ltr'><strong><em>ἦσαν.</em></strong></span> 
     </span>
    </p>

    <p class='ocr_par' dir='ltr' id='par_1_4' title="bbox 140 1755 1164 2342">
     <span class='ocr_line' id='line_1_14' title="bbox 140 1755 1134 1845; baseline -0.004 -18"><span class='ocrx_word' id='word_1_92' title='bbox 140 1775 157 1827; x_wconf 84' lang='grc'>9</span> <span class='ocrx_word' id='word_1_93' title='bbox 260 1758 328 1842; x_wconf 68' lang='grc' dir='ltr'><strong><em>(δῖ)</em></strong></span> <span class='ocrx_word' id='word_1_94' title='bbox 343 1755 415 1826; x_wconf 85' lang='grc' dir='ltr'><strong><em>Ἵνα</em></strong></span> <span class='ocrx_word' id='word_1_95' title='bbox 438 1760 474 1827; x_wconf 81' lang='grc' dir='ltr'><strong><em>δέ</em></strong></span> <span class='ocrx_word' id='word_1_96' title='bbox 497 1758 541 1845; x_wconf 88' lang='grc' dir='ltr'><strong><em>μή</em></strong></span> <span class='ocrx_word' id='word_1_97' title='bbox 564 1764 653 1827; x_wconf 77' lang='grc' dir='ltr'><strong><em>δοκῶ</em></strong></span> <span class='ocrx_word' id='word_1_98' title='bbox 674 1762 711 1826; x_wconf 90' lang='grc' dir='ltr'><strong><em>τό</em></strong></span> <span class='ocrx_word' id='word_1_99' title='bbox 736 1762 994 1844; x_wconf 78' lang='grc' dir='ltr'><strong><em>προχειρότατον</em></strong></span> <span class='ocrx_word' id='word_1_100' title='bbox 1015 1770 1134 1838; x_wconf 77' lang='grc' dir='ltr'><strong><em>ποιεῖν,</em></strong></span> 
     </span>
     <span class='ocr_line' id='line_1_15' title="bbox 180 1853 1137 1945; baseline -0.004 -20"><span class='ocrx_word' id='word_1_101' title='bbox 180 1858 469 1943; x_wconf 81' lang='grc' dir='ltr'><strong><em>ἐπιλαμβάνεσθαι</em></strong></span> <span class='ocrx_word' id='word_1_102' title='bbox 480 1865 549 1925; x_wconf 81' lang='grc' dir='ltr'><strong><em>τῶν</em></strong></span> <span class='ocrx_word' id='word_1_103' title='bbox 561 1885 576 1925; x_wconf 89' lang='grc' dir='ltr'><strong><em>ε</em></strong></span> <span class='ocrx_word' id='word_1_104' title='bbox 577 1857 860 1945; x_wconf 65' lang='grc' dir='ltr'><strong><em>ίρημένωνηιηδευ</em></strong></span> <span class='ocrx_word' id='word_1_105' title='bbox 871 1853 1059 1933; x_wconf 82' lang='grc' dir='ltr'><strong><em>ἐπιδεικνύς</em></strong></span> <span class='ocrx_word' id='word_1_106' title='bbox 1069 1863 1137 1921; x_wconf 81' lang='grc' dir='ltr'><strong><em>τῶν</em></strong></span> 
     </span>
     <span class='ocr_line' id='line_1_16' title="bbox 180 1955 1138 2076; baseline -0.001 -53"><span class='ocrx_word' id='word_1_107' title='bbox 180 1960 356 2075; x_wconf 72' lang='grc' dir='ltr'><strong><em>ἐμαυτοδΙ,</em></strong></span> <span class='ocrx_word' id='word_1_108' title='bbox 370 1957 573 2043; x_wconf 88' lang='grc' dir='ltr'><strong><em>πειράσομαί</em></strong></span> <span class='ocrx_word' id='word_1_109' title='bbox 588 1981 641 2025; x_wconf 91' lang='grc' dir='ltr'><strong><em>σοι</em></strong></span> <span class='ocrx_word' id='word_1_110' title='bbox 658 1955 713 2026; x_wconf 89' lang='grc' dir='ltr'><strong><em>διά</em></strong></span> <span class='ocrx_word' id='word_1_111' title='bbox 734 1959 883 2042; x_wconf 81' lang='grc' dir='ltr'><strong><em>βραχέων</em></strong></span> <span class='ocrx_word' id='word_1_112' title='bbox 901 1959 1046 2039; x_wconf 78' lang='grc' dir='ltr'><strong><em>δηλωσαι</em></strong></span> <span class='ocrx_word' id='word_1_113' title='bbox 1062 1959 1138 2076; x_wconf 81' lang='grc' dir='ltr'><strong><em>περί</em></strong></span> 
     </span>
     <span class='ocr_line' id='line_1_17' title="bbox 178 2048 1164 2143; baseline -0.003 -20"><span class='ocrx_word' id='word_1_114' title='bbox 178 2054 243 2143; x_wconf 85' lang='grc' dir='ltr'><strong><em>τήν</em></strong></span> <span class='ocrx_word' id='word_1_115' title='bbox 257 2052 364 2141; x_wconf 80' lang='grc' dir='ltr'><strong><em>αὐτὴν</em></strong></span> <span class='ocrx_word' id='word_1_116' title='bbox 378 2054 556 2142; x_wconf 82' lang='grc' dir='ltr'><strong><em>ὑπόθεσιν,</em></strong></span> <span class='ocrx_word' id='word_1_117' title='bbox 572 2064 690 2139; x_wconf 89' lang='grc' dir='ltr'><strong><em>καίπερ</em></strong></span> <span class='ocrx_word' id='word_1_118' title='bbox 702 2082 745 2121; x_wconf 91' lang='lat' dir='ltr'><strong><em>ov</em></strong></span> <span class='ocrx_word' id='word_1_119' title='bbox 734 2053 946 2122; x_wconf 90' lang='grc' dir='ltr'><strong><em>’σπουδαίαν</em></strong></span> <span class='ocrx_word' id='word_1_120' title='bbox 957 2048 1066 2122; x_wconf 81' lang='grc' dir='ltr'><strong><em>οὖσαν</em></strong></span> <span class='ocrx_word' id='word_1_121' title='bbox 1077 2050 1137 2120; x_wconf 82' lang='grc' dir='ltr'><strong><em>ού-</em></strong></span> <span class='ocrx_word' id='word_1_122' title='bbox 1120 2072 1164 2111; x_wconf 79' lang='lat' dir='ltr'><strong><em>-c</em></strong></span> 
     </span>
     <span class='ocr_line' id='line_1_18' title="bbox 179 2147 1136 2243; baseline -0.003 -19"><span class='ocrx_word' id='word_1_123' title='bbox 179 2157 216 2224; x_wconf 79' lang='grc' dir='ltr'><strong><em>δὲ</em></strong></span> <span class='ocrx_word' id='word_1_124' title='bbox 233 2153 378 2241; x_wconf 87' lang='grc' dir='ltr'><strong><em>σεμνούς</em></strong></span> <span class='ocrx_word' id='word_1_125' title='bbox 394 2155 517 2243; x_wconf 86' lang='grc' dir='ltr'><strong><em>λόγους</em></strong></span> <span class='ocrx_word' id='word_1_126' title='bbox 533 2164 692 2243; x_wconf 82' lang='grc' dir='ltr'><strong><em>ἔχουσαν,</em></strong></span> <span class='ocrx_word' id='word_1_127' title='bbox 708 2147 783 2235; x_wconf 82' lang='grc' dir='ltr'><strong><em>ἐξ</em></strong></span> <span class='ocrx_word' id='word_1_128' title='bbox 756 2182 805 2221; x_wconf 91' lang='grc' dir='ltr'><strong><em>ων</em></strong></span> <span class='ocrx_word' id='word_1_129' title='bbox 820 2159 885 2222; x_wconf 84' lang='grc' dir='ltr'><strong><em>ἔδει</em></strong></span> <span class='ocrx_word' id='word_1_130' title='bbox 900 2150 1002 2222; x_wconf 83' lang='grc' dir='ltr'><strong><em>καὶ</em></strong></span> <span class='ocrx_word' id='word_1_131' title='bbox 968 2180 1029 2221; x_wconf 92' lang='grc' dir='ltr'><strong><em>τον</em></strong></span> <span class='ocrx_word' id='word_1_132' title='bbox 1043 2159 1136 2221; x_wconf 85' lang='grc' dir='ltr'><strong><em>ἔπαι-</em></strong></span> 
     </span>
     <span class='ocr_line' id='line_1_19' title="bbox 181 2252 816 2342; baseline -0.005 -20"><span class='ocrx_word' id='word_1_133' title='bbox 181 2280 244 2322; x_wconf 91' lang='grc' dir='ltr'><strong><em>νον</em></strong></span> <span class='ocrx_word' id='word_1_134' title='bbox 257 2252 360 2322; x_wconf 79' lang='grc' dir='ltr'><strong><em>καί</em></strong></span> <span class='ocrx_word' id='word_1_135' title='bbox 324 2281 387 2340; x_wconf 92' lang='grc' dir='ltr'><strong><em>την</em></strong></span> <span class='ocrx_word' id='word_1_136' title='bbox 402 2252 586 2341; x_wconf 85' lang='grc' dir='ltr'><strong><em>ἀπολογίαν</em></strong></span> <span class='ocrx_word' id='word_1_137' title='bbox 601 2255 816 2342; x_wconf 87' lang='grc' dir='ltr'><strong><em>ποιήσασθαι.</em></strong></span> 
     </span>
    </p>

    <p class='ocr_par' dir='ltr' id='par_1_5' title="bbox 132 2347 1243 3126">
     <span class='ocr_line' id='line_1_20' title="bbox 132 2347 1139 2440; baseline -0.003 -21"><span class='ocrx_word' id='word_1_138' title='bbox 132 2370 164 2419; x_wconf 85' lang='grc'><strong><em>10</em></strong></span> <span class='ocrx_word' id='word_1_139' title='bbox 267 2353 331 2433; x_wconf 86' lang='grc' dir='ltr'><strong><em>(ε’.)</em></strong></span> <span class='ocrx_word' id='word_1_140' title='bbox 352 2354 435 2438; x_wconf 81' lang='grc' dir='ltr'><strong><em>Περὶ</em></strong></span> <span class='ocrx_word' id='word_1_141' title='bbox 456 2354 518 2438; x_wconf 77' lang='grc' dir='ltr'><strong><em>μὲν</em></strong></span> <span class='ocrx_word' id='word_1_142' title='bbox 535 2347 600 2420; x_wconf 79' lang='grc' dir='ltr'><strong><em>οὖν</em></strong></span> <span class='ocrx_word' id='word_1_143' title='bbox 616 2360 674 2440; x_wconf 85' lang='grc' dir='ltr'><strong><em>της</em></strong></span> <span class='ocrx_word' id='word_1_144' title='bbox 687 2356 887 2437; x_wconf 80' lang='grc' dir='ltr'><strong><em>Βουσίριδος</em></strong></span> <span class='ocrx_word' id='word_1_145' title='bbox 908 2348 1076 2436; x_wconf 82' lang='grc' dir='ltr'><strong><em>εὐγενείας</em></strong></span> <span class='ocrx_word' id='word_1_146' title='bbox 1090 2355 1139 2426; x_wconf 89' lang='grc' dir='ltr'><strong><em>τίς</em></strong></span> 
     </span>
     <span class='ocr_line' id='line_1_21' title="bbox 178 2441 1138 2539; baseline -0.006 -20"><span class='ocrx_word' id='word_1_147' title='bbox 178 2448 243 2519; x_wconf 84' lang='grc' dir='ltr'><strong><em>οὐκ</em></strong></span> <span class='ocrx_word' id='word_1_148' title='bbox 265 2445 309 2516; x_wconf 85' lang='grc' dir='ltr'><strong><em>ἀν</em></strong></span> <span class='ocrx_word' id='word_1_149' title='bbox 330 2453 493 2537; x_wconf 87' lang='grc' dir='ltr'><strong><em>δυνηθείη</em></strong></span> <span class='ocrx_word' id='word_1_150' title='bbox 515 2454 639 2539; x_wconf 76' lang='grc' dir='ltr'><strong><em>ῥηιδίως</em></strong></span> <span class='ocrx_word' id='word_1_151' title='bbox 660 2458 783 2532; x_wconf 80' lang='grc' dir='ltr'><strong><em>είπεῑν;</em></strong></span> <span class='ocrx_word' id='word_1_152' title='bbox 810 2448 845 2527; x_wconf 85' lang='grc' dir='ltr'><strong><em>ὃς</em></strong></span> <span class='ocrx_word' id='word_1_153' title='bbox 868 2446 992 2534; x_wconf 85' lang='grc' dir='ltr'><strong><em>πατρὸς</em></strong></span> <span class='ocrx_word' id='word_1_154' title='bbox 1013 2450 1074 2533; x_wconf 80' lang='grc' dir='ltr'><strong><em>μὲν</em></strong></span> <span class='ocrx_word' id='word_1_155' title='bbox 1095 2441 1138 2533; x_wconf 85' lang='grc' dir='ltr'><strong><em>ήν</em></strong></span> 
     </span>
     <span class='ocr_line' id='line_1_22' title="bbox 181 2545 1137 2635; baseline -0.003 -19"><span class='ocrx_word' id='word_1_156' title='bbox 181 2552 409 2631; x_wconf 77' lang='grc' dir='ltr'><strong><em>Ποσειδῶνος,</em></strong></span> <span class='ocrx_word' id='word_1_157' title='bbox 422 2547 545 2633; x_wconf 89' lang='grc' dir='ltr'><strong><em>μητρός</em></strong></span> <span class='ocrx_word' id='word_1_158' title='bbox 557 2552 593 2617; x_wconf 77' lang='grc' dir='ltr'><strong><em>δὲ</em></strong></span> <span class='ocrx_word' id='word_1_159' title='bbox 605 2549 734 2635; x_wconf 81' lang='grc' dir='ltr'><strong><em>Λιβύης</em></strong></span> <span class='ocrx_word' id='word_1_160' title='bbox 744 2547 960 2635; x_wconf 83' lang='grc' dir='ltr'><strong><em>τηςΈπάφου</em></strong></span> <span class='ocrx_word' id='word_1_161' title='bbox 970 2554 1031 2615; x_wconf 86' lang='grc' dir='ltr'><strong><em>τοῦ</em></strong></span> <span class='ocrx_word' id='word_1_162' title='bbox 1043 2545 1137 2630; x_wconf 84' lang='grc' dir='ltr'><strong><em>Διὸς,</em></strong></span> 
     </span>
     <span class='ocr_line' id='line_1_23' title="bbox 179 2644 1139 2733; baseline -0.005 -19"><span class='ocrx_word' id='word_1_163' title='bbox 179 2645 225 2733; x_wconf 86' lang='grc' dir='ltr'><strong><em>ήν</em></strong></span> <span class='ocrx_word' id='word_1_164' title='bbox 250 2666 333 2731; x_wconf 88' lang='grc' dir='ltr'><strong><em>φασι</em></strong></span> <span class='ocrx_word' id='word_1_165' title='bbox 357 2646 494 2732; x_wconf 84' lang='grc' dir='ltr'><strong><em>πράτηυ</em></strong></span> <span class='ocrx_word' id='word_1_166' title='bbox 520 2663 662 2732; x_wconf 78' lang='grc' dir='ltr'><strong><em>γυναῖκα</em></strong></span> <span class='ocrx_word' id='word_1_167' title='bbox 687 2648 937 2733; x_wconf 79' lang='grc' dir='ltr'><strong><em>βασιλεύσασαν</em></strong></span> <span class='ocrx_word' id='word_1_168' title='bbox 957 2644 1139 2729; x_wconf 84' lang='grc' dir='ltr'><strong><em>ὁμόνομον</em></strong></span> 
     </span>
     <span class='ocr_line' id='line_1_24' title="bbox 178 2742 1138 2833; baseline -0.005 -22"><span class='ocrx_word' id='word_1_169' title='bbox 178 2744 266 2833; x_wconf 73' lang='grc' dir='ltr'><strong><em>αὕτη</em></strong></span> <span class='ocrx_word' id='word_1_170' title='bbox 281 2743 343 2831; x_wconf 85' lang='grc' dir='ltr'><strong><em>τήν</em></strong></span> <span class='ocrx_word' id='word_1_171' title='bbox 353 2746 465 2830; x_wconf 78' lang='grc' dir='ltr'><strong><em>χώραν</em></strong></span> <span class='ocrx_word' id='word_1_172' title='bbox 477 2753 686 2830; x_wconf 86' lang='grc' dir='ltr'><strong><em>καταστῆσαι.</em></strong></span> <span class='ocrx_word' id='word_1_173' title='bbox 710 2742 820 2829; x_wconf 79' lang='grc' dir='ltr'><strong><em>τυχόν</em></strong></span> <span class='ocrx_word' id='word_1_174' title='bbox 833 2746 868 2810; x_wconf 78' lang='grc' dir='ltr'><strong><em>δέ</em></strong></span> <span class='ocrx_word' id='word_1_175' title='bbox 880 2742 1043 2809; x_wconf 88' lang='grc' dir='ltr'><strong><em>τοιούτων</em></strong></span> <span class='ocrx_word' id='word_1_176' title='bbox 1055 2766 1138 2824; x_wconf 84' lang='grc' dir='ltr'><strong><em>προ·</em></strong></span> 
     </span>
     <span class='ocr_line' id='line_1_25' title="bbox 178 2837 1243 2930; baseline -0.005 -20"><span class='ocrx_word' id='word_1_177' title='bbox 178 2844 295 2929; x_wconf 90' lang='grc' dir='ltr'><strong><em>γόνων</em></strong></span> <span class='ocrx_word' id='word_1_178' title='bbox 312 2842 373 2910; x_wconf 88' lang='grc' dir='ltr'><strong><em>ούκ</em></strong></span> <span class='ocrx_word' id='word_1_179' title='bbox 392 2846 444 2910; x_wconf 82' lang='grc' dir='ltr'><strong><em>ἐπὶ</em></strong></span> <span class='ocrx_word' id='word_1_180' title='bbox 461 2844 592 2921; x_wconf 90' lang='grc' dir='ltr'><strong><em>τούτοις</em></strong></span> <span class='ocrx_word' id='word_1_181' title='bbox 608 2844 726 2930; x_wconf 87' lang='grc' dir='ltr'><strong><em>μόνοις</em></strong></span> <span class='ocrx_word' id='word_1_182' title='bbox 741 2841 815 2929; x_wconf 82' lang='grc' dir='ltr'><strong><em>μέγ’</em></strong></span> <span class='ocrx_word' id='word_1_183' title='bbox 830 2841 1035 2927; x_wconf 78' lang='grc' dir='ltr'><strong><em>ἐφρόνησεν,</em></strong></span> <span class='ocrx_word' id='word_1_184' title='bbox 1063 2837 1137 2908; x_wconf 87' lang='grc' dir='ltr'><strong><em>ἀλλ’</em></strong></span> <span class='ocrx_word' id='word_1_185' title='bbox 1152 2850 1169 2905; x_wconf 89' lang='grc' dir='ltr'><strong><em>δ</em></strong></span> <span class='ocrx_word' id='word_1_186' title='bbox 1239 2861 1243 2870; x_wconf 92' lang='grc'><em>·</em></span> 
     </span>
     <span class='ocr_line' id='line_1_26' title="bbox 178 2939 1140 3034; baseline -0.002 -25"><span class='ocrx_word' id='word_1_187' title='bbox 178 2941 279 3034; x_wconf 70' lang='grc' dir='ltr'><strong><em>ᾠήθη</em></strong></span> <span class='ocrx_word' id='word_1_188' title='bbox 306 2948 377 3009; x_wconf 79' lang='grc' dir='ltr'><strong><em>δεῖν</em></strong></span> <span class='ocrx_word' id='word_1_189' title='bbox 402 2944 457 3009; x_wconf 82' lang='grc' dir='ltr'><strong><em>καὶ</em></strong></span> <span class='ocrx_word' id='word_1_190' title='bbox 483 2949 539 3028; x_wconf 83' lang='grc' dir='ltr'><strong><em>τῆς</em></strong></span> <span class='ocrx_word' id='word_1_191' title='bbox 560 2940 678 3029; x_wconf 79' lang='grc' dir='ltr'><strong><em>ἀρετῆς</em></strong></span> <span class='ocrx_word' id='word_1_192' title='bbox 703 2950 761 3028; x_wconf 85' lang='grc' dir='ltr'><strong><em>τής</em></strong></span> <span class='ocrx_word' id='word_1_193' title='bbox 782 2939 889 3007; x_wconf 86' lang='grc' dir='ltr'><strong><em>αὑτοῦ</em></strong></span> <span class='ocrx_word' id='word_1_194' title='bbox 909 2954 1073 3025; x_wconf 80' lang='grc' dir='ltr'><strong><em>μνημεῖον</em></strong></span> <span class='ocrx_word' id='word_1_195' title='bbox 1094 2945 1140 3018; x_wconf 88' lang='grc' dir='ltr'><strong><em>είς</em></strong></span> 
     </span>
     <span class='ocr_line' id='line_1_27' title="bbox 177 3040 744 3126; baseline 0.002 -18"><span class='ocrx_word' id='word_1_196' title='bbox 177 3041 312 3108; x_wconf 72' lang='grc' dir='ltr'><strong><em>ἅπαντα</em></strong></span> <span class='ocrx_word' id='word_1_197' title='bbox 326 3040 387 3108; x_wconf 87' lang='grc' dir='ltr'><strong><em>τόν</em></strong></span> <span class='ocrx_word' id='word_1_198' title='bbox 401 3041 525 3126; x_wconf 88' lang='grc' dir='ltr'><strong><em>χρόνον</em></strong></span> <span class='ocrx_word' id='word_1_199' title='bbox 540 3050 744 3109; x_wconf 80' lang='grc' dir='ltr'><strong><em>καταλιπεῖν.</em></strong></span> 
     </span>
    </p>

    <p class='ocr_par' dir='ltr' id='par_1_6' title="bbox 126 3132 1143 3621">
     <span class='ocr_line' id='line_1_28' title="bbox 126 3132 1140 3227; baseline -0.008 -18"><span class='ocrx_word' id='word_1_200' title='bbox 126 3162 156 3211; x_wconf 79' lang='grc' dir='ltr'><strong><em>ιι</em></strong></span> <span class='ocrx_word' id='word_1_201' title='bbox 268 3140 333 3220; x_wconf 83' lang='grc' dir='ltr'><strong><em>(ς’.)</em></strong></span> <span class='ocrx_word' id='word_1_202' title='bbox 366 3138 436 3225; x_wconf 84' lang='grc' dir='ltr'><strong><em>Τήν</em></strong></span> <span class='ocrx_word' id='word_1_203' title='bbox 464 3140 527 3226; x_wconf 76' lang='grc' dir='ltr'><strong><em>μὲν</em></strong></span> <span class='ocrx_word' id='word_1_204' title='bbox 553 3132 616 3207; x_wconf 81' lang='grc' dir='ltr'><strong><em>οὖν</em></strong></span> <span class='ocrx_word' id='word_1_205' title='bbox 641 3139 799 3227; x_wconf 74' lang='grc' dir='ltr'><strong><em>μητρῴαν</em></strong></span> <span class='ocrx_word' id='word_1_206' title='bbox 830 3136 935 3224; x_wconf 87' lang='grc' dir='ltr'><strong><em>ἀρχήν</em></strong></span> <span class='ocrx_word' id='word_1_207' title='bbox 964 3136 1140 3221; x_wconf 82' lang='grc' dir='ltr'><strong><em>ὑπερεῖδεν</em></strong></span> 
     </span>
     <span class='ocr_line' id='line_1_29' title="bbox 178 3234 1134 3325; baseline -0.005 -18"><span class='ocrx_word' id='word_1_208' title='bbox 178 3242 307 3307; x_wconf 79' lang='grc' dir='ltr'><strong><em>ἐλάττω</em></strong></span> <span class='ocrx_word' id='word_1_209' title='bbox 322 3245 460 3323; x_wconf 91' lang='grc' dir='ltr'><strong><em>νομίσας</em></strong></span> <span class='ocrx_word' id='word_1_210' title='bbox 475 3234 496 3324; x_wconf 87' lang='grc' dir='ltr'><strong><em>ή</em></strong></span> <span class='ocrx_word' id='word_1_211' title='bbox 512 3237 594 3305; x_wconf 88' lang='grc' dir='ltr'><strong><em>κατά</em></strong></span> <span class='ocrx_word' id='word_1_212' title='bbox 609 3237 671 3325; x_wconf 90' lang='grc' dir='ltr'><strong><em>τήν</em></strong></span> <span class='ocrx_word' id='word_1_213' title='bbox 686 3236 792 3305; x_wconf 84' lang='grc' dir='ltr'><strong><em>αὑτοῦ</em></strong></span> <span class='ocrx_word' id='word_1_214' title='bbox 808 3238 914 3323; x_wconf 85' lang='grc' dir='ltr'><strong><em>φύσιν</em></strong></span> <span class='ocrx_word' id='word_1_215' title='bbox 929 3234 1030 3320; x_wconf 80' lang='grc' dir='ltr'><strong><em>εἶναι,</em></strong></span> <span class='ocrx_word' id='word_1_216' title='bbox 1047 3240 1134 3302; x_wconf 88' lang='grc' dir='ltr'><strong><em>πλεί·</em></strong></span> 
     </span>
     <span class='ocr_line' id='line_1_30' title="bbox 177 3338 1141 3423; baseline -0.005 -17"><span class='ocrx_word' id='word_1_217' title='bbox 177 3360 282 3415; x_wconf 88' lang='grc' dir='ltr'><strong><em>στους</em></strong></span> <span class='ocrx_word' id='word_1_218' title='bbox 294 3338 330 3405; x_wconf 76' lang='grc' dir='ltr'><strong><em>δὲ</em></strong></span> <span class='ocrx_word' id='word_1_219' title='bbox 341 3339 653 3423; x_wconf 82' lang='grc' dir='ltr'><strong><em>καταστρεψάμενος</em></strong></span> <span class='ocrx_word' id='word_1_220' title='bbox 666 3340 721 3405; x_wconf 81' lang='grc' dir='ltr'><strong><em>καὶ</em></strong></span> <span class='ocrx_word' id='word_1_221' title='bbox 733 3345 892 3423; x_wconf 83' lang='grc' dir='ltr'><strong><em>μεγίστην</em></strong></span> <span class='ocrx_word' id='word_1_222' title='bbox 903 3338 1050 3421; x_wconf 88' lang='grc' dir='ltr'><strong><em>δύναμιν</em></strong></span> <span class='ocrx_word' id='word_1_223' title='bbox 1060 3360 1141 3420; x_wconf 91' lang='grc' dir='ltr'><strong><em>κτη-</em></strong></span> 
     </span>
     <span class='ocr_line' id='line_1_31' title="bbox 178 3431 1141 3527; baseline 0 -26"><span class='ocrx_word' id='word_1_224' title='bbox 178 3436 327 3521; x_wconf 87' lang='grc' dir='ltr'><strong><em>σάμενος</em></strong></span> <span class='ocrx_word' id='word_1_225' title='bbox 341 3437 378 3502; x_wconf 79' lang='grc' dir='ltr'><strong><em>ἐν</em></strong></span> <span class='ocrx_word' id='word_1_226' title='bbox 389 3436 549 3527; x_wconf 76' lang='grc' dir='ltr'><strong><em>Αἰγύπτῳ</em></strong></span> <span class='ocrx_word' id='word_1_227' title='bbox 566 3438 788 3524; x_wconf 78' lang='grc' dir='ltr'><strong><em>κατεστήσατο</em></strong></span> <span class='ocrx_word' id='word_1_228' title='bbox 803 3434 864 3521; x_wconf 87' lang='grc' dir='ltr'><strong><em>τήν</em></strong></span> <span class='ocrx_word' id='word_1_229' title='bbox 878 3444 1062 3522; x_wconf 87' lang='grc' dir='ltr'><strong><em>βασιλείαν,</em></strong></span> <span class='ocrx_word' id='word_1_230' title='bbox 1078 3431 1141 3501; x_wconf 85' lang='grc' dir='ltr'><strong><em>ούκ</em></strong></span> 
     </span>
     <span class='ocr_line' id='line_1_32' title="bbox 178 3534 1143 3621; baseline 0 -19"><span class='ocrx_word' id='word_1_231' title='bbox 178 3538 218 3602; x_wconf 84' lang='grc' dir='ltr'><strong><em>ἐκ</em></strong></span> <span class='ocrx_word' id='word_1_232' title='bbox 239 3540 308 3601; x_wconf 76' lang='grc' dir='ltr'><strong><em>τῶν</em></strong></span> <span class='ocrx_word' id='word_1_233' title='bbox 327 3542 510 3619; x_wconf 77' lang='grc' dir='ltr'><strong><em>παρουσῶν</em></strong></span> <span class='ocrx_word' id='word_1_234' title='bbox 530 3536 639 3620; x_wconf 90' lang='grc' dir='ltr'><strong><em>μόνον</em></strong></span> <span class='ocrx_word' id='word_1_235' title='bbox 660 3534 735 3604; x_wconf 85' lang='grc' dir='ltr'><strong><em>ἀλλ’</em></strong></span> <span class='ocrx_word' id='word_1_236' title='bbox 753 3538 786 3615; x_wconf 78' lang='grc' dir='ltr'><strong><em>ἐξ</em></strong></span> <span class='ocrx_word' id='word_1_237' title='bbox 802 3534 943 3602; x_wconf 80' lang='grc' dir='ltr'><strong><em>ἁπασῶν</em></strong></span> <span class='ocrx_word' id='word_1_238' title='bbox 959 3542 1143 3621; x_wconf 82' lang='grc' dir='ltr'><strong><em>προκρίνας</em></strong></span> 
     </span>
    </p>
   </div>
   <div class='ocr_carea' id='block_1_3' title="bbox 124 3631 1165 3785">
    <p class='ocr_par' dir='ltr' id='par_1_7' title="bbox 124 3631 1165 3785">
     <span class='ocr_line' id='line_1_33' title="bbox 124 3631 1165 3785; baseline 0.001 -85"><span class='ocrx_word' id='word_1_239' title='bbox 124 3648 160 3701; x_wconf 75' lang='lat'><strong><em>12</em></strong></span> <span class='ocrx_word' id='word_1_240' title='bbox 178 3632 244 3720; x_wconf 86' lang='grc' dir='ltr'><strong><em>τήν</em></strong></span> <span class='ocrx_word' id='word_1_241' title='bbox 260 3638 330 3701; x_wconf 79' lang='grc' dir='ltr'><strong><em>ἐκεί</em></strong></span> <span class='ocrx_word' id='word_1_242' title='bbox 342 3633 429 3702; x_wconf 83' lang='grc' dir='ltr'><strong><em>πολύ</em></strong></span> <span class='ocrx_word' id='word_1_243' title='bbox 445 3638 621 3721; x_wconf 79' lang='grc' dir='ltr'><strong><em>διαφέρειν</em></strong></span> <span class='ocrx_word' id='word_1_244' title='bbox 636 3645 775 3721; x_wconf 79' lang='grc' dir='ltr'><strong><em>οίκησιν.</em></strong></span> <span class='ocrx_word' id='word_1_245' title='bbox 802 3635 889 3718; x_wconf 79' lang='grc' dir='ltr'><strong><em>ἐτόρα</em></strong></span> <span class='ocrx_word' id='word_1_246' title='bbox 903 3631 1063 3785; x_wconf 52' lang='grc' dir='ltr'><strong><em>γάριήούς</em></strong></span> <span class='ocrx_word' id='word_1_247' title='bbox 1077 3632 1140 3721; x_wconf 68' lang='grc' dir='ltr'><strong><em>μὲν</em></strong></span> <span class='ocrx_word' id='word_1_248' title='bbox 1152 3666 1165 3696; x_wconf 76' lang='lat' dir='ltr'><em>c</em></span> 
     </span>
    </p>
   </div>
   <div class='ocr_carea' id='block_1_4' title="bbox 0 0 1434 4334">
    <p class='ocr_par' dir='ltr' id='par_1_8' title="bbox 0 0 1434 4334">
     <span class='ocr_line' id='line_1_34' title="bbox 0 0 1434 4334; baseline 0 0"><span class='ocrx_word' id='word_1_249' title='bbox 0 0 1434 4334; x_wconf 95' lang='lat' dir='ltr'><strong><em> </em></strong></span> 
     </span>
    </p>
   </div>
  </div>
 </body>
</html>
