2859 4334
164 404 168 411 ·
281 384 342 449 128
569 386 956 469 ιεοπεπεουεμ)

280 543 393 634 φοράν
409 545 487 616 οὔτε
501 548 694 632 δεινοτέραν
706 541 862 613 οὐδέποτ’
875 542 920 615 ἀν
935 544 1049 634 εὑρεῖν
1063 544 1253 635 ήδννήθη-

234 672 267 727 ις
280 666 354 715 σαν.
389 652 436 725 είς
456 652 556 714 τοῦτο
581 641 614 712 δ’
637 642 760 730 ήκονσι
781 650 972 726 πλεονεξίας
996 648 1053 713 καὶ
1072 645 1253 733 τοσαύτην
1339 613 1340 698 ἀ

278 743 375 833 ήμῶν
389 744 640 830 κατεγνώκασιν
657 741 862 830 ἀνανδρίαν,
879 742 964 811 ῶστε
978 744 1139 824 πολλάκις
1153 742 1253 831 ἡμᾶς
1340 783 1341 854 χ

279 841 480 925 ἀξιώσαντες
494 840 579 930 ὑπὲρ
593 848 652 929 τῆς
671 838 785 909 αὐτῶν
799 850 975 930 πολεμεῖν,
997 841 1082 931 ὑπὲρ
1097 846 1252 931 Μεσσή-

279 968 340 1030 νης
352 938 415 1010 οὐκ
429 951 557 1010 οἴονται
573 945 644 1010 δεῖν
661 940 894 1029 κινδυνεύειν,
911 940 985 1011 ἀλλ’
1001 941 1049 1011 ἵν’
1068 941 1164 1011 αὐτοὶ
1176 942 1251 1030 τήν
1341 977 1342 984 ¹

279 1042 446 1127 σφετέραν
459 1037 573 1107 αὐτῶν
587 1036 746 1126 ἀσφαλῶς
759 1047 970 1128 καρπῶνται,
986 1050 1168 1128 πειρῶνται
1183 1049 1246 1111 δι·
1259 1061 1276 1114 d

279 1138 417 1207 δάσκειν
431 1134 535 1225 ὑμᾶς,
558 1135 603 1218 ῶς
616 1135 678 1226 χρή
694 1151 763 1217 τοῖς
776 1141 910 1226 ἐχθροῖς
923 1147 981 1227 τῆς
1000 1138 1160 1228 ἡμετέρας
1173 1168 1249 1208 πα-

280 1244 487 1324 ραχωρήσαι,
507 1239 563 1305 καὶ
583 1234 668 1324 πρὸς
687 1252 757 1317 τοῖς
777 1235 891 1318 ἀλλοις
910 1241 1165 1327 ἐπαπειλοῦσιν,
1196 1239 1248 1320 ῶς

279 1334 367 1423 εἰμὴ
387 1342 492 1404 ταῦτα
507 1337 769 1424 συγχωρήσομεν
782 1338 1001 1425 ποιησόμενοι
1022 1336 1085 1426 τήν
1100 1338 1247 1426 εἰρήνην

231 1462 264 1515 14
276 1433 361 1506 κατὰ
380 1442 468 1522 σφᾶς
488 1433 620 1515 αὐτούς.
654 1434 718 1521 ἐγά
736 1432 767 1502 δ’
784 1432 827 1502 οά
841 1436 991 1527 τοσούτῳ
1005 1437 1244 1524 χαλεπώτερον

276 1532 423 1623 ἡγοῦμαι
436 1532 497 1603 τόν
509 1538 672 1603 κίνδυνον
685 1530 767 1621 ἡμῖν
778 1540 915 1603 ἔσεσθαι
926 1533 989 1603 τόν
997 1533 1082 1603 ἀνευ
1095 1536 1242 1621 τούτων,

278 1633 346 1726 ‘3⁰9²
360 1640 484 1703 καλλίω
496 1636 551 1701 καὶ
561 1632 795 1718 λαμπρότερον
807 1634 862 1699 καὶ
873 1629 964 1717 παρά
978 1641 1083 1701 πᾶσιν
1097 1630 1243 1719 ἀνθρῶ-

277 1759 353 1813 ποις
373 1730 655 1818 όνομαστότερον·
684 1726 723 1798 τό
736 1728 803 1816 γάρ
823 1727 868 1818 μή
886 1727 931 1798 δι’
948 1734 1072 1817 ἑτέρων
1088 1728 1174 1800 ἀλλά
1188 1733 1238 1801 δι’

277 1830 372 1919 ἡμῶν
393 1827 506 1899 αὐτῶν
526 1836 708 1916 πειρᾶσθαι
731 1827 897 1911 σώζεσθαι
920 1831 976 1897 καὶ
999 1836 1269 1917 περιγενέσθαιε

277 1937 346 1998 τῶν
361 1932 493 2017 ἐχθρῶν
507 1927 783 2016 ὁμολογούμενον
798 1943 867 2008 τοῖς
886 1926 1000 2008 ἀλλοις
1018 1944 1088 2009 τοῖς
1100 1937 1158 2017 τῆς
1173 1932 1241 1998 πό-

276 2038 360 2107 λεως
375 2034 484 2114 ἔργοις
499 2030 597 2096 ἐστίν.

229 2148 262 2202 ιο
362 2123 451 2195 Οὐδὲ
468 2126 602 2194 πώποτε
619 2128 655 2193 δὲ
670 2126 794 2211 λόγους
811 2123 1000 2213 ἀγαπήσας,
1016 2124 1090 2196 ἀλλ’
1110 2125 1162 2196 ἀεῖ
1176 2154 1239 2195 νο-

276 2231 380 2312 μίζων
393 2221 474 2303 τοὺς
486 2225 563 2308 περὶ
575 2229 674 2291 τοῦτο
689 2227 920 2310 διατρίβοντας
935 2221 1138 2312 ἀργοτέρονς
1150 2224 1239 2295 εἶναι
1256 2248 1308 2303 ιιι

276 2321 361 2410 πρός
374 2322 434 2405 τάς
447 2322 599 2410 πράξεις,
621 2331 688 2391 νῦν
702 2319 804 2391 οὐδὲν
821 2318 866 2391 ἀν
879 2325 956 2410 περὶ
968 2331 1124 2403 πλείονος
1137 2348 1239 2411 ποιη-

276 2431 401 2513 σαίμην
415 2418 439 2512 ή
454 2428 646 2511 δννηθήναι
665 2425 741 2509 περὶ
760 2429 828 2490 τῶν
846 2425 1079 2510 προκειμένων
1093 2421 1138 2502 ὡς
1150 2424 1226 2510 βοά

275 2534 376 2611 λομαι
391 2528 556 2593 διελθεῖν·
577 2525 613 2591 ἐν
628 2521 694 2610 γάρ
709 2531 756 2613 τῶ
770 2523 911 2607 παρόντι
926 2522 982 2591 διὰ
997 2524 1128 2593 τούτων
1141 2524 1236 2590 ἐλπί-

276 2628 319 2703 ζω
339 2628 506 2709 μεγίστων
526 2618 667 2708 ἀγαθῶν
688 2630 793 2698 αίτιος
813 2616 858 2687 ἀν
878 2622 1039 2707 γενέσθαι
1062 2628 1102 2711 τῇ
1127 2620 1233 2689 πόλει.

229 2736 262 2793 16
275 2719 343 2807 (ε’.)
370 2727 513 2806 Πρῶτον
534 2720 596 2807 μὲν
617 2713 681 2787 οὖν
705 2716 796 2805 οἶμαι
818 2724 891 2787 δεῖν
912 2725 1129 2807 διαλεχθῆναι
1149 2715 1235 2803 πρὸς

274 2816 378 2901 ὑμᾶς,
399 2815 441 2885 όν
455 2818 582 2903 τρόπον
599 2817 811 2904 ἐκτησάμεθα
825 2818 1030 2905 Μεσσήνην,
1053 2821 1108 2885 καὶ
1125 2815 1172 2886 δι’
1194 2814 1235 2895 ἀς

274 2923 381 2996 αίτίας
395 2921 432 2985 ἐν
445 2919 695 3009 Πελοποννήσῳ
710 2919 939 3009 κατῳκήσατε,
954 2928 1099 3003 Δωριεῖς
1112 2915 1150 2985 τό
1166 2943 1233 2985 πα-

274 3012 372 3087 λαιόν
382 3013 485 3095 ὄντες.
502 3014 558 3085 διά
567 3023 667 3084 τοῦτο
679 3019 716 3084 δὲ
727 3016 942 3103 προλήψομαι
953 3019 1233 3103 πορρωτέρωθεν,

273 3111 321 3184 ἵν’
341 3117 536 3201 ἐπίστησθε,
558 3115 643 3184 διότι
656 3115 783 3202 ταύτην
798 3111 885 3203 ὑμᾶς
898 3113 961 3203 τήν
976 3116 1089 3202 χῶραν
1110 3120 1262 3203 &ntzel-b

274 3222 396 3303 ροάσιν
409 3212 622 3300 ἀποστερεῖν,
637 3212 682 3302 ἣν
692 3211 788 3301 ὑμεῖς
798 3211 900 3283 οὐδὲν
910 3206 1011 3301 ἦττον
1021 3208 1044 3301 ή
1054 3210 1117 3300 τήν
1126 3211 1234 3300 ἀλλην

274 3320 507 3401 Λακεδαίμονα
522 3319 686 3400 κέκτησθε
702 3317 845 3393 δικαίως.

226 3428 258 3485 17
358 3414 426 3500 (ς’.)
449 3411 580 3501 Ἐπειδὴ
598 3412 662 3501 γάρ
680 3411 848 3500 Ἡρακλῆς
861 3410 1040 3500 μετήλλαξε
1060 3410 1121 3480 τόν
1143 3420 1230 3499 βίον,

273 3509 354 3590 θεὸς
365 3514 401 3581 ἐκ
412 3520 543 3599 θνητοῦ
557 3514 756 3599 γενόμενος,
776 3508 860 3580 κατά
875 3512 937 3590 μὲν
951 3508 1055 3598 ἀρχάς
1070 3517 1104 3580 οἱ
1116 3516 1231 3591 παῖδες

274 3606 380 3677 αὐτοῦ
397 3606 452 3677 διά
467 3607 530 3695 τήν
544 3617 613 3678 τῶν
627 3613 761 3697 ἐχθρῶν
779 3609 926 3696 δύναμιν
941 3612 978 3678 ἐν
993 3618 1129 3689 πολλοῖς
1142 3610 1229 3678 πλά-
