2859 4334
395 410 526 471 ΠΡΟΣ
543 409 872 474 ΔΗΜΟΝΙΚΟΝ.
1070 411 1108 474 11

162 567 234 655 τὴν,
254 582 323 649 τοῖς
338 571 376 638 δὲ
391 574 585 649 σπουδαίοις
599 569 662 658 τήν
684 573 722 639 ἐν
734 579 781 663 τῷ
797 577 855 658 ζῆν
871 568 1017 653 άδοξίαν.
1046 573 1113 658 μά-

89 669 90 686 ’
161 675 250 735 λιστα
260 669 322 754 μὲν
336 675 442 751 πειρῶ
452 674 511 755 ζῆν
524 665 608 736 κατά
617 667 679 756 τὴν
692 668 898 757 ἀσφάλειαν·
914 669 976 740 ίδν
985 675 1026 741 δί
1033 677 1115 741 αοτί

161 787 210 834 σοι
224 772 336 857 συμβῇ
347 767 578 855 κινδυνεύειν,
592 769 678 854 ζήτει
691 766 755 856 τὴν
765 771 802 838 ἐκ
813 776 875 837 τού
885 773 1034 859 πολέμου
1043 789 1113 838 σω-

159 870 275 952 τηρίαν
288 863 371 952 μετὰ
386 873 489 953 καλῆς
502 865 617 953 δόξης,
638 863 724 935 άλλά
739 864 785 956 μὴ
805 863 877 954 μετ’
893 873 1031 955 αἰσχρᾶς
1044 868 1113 956 φή-

160 989 233 1051 μης·
267 960 306 1033 τδ
327 966 389 1051 μὲν
409 961 474 1052 γὰρ
495 971 688 1052 τελευτῆσαι
711 966 851 1035 πάντων
869 962 891 1052 ἡ
911 969 1112 1054 πεπρωμένη

161 1064 345 1148 κατέκρινε,
367 1060 404 1131 τό
421 1064 458 1131 δὲ
477 1069 587 1143 καλῶς
601 1060 790 1135 ἀποθανεῖν
810 1069 899 1134 ίδιον
917 1079 987 1146 τοῖς
1003 1075 1141 1134 σπου-θ

161 1167 264 1243 δαίοις
282 1159 304 1250 ἡ
321 1161 425 1251 φύσις
443 1160 630 1246 ἀπένειμεν.

128 1272 152 1326 ιλ
241 1270 275 1347 (ε
287 1270 312 1350 .)
334 1262 400 1330 Καί
414 1259 458 1349 μὴ
473 1262 668 1350 θαυμάσης,
687 1267 718 1330 εί
726 1259 833 1331 πολλά
849 1268 917 1330 τῶν
929 1263 1114 1348 εἰρημένων

162 1359 197 1429 ού
211 1362 333 1448 πρέπει
346 1379 401 1428 σοι
414 1357 499 1447 πρδς
513 1356 574 1447 τὴν
588 1367 654 1428 νῦν
669 1367 848 1447 παροῦσαν
861 1358 1012 1448 ἡλικίαν·
1034 1357 1113 1432 ούδὲ

161 1456 219 1546 γάρ
232 1459 291 1546 ἐμὲ
300 1465 399 1527 τοῦτο
411 1461 584 1527 διέλαθεν·
602 1455 687 1528 όλλδ
698 1458 906 1547 προειλόμην
915 1455 970 1527 διδ
982 1465 1040 1546 τῆς
1049 1456 1112 1526 αύ-

160 1566 210 1646 τῆς
230 1561 457 1644 πραγματείας
474 1556 543 1646 ἅμα
558 1565 618 1626 τού
634 1584 671 1628 τι
686 1557 855 1646 παρόντος
869 1564 947 1647 βίον
962 1565 1114 1646 συμβου-

159 1665 230 1726 λίαν
240 1661 426 1743 ἐξενεγκεῖν
437 1659 493 1725 καὶ
502 1664 563 1724 τοῦ
572 1657 752 1744 μέλλοντος
760 1655 887 1745 χρόνον
895 1656 1113 1744 παράγγελμα

124 1749 129 1758 ’
159 1764 359 1825 καταλιπεῖν.
380 1751 443 1842 τήν
457 1752 599 1843 μὲνγὰρ
614 1755 746 1824 τούτων
755 1760 871 1843 χρείαν
885 1757 1008 1844 ὁμοίως
1023 1753 1111 1840 εἰδή-

160 1873 238 1940 σεις,
250 1850 315 1922 τόν
327 1854 363 1921 δὲ
373 1850 444 1940 μετ’
459 1848 592 1934 εύνοίας
603 1854 881 1942 συμβουλεύοντα
893 1857 1044 1939 χαλεπῶς
1056 1849 1115 1920 εὑ-

159 1952 278 2038 ρήσεις.
298 1949 390 2030 ὅπως
404 1943 469 2019 οὖν
480 1948 525 2039 μὴ
537 1948 617 2037 παρ’
631 1952 747 2039 ἑτέρου
761 1949 800 2019 τά
812 1948 913 2020 λοιπά
928 1957 1023 2039 ζητῇς
1037 1946 1112 2019 ἀλλ’
1125 1984 1141 2023 e

158 2051 320 2117 ἐντεῦθεν
340 2046 451 2134 ὥσπερ
467 2050 504 2117 ἐκ
524 2056 677 2135 ταμιείου
690 2051 877 2139 προφέρης,
901 2045 1021 2141 ᾠήθην
1042 2052 1115 2116 δεῖν

158 2148 261 2233 μηδὲν
278 2155 479 2234 παραλιπεῖν
495 2139 544 2214 ύν
561 2153 624 2234 ἔχοι
639 2165 695 2216 σοι
712 2147 970 2235 συμβουλεύειν.

119 2264 145 2317 ιι
237 2243 378 2331 Πολλὴν
390 2241 421 2313 δ’
435 2240 479 2312 άν
489 2260 558 2324 τοῖς
570 2255 665 2324 θεοῖς
681 2246 781 2333 χάριν
795 2251 927 2333 σχοίην,
944 2251 975 2314 εί
983 2244 1027 2332 μὴ
1041 2249 1114 2312 δια-

156 2344 315 2430 μάρτοιμι
335 2349 393 2430 τῆς
409 2343 508 2431 δόξης
528 2337 568 2431 ἧς
582 2349 669 2431 ἔχων
682 2344 760 2432 περὶ
773 2351 838 2411 σοῦ
857 2342 1022 2430 τυγχάνω.
1045 2347 1114 2410 τύν
1129 2361 1161 2414 1²

155 2444 216 2529 μὲν
228 2439 298 2529 γάρ
313 2439 425 2512 ἄλλων
439 2441 518 2523 τούς
529 2449 704 2524 πλείστους
719 2437 907 2530 εὑρήσομεν
922 2440 1034 2528 ὥσπερ
1046 2446 1114 2508 τῶν

154 2546 272 2611 σιτίων
285 2553 355 2620 τοῖς
368 2538 512 2628 ἡδίστοις
525 2549 655 2629 μᾶλλον
668 2536 772 2629 ἦτοῖς
786 2539 1027 2628 ὑγιεινοτάτοις
1040 2546 1114 2626 χαί-

154 2666 296 2727 ροντας,
315 2637 403 2708 ούτα
420 2642 477 2710 καὶ
492 2647 560 2708 τῶν
572 2649 682 2728 φίλων
694 2654 765 2718 τοῖς
780 2637 1114 2726 σονεξαμαρτάνουσι

151 2737 397 2826 πλιριάίονιας
415 2735 491 2808 ἄλλ’
507 2736 550 2807 ού
565 2753 635 2820 τοῖς
650 2745 863 2808 νουθετοῦσι.
888 2737 925 2807 σὲ
942 2736 979 2806 δὲ
992 2741 1114 2823 νομίζω

151 2834 357 2906 τούναντίον
366 2837 497 2906 τούτων
507 2839 707 2925 ίγνακίναι,
719 2842 885 2926 τεκμηρίῳ
893 2837 1064 2923 χριόμενος
1074 2843 1114 2923 τῇ

151 2938 229 3025 περὶ
243 2933 308 3022 τὴν
319 2933 425 3023 άλλην
435 2941 590 3007 παιδείαν
601 2942 800 3025 φιλοπονία·
821 2931 883 3003 τδν
892 2931 958 3023 γάρ
970 2931 1062 3025 αύτῷ
1072 2930 1113 3001 τά

151 3036 308 3121 βέλτιστα
323 3032 481 3119 πράττειν
498 3035 729 3119 ἐπιτάττοντα,
743 3041 866 3102 τοῦτον
881 3029 969 3111 είκδς
979 3035 1035 3100 καὶ
1045 3039 1114 3099 τῶν

150 3130 269 3200 ἄλλων
282 3128 362 3210 τούς
375 3133 429 3201 ἐπὶ
442 3131 504 3221 τὴν
520 3129 643 3219 ἀρετὴν
657 3138 935 3218 παρακαλοῦντας
952 3127 1140 3215 άποδέχε-Ι)

105 3241 135 3297 4⁶
147 3239 243 3300 σθαι.
269 3229 412 3317 μάλιστα
422 3227 456 3298 δ’
469 3227 514 3300 δν
523 3235 772 3320 ααροξννθείης
783 3227 962 3317 όρίγεσθαι
972 3233 1041 3295 τῶν
1051 3252 1114 3294 κα-

147 3335 221 3396 λῶν
234 3332 358 3415 ἔργον,
374 3334 405 3397 εἰ
416 3329 636 3419 καταμάθοις,
650 3327 703 3400 ὅτι
711 3325 838 3410 καλτᾶς
848 3324 975 3413 ἡδονάς
988 3326 1114 3394 ἐκτού-

146 3453 218 3494 των
235 3425 382 3514 μάλιστα
400 3434 546 3515 γνησίως
561 3433 688 3515 ἔχομεν.
718 3432 757 3496 ίν
770 3428 833 3514 μὲν
852 3424 916 3513 γάρ
937 3429 986 3516 τῷ
1000 3425 1113 3515 ῥαθυ-

146 3541 225 3611 μεῖν
238 3527 298 3595 καὶ
316 3521 374 3605 τὰς
388 3524 582 3614 πλησμονάς
598 3524 735 3613 άγαπᾶν
749 3520 856 3604 εύθύς
870 3528 907 3592 αί
918 3531 1023 3592 λύπαι
1040 3537 1113 3601 ταῖς

144 3621 289 3710 ἡδοναῖς
302 3624 576 3712 παραπεπήγασι,
594 3624 632 3693 τδ
650 3628 688 3693 δὲ
702 3626 778 3708 περὶ
793 3621 856 3710 τὴν
873 3619 996 3709 ἀρετὴν
1011 3629 1112 3708 φιλο-
