<?xml version="1.0" encoding="UTF-8"?>
<!DOCTYPE html PUBLIC "-//W3C//DTD XHTML 1.0 Transitional//EN"
    "http://www.w3.org/TR/xhtml1/DTD/xhtml1-transitional.dtd">
<html xmlns="http://www.w3.org/1999/xhtml" xml:lang="en" lang="en">
 <head>
  <title>
</title>
<meta http-equiv="Content-Type" content="text/html;charset=utf-8" />
  <meta name='ocr-system' content='tesseract 3.04.00' />
  <meta name='ocr-capabilities' content='ocr_page ocr_carea ocr_par ocr_line ocrx_word'/>
</head>
<body>
  <div class='ocr_page' id='page_1' title='image "./orationes00isgoog_0602.png"; bbox 0 0 2859 4334; ppageno 0'>
   <div class='ocr_carea' id='block_1_1' title="bbox 487 366 1137 431">
    <p class='ocr_par' dir='ltr' id='par_1_1' title="bbox 487 366 1137 431">
     <span class='ocr_line' id='line_1_1' title="bbox 487 366 1137 431; baseline -0.002 -2"><span class='ocrx_word' id='word_1_1' title='bbox 487 374 514 429; x_wconf 80' lang='grc' dir='ltr'><em>Α</em></span> <span class='ocrx_word' id='word_1_2' title='bbox 523 372 542 427; x_wconf 90' lang='grc' dir='ltr'><em>Ι</em></span> <span class='ocrx_word' id='word_1_3' title='bbox 547 370 676 429; x_wconf 83' lang='grc' dir='ltr'><em>ΓλΝΗ</em></span> <span class='ocrx_word' id='word_1_4' title='bbox 681 367 835 431; x_wconf 84' lang='grc' dir='ltr'><strong><em>ΤΙΚΟΣ.</em></strong></span> <span class='ocrx_word' id='word_1_5' title='bbox 1073 366 1137 429; x_wconf 73' lang='lat'><em>229</em></span> 
     </span>
    </p>
   </div>
   <div class='ocr_carea' id='block_1_2' title="bbox 125 523 1167 913">
    <p class='ocr_par' dir='ltr' id='par_1_2' title="bbox 125 523 1167 723">
     <span class='ocr_line' id='line_1_2' title="bbox 184 523 1138 623; baseline -0.004 -22"><span class='ocrx_word' id='word_1_6' title='bbox 184 534 306 623; x_wconf 77' lang='grc' dir='ltr'><em>ἡμέρας</em></span> <span class='ocrx_word' id='word_1_7' title='bbox 325 528 514 599; x_wconf 84' lang='grc' dir='ltr'><em>διαλιπούσ’</em></span> <span class='ocrx_word' id='word_1_8' title='bbox 531 523 639 616; x_wconf 81' lang='grc' dir='ltr'><em>ἦλθεν</em></span> <span class='ocrx_word' id='word_1_9' title='bbox 652 525 926 615; x_wconf 79' lang='grc' dir='ltr'><strong><em>ἀμφισβητοῦσα,</em></strong></span> <span class='ocrx_word' id='word_1_10' title='bbox 942 529 1053 615; x_wconf 79' lang='grc' dir='ltr'><em>ὥσπερ</em></span> <span class='ocrx_word' id='word_1_11' title='bbox 1070 538 1138 597; x_wconf 82' lang='grc' dir='ltr'><em>των</em></span> 
     </span>
     <span class='ocr_line' id='line_1_3' title="bbox 125 622 1167 723; baseline -0.007 -21"><span class='ocrx_word' id='word_1_12' title='bbox 125 664 165 717; x_wconf 69' lang='lat'><em>32</em></span> <span class='ocrx_word' id='word_1_13' title='bbox 181 636 359 723; x_wconf 81' lang='grc' dir='ltr'><em>χρημάτων</em></span> <span class='ocrx_word' id='word_1_14' title='bbox 372 628 444 701; x_wconf 80' lang='grc' dir='ltr'><em>ἀλλ’</em></span> <span class='ocrx_word' id='word_1_15' title='bbox 459 629 521 697; x_wconf 79' lang='grc' dir='ltr'><em>ούκ</em></span> <span class='ocrx_word' id='word_1_16' title='bbox 532 632 661 699; x_wconf 84' lang='grc' dir='ltr'><em>ἐκείνου</em></span> <span class='ocrx_word' id='word_1_17' title='bbox 673 625 837 714; x_wconf 75' lang='grc' dir='ltr'><em>συγγενὴς</em></span> <span class='ocrx_word' id='word_1_18' title='bbox 851 622 946 696; x_wconf 78' lang='grc' dir='ltr'><em>οὖσα.</em></span> <span class='ocrx_word' id='word_1_19' title='bbox 969 631 1025 697; x_wconf 84' lang='grc' dir='ltr'><em>ιιαί</em></span> <span class='ocrx_word' id='word_1_20' title='bbox 1035 634 1067 697; x_wconf 87' lang='grc' dir='ltr'><em>εί</em></span> <span class='ocrx_word' id='word_1_21' title='bbox 1075 628 1167 716; x_wconf 76' lang='grc' dir='ltr'><em>μὲνο</em></span> 
     </span>
    </p>

    <p class='ocr_par' dir='ltr' id='par_1_3' title="bbox 184 724 1138 820">
     <span class='ocr_line' id='line_1_4' title="bbox 184 724 1138 820; baseline -0.007 -17"><span class='ocrx_word' id='word_1_22' title='bbox 184 732 381 820; x_wconf 78' lang='grc' dir='ltr'><em>ὁμολογήσει</em></span> <span class='ocrx_word' id='word_1_23' title='bbox 406 728 571 815; x_wconf 78' lang='grc' dir='ltr'><strong><em>τοσαύτην</em></strong></span> <span class='ocrx_word' id='word_1_24' title='bbox 600 734 726 813; x_wconf 74' lang='grc' dir='ltr'><em>ἔχθραν</em></span> <span class='ocrx_word' id='word_1_25' title='bbox 756 724 918 813; x_wconf 74' lang='grc' dir='ltr'><em>ὑπάρχειν</em></span> <span class='ocrx_word' id='word_1_26' title='bbox 945 727 1030 819; x_wconf 72' lang='grc' dir='ltr'><strong><em>αὐτῇ</em></strong></span> <span class='ocrx_word' id='word_1_27' title='bbox 1055 724 1138 814; x_wconf 85' lang='grc' dir='ltr'><em>πρός</em></span> 
     </span>
    </p>

    <p class='ocr_par' dir='ltr' id='par_1_4' title="bbox 183 824 1137 913">
     <span class='ocr_line' id='line_1_5' title="bbox 183 824 1137 913; baseline -0.007 -12"><span class='ocrx_word' id='word_1_28' title='bbox 183 836 312 901; x_wconf 72' lang='grc' dir='ltr'><em>ἐκεῖνον</em></span> <span class='ocrx_word' id='word_1_29' title='bbox 329 828 408 899; x_wconf 76' lang='grc' dir='ltr'><em>ὥστ’</em></span> <span class='ocrx_word' id='word_1_30' title='bbox 430 828 563 907; x_wconf 79' lang='grc' dir='ltr'><strong><em>εἰκότως</em></strong></span> <span class='ocrx_word' id='word_1_31' title='bbox 575 836 677 895; x_wconf 84' lang='grc' dir='ltr'><strong><em>ταῦτα</em></strong></span> <span class='ocrx_word' id='word_1_32' title='bbox 690 842 815 913; x_wconf 79' lang='grc' dir='ltr'><strong><em>ποιεῖν,</em></strong></span> <span class='ocrx_word' id='word_1_33' title='bbox 833 825 896 895; x_wconf 83' lang='grc' dir='ltr'><em>οὐκ</em></span> <span class='ocrx_word' id='word_1_34' title='bbox 907 824 952 895; x_wconf 78' lang='grc' dir='ltr'><em>ἂν</em></span> <span class='ocrx_word' id='word_1_35' title='bbox 965 832 1075 906; x_wconf 80' lang='grc' dir='ltr'><em>κακῶς</em></span> <span class='ocrx_word' id='word_1_36' title='bbox 1087 836 1137 911; x_wconf 84' lang='grc' dir='ltr'><em>εῖη</em></span> 
     </span>
    </p>
   </div>
   <div class='ocr_carea' id='block_1_3' title="bbox 157 1026 1202 1624">
    <p class='ocr_par' dir='ltr' id='par_1_5' title="bbox 157 1026 1202 1624">
     <span class='ocr_line' id='line_1_6' title="bbox 183 1026 1202 1121; baseline -0.007 -21"><span class='ocrx_word' id='word_1_37' title='bbox 183 1033 288 1121; x_wconf 87' lang='grc' dir='ltr'><strong><em>ταότη</em></strong></span> <span class='ocrx_word' id='word_1_38' title='bbox 302 1029 364 1116; x_wconf 80' lang='grc' dir='ltr'><strong><em>τὴν</em></strong></span> <span class='ocrx_word' id='word_1_39' title='bbox 380 1026 500 1097; x_wconf 85' lang='grc' dir='ltr'><em>οόσίαν</em></span> <span class='ocrx_word' id='word_1_40' title='bbox 514 1035 723 1096; x_wconf 74' lang='grc' dir='ltr'><strong><em>καταλιπεῖν·</em></strong></span> <span class='ocrx_word' id='word_1_41' title='bbox 745 1032 774 1095; x_wconf 86' lang='grc' dir='ltr'><em>εί</em></span> <span class='ocrx_word' id='word_1_42' title='bbox 789 1027 824 1094; x_wconf 79' lang='grc' dir='ltr'><em>δὲ</em></span> <span class='ocrx_word' id='word_1_43' title='bbox 839 1032 1001 1112; x_wconf 81' lang='grc' dir='ltr'><em>μηδεμιᾶς</em></span> <span class='ocrx_word' id='word_1_44' title='bbox 1017 1032 1139 1112; x_wconf 83' lang='grc' dir='ltr'><em>διαφο-</em></span> <span class='ocrx_word' id='word_1_45' title='bbox 1153 1042 1202 1098; x_wconf 67' lang='grc'><em>39]</em></span> 
     </span>
     <span class='ocr_line' id='line_1_7' title="bbox 184 1124 1138 1218; baseline -0.014 -17"><span class='ocrx_word' id='word_1_46' title='bbox 184 1140 245 1218; x_wconf 85' lang='grc' dir='ltr'><em>ρᾶς</em></span> <span class='ocrx_word' id='word_1_47' title='bbox 255 1130 358 1216; x_wconf 77' lang='grc' dir='ltr'><em>οὔσης</em></span> <span class='ocrx_word' id='word_1_48' title='bbox 368 1126 474 1208; x_wconf 79' lang='grc' dir='ltr'><em>οὕτως</em></span> <span class='ocrx_word' id='word_1_49' title='bbox 484 1125 607 1215; x_wconf 77' lang='grc' dir='ltr'><em>ἀμελὴς</em></span> <span class='ocrx_word' id='word_1_50' title='bbox 620 1128 674 1194; x_wconf 85' lang='grc' dir='ltr'><em>καὶ</em></span> <span class='ocrx_word' id='word_1_51' title='bbox 688 1124 774 1212; x_wconf 77' lang='grc' dir='ltr'><em>κακὴ</em></span> <span class='ocrx_word' id='word_1_52' title='bbox 790 1130 865 1210; x_wconf 86' lang='grc' dir='ltr'><em>περὶ</em></span> <span class='ocrx_word' id='word_1_53' title='bbox 879 1124 984 1193; x_wconf 85' lang='grc' dir='ltr'><strong><em>αὐτόν</em></strong></span> <span class='ocrx_word' id='word_1_54' title='bbox 995 1130 1138 1212; x_wconf 73' lang='grc' dir='ltr'><em>ἐγένετο,</em></span> 
     </span>
     <span class='ocr_line' id='line_1_8' title="bbox 191 1222 1138 1319; baseline -0.008 -16"><span class='ocrx_word' id='word_1_55' title='bbox 191 1235 278 1303; x_wconf 81' lang='grc' dir='ltr'><em>πολύ</em></span> <span class='ocrx_word' id='word_1_56' title='bbox 288 1230 662 1319; x_wconf 76' lang='grc' dir='ltr'><em>δνδηπουδικαιότερον</em></span> <span class='ocrx_word' id='word_1_57' title='bbox 670 1235 848 1317; x_wconf 85' lang='grc' dir='ltr'><em>στερηθείη</em></span> <span class='ocrx_word' id='word_1_58' title='bbox 856 1222 1138 1314; x_wconf 80' lang='grc' dir='ltr'><strong><em>τῶναότῆςῆτων</em></strong></span> 
     </span>
     <span class='ocr_line' id='line_1_9' title="bbox 157 1326 1138 1423; baseline -0.005 -22"><span class='ocrx_word' id='word_1_59' title='bbox 157 1336 703 1423; x_wconf 76' lang='grc' dir='ltr'><em>εοέκείνουκληρονόμοςγίγνοιτο.</em></span> <span class='ocrx_word' id='word_1_60' title='bbox 724 1327 965 1419; x_wconf 83' lang='grc' dir='ltr'><em>ίνθυμεῖσθιδ</em></span> <span class='ocrx_word' id='word_1_61' title='bbox 974 1326 1068 1397; x_wconf 84' lang='grc' dir='ltr'><strong><em>ὅτιτὸ</em></strong></span> <span class='ocrx_word' id='word_1_62' title='bbox 1074 1328 1138 1415; x_wconf 76' lang='grc' dir='ltr'><em>μὲν</em></span> 
     </span>
     <span class='ocr_line' id='line_1_10' title="bbox 192 1427 1135 1525; baseline -0.007 -20"><span class='ocrx_word' id='word_1_63' title='bbox 192 1436 315 1524; x_wconf 81' lang='grc' dir='ltr'><strong><em>ταύτης</em></strong></span> <span class='ocrx_word' id='word_1_64' title='bbox 327 1438 429 1525; x_wconf 81' lang='grc' dir='ltr'><em>μέρος</em></span> <span class='ocrx_word' id='word_1_65' title='bbox 444 1434 517 1505; x_wconf 83' lang='grc' dir='ltr'><strong><em>οὔτ’</em></strong></span> <span class='ocrx_word' id='word_1_66' title='bbox 527 1437 563 1503; x_wconf 78' lang='grc' dir='ltr'><em>ἐν</em></span> <span class='ocrx_word' id='word_1_67' title='bbox 578 1438 619 1522; x_wconf 76' lang='grc' dir='ltr'><strong><em>τη</em></strong></span> <span class='ocrx_word' id='word_1_68' title='bbox 633 1433 725 1525; x_wconf 79' lang='grc' dir='ltr'><em>νόσῳ</em></span> <span class='ocrx_word' id='word_1_69' title='bbox 737 1439 923 1519; x_wconf 77' lang='grc' dir='ltr'><strong><em>θεραπείας</em></strong></span> <span class='ocrx_word' id='word_1_70' title='bbox 934 1435 1053 1518; x_wconf 78' lang='grc' dir='ltr'><em>ἔτυχεν</em></span> <span class='ocrx_word' id='word_1_71' title='bbox 1061 1427 1135 1498; x_wconf 72' lang='grc' dir='ltr'><em>οὔτ’</em></span> 
     </span>
     <span class='ocr_line' id='line_1_11' title="bbox 191 1530 1136 1624; baseline -0.007 -19"><span class='ocrx_word' id='word_1_72' title='bbox 191 1538 380 1607; x_wconf 79' lang='grc' dir='ltr'><em>α’ποθανων</em></span> <span class='ocrx_word' id='word_1_73' title='bbox 398 1540 466 1605; x_wconf 78' lang='grc' dir='ltr'><strong><em>τῶν</em></strong></span> <span class='ocrx_word' id='word_1_74' title='bbox 483 1535 707 1624; x_wconf 78' lang='grc' dir='ltr'><em>νομιζομένων</em></span> <span class='ocrx_word' id='word_1_75' title='bbox 723 1532 865 1621; x_wconf 77' lang='grc' dir='ltr'><em>ἠξιώθη,</em></span> <span class='ocrx_word' id='word_1_76' title='bbox 883 1530 928 1600; x_wconf 84' lang='grc' dir='ltr'><em>δι’</em></span> <span class='ocrx_word' id='word_1_77' title='bbox 947 1532 1003 1618; x_wconf 70' lang='grc' dir='ltr'><em>ἐμὲ</em></span> <span class='ocrx_word' id='word_1_78' title='bbox 1020 1531 1054 1599; x_wconf 87' lang='grc' dir='ltr'><em>δ’</em></span> <span class='ocrx_word' id='word_1_79' title='bbox 1069 1530 1136 1619; x_wconf 80' lang='grc' dir='ltr'><em>ἆμ-</em></span> 
     </span>
    </p>
   </div>
   <div class='ocr_carea' id='block_1_4' title="bbox 123 1629 1168 3712">
    <p class='ocr_par' dir='ltr' id='par_1_6' title="bbox 183 1629 1137 1721">
     <span class='ocr_line' id='line_1_12' title="bbox 183 1629 1137 1721; baseline -0.002 -20"><span class='ocrx_word' id='word_1_80' title='bbox 183 1640 309 1718; x_wconf 84' lang='grc' dir='ltr'><em>φότερα</em></span> <span class='ocrx_word' id='word_1_81' title='bbox 327 1629 420 1700; x_wconf 83' lang='grc' dir='ltr'><strong><em>ταῦτ’</em></strong></span> <span class='ocrx_word' id='word_1_82' title='bbox 443 1632 533 1721; x_wconf 80' lang='grc' dir='ltr'><strong><em>αὐτῷ</em></strong></span> <span class='ocrx_word' id='word_1_83' title='bbox 553 1636 735 1719; x_wconf 82' lang='grc' dir='ltr'><em>γεγένηται.</em></span> <span class='ocrx_word' id='word_1_84' title='bbox 774 1640 880 1702; x_wconf 85' lang='grc' dir='ltr'><em>καίτοι</em></span> <span class='ocrx_word' id='word_1_85' title='bbox 895 1636 1027 1703; x_wconf 87' lang='grc' dir='ltr'><em>δίκαιόν</em></span> <span class='ocrx_word' id='word_1_86' title='bbox 1048 1637 1137 1703; x_wconf 77' lang='grc' dir='ltr'><em>ἐστιν</em></span> 
     </span>
    </p>

    <p class='ocr_par' dir='ltr' id='par_1_7' title="bbox 154 1729 1168 2217">
     <span class='ocr_line' id='line_1_13' title="bbox 154 1729 1138 1821; baseline 0.002 -22"><span class='ocrx_word' id='word_1_87' title='bbox 154 1741 156 1743; x_wconf 77' lang='grc'><strong>’</strong></span> <span class='ocrx_word' id='word_1_88' title='bbox 187 1731 269 1818; x_wconf 85' lang='grc' dir='ltr'><em>ὑμᾶς</em></span> <span class='ocrx_word' id='word_1_89' title='bbox 286 1729 347 1817; x_wconf 83' lang='grc' dir='ltr'><strong><em>την</em></strong></span> <span class='ocrx_word' id='word_1_90' title='bbox 363 1740 478 1818; x_wconf 78' lang='grc' dir='ltr'><em>ψῆφον</em></span> <span class='ocrx_word' id='word_1_91' title='bbox 493 1738 626 1818; x_wconf 83' lang='grc' dir='ltr'><em>φέρειν,</em></span> <span class='ocrx_word' id='word_1_92' title='bbox 649 1730 711 1800; x_wconf 82' lang='grc' dir='ltr'><em>οὐκ</em></span> <span class='ocrx_word' id='word_1_93' title='bbox 728 1743 761 1802; x_wconf 87' lang='grc' dir='ltr'><em>εῖ</em></span> <span class='ocrx_word' id='word_1_94' title='bbox 771 1760 859 1813; x_wconf 88' lang='grc' dir='ltr'><em>τινες</em></span> <span class='ocrx_word' id='word_1_95' title='bbox 875 1739 963 1819; x_wconf 84' lang='grc' dir='ltr'><em>γένει</em></span> <span class='ocrx_word' id='word_1_96' title='bbox 978 1736 1040 1821; x_wconf 83' lang='grc' dir='ltr'><em>μέν</em></span> <span class='ocrx_word' id='word_1_97' title='bbox 1054 1755 1138 1820; x_wconf 85' lang='grc' dir='ltr'><em>φασι</em></span> 
     </span>
     <span class='ocr_line' id='line_1_14' title="bbox 181 1830 1168 1921; baseline -0.001 -18"><span class='ocrx_word' id='word_1_98' title='bbox 181 1832 380 1919; x_wconf 80' lang='grc' dir='ltr'><em>προσήκειν,</em></span> <span class='ocrx_word' id='word_1_99' title='bbox 400 1837 437 1899; x_wconf 81' lang='grc' dir='ltr'><em>ἐν</em></span> <span class='ocrx_word' id='word_1_100' title='bbox 458 1832 495 1901; x_wconf 67' lang='grc' dir='ltr'><em>δὲ</em></span> <span class='ocrx_word' id='word_1_101' title='bbox 511 1846 578 1911; x_wconf 86' lang='grc' dir='ltr'><em>τοῖς</em></span> <span class='ocrx_word' id='word_1_102' title='bbox 594 1838 703 1917; x_wconf 78' lang='grc' dir='ltr'><em>ἔργοις</em></span> <span class='ocrx_word' id='word_1_103' title='bbox 721 1830 831 1919; x_wconf 83' lang='grc' dir='ltr'><em>ὅμοιοι</em></span> <span class='ocrx_word' id='word_1_104' title='bbox 846 1848 915 1913; x_wconf 90' lang='grc' dir='ltr'><em>τοῖς</em></span> <span class='ocrx_word' id='word_1_105' title='bbox 928 1837 1061 1921; x_wconf 77' lang='grc' dir='ltr'><em>ἐχθροῖς</em></span> <span class='ocrx_word' id='word_1_106' title='bbox 1076 1860 1134 1920; x_wconf 87' lang='grc' dir='ltr'><em>γε·</em></span> <span class='ocrx_word' id='word_1_107' title='bbox 1150 1850 1168 1903; x_wconf 85' lang='lat' dir='ltr'>b</span> 
     </span>
     <span class='ocr_line' id='line_1_15' title="bbox 180 1930 1136 2021; baseline -0.003 -20"><span class='ocrx_word' id='word_1_108' title='bbox 180 1934 338 2021; x_wconf 87' lang='grc' dir='ltr'><em>γόνασιν,</em></span> <span class='ocrx_word' id='word_1_109' title='bbox 361 1930 445 1999; x_wconf 80' lang='grc' dir='ltr'><em>ἀλλὰ</em></span> <span class='ocrx_word' id='word_1_110' title='bbox 465 1931 551 2001; x_wconf 83' lang='grc' dir='ltr'><em>πολύ</em></span> <span class='ocrx_word' id='word_1_111' title='bbox 570 1940 698 2017; x_wconf 85' lang='grc' dir='ltr'><em>μᾶλλον</em></span> <span class='ocrx_word' id='word_1_112' title='bbox 713 1930 788 1999; x_wconf 85' lang='grc' dir='ltr'><em>ὅσοι</em></span> <span class='ocrx_word' id='word_1_113' title='bbox 802 1933 908 2017; x_wconf 76' lang='grc' dir='ltr'><em>μηδὲν</em></span> <span class='ocrx_word' id='word_1_114' title='bbox 929 1932 1035 2019; x_wconf 84' lang='grc' dir='ltr'><em>ὄνομα</em></span> <span class='ocrx_word' id='word_1_115' title='bbox 1051 1953 1136 2018; x_wconf 89' lang='grc' dir='ltr'><em>συγ-</em></span> 
     </span>
     <span class='ocr_line' id='line_1_16' title="bbox 180 2030 1136 2119; baseline 0 -21"><span class='ocrx_word' id='word_1_116' title='bbox 180 2038 309 2119; x_wconf 88' lang='grc' dir='ltr'><em>γενείας</em></span> <span class='ocrx_word' id='word_1_117' title='bbox 317 2037 446 2117; x_wconf 73' lang='grc' dir='ltr'><em>ἔχοντες</em></span> <span class='ocrx_word' id='word_1_118' title='bbox 457 2035 676 2117; x_wconf 82' lang='grc' dir='ltr'><em>οἰκειοτέρους</em></span> <span class='ocrx_word' id='word_1_119' title='bbox 687 2039 775 2116; x_wconf 86' lang='grc' dir='ltr'><em>σφᾶς</em></span> <span class='ocrx_word' id='word_1_120' title='bbox 786 2030 910 2111; x_wconf 78' lang='grc' dir='ltr'><strong><em>αὐτούς</em></strong></span> <span class='ocrx_word' id='word_1_121' title='bbox 921 2036 957 2101; x_wconf 78' lang='grc' dir='ltr'><em>ἐν</em></span> <span class='ocrx_word' id='word_1_122' title='bbox 968 2048 1038 2111; x_wconf 87' lang='grc' dir='ltr'><strong><em>ταῖς</em></strong></span> <span class='ocrx_word' id='word_1_123' title='bbox 1049 2053 1136 2116; x_wconf 86' lang='grc' dir='ltr'><em>συμ·</em></span> 
     </span>
     <span class='ocr_line' id='line_1_17' title="bbox 180 2127 773 2217; baseline -0.003 -18"><span class='ocrx_word' id='word_1_124' title='bbox 180 2146 300 2217; x_wconf 88' lang='grc' dir='ltr'><em>φοραῖς</em></span> <span class='ocrx_word' id='word_1_125' title='bbox 312 2138 379 2197; x_wconf 81' lang='grc' dir='ltr'><em>των</em></span> <span class='ocrx_word' id='word_1_126' title='bbox 393 2127 586 2216; x_wconf 80' lang='grc' dir='ltr'><em>ἀναγκαίων</em></span> <span class='ocrx_word' id='word_1_127' title='bbox 598 2134 773 2215; x_wconf 86' lang='grc' dir='ltr'><em>παρέσχον.</em></span> 
     </span>
    </p>

    <p class='ocr_par' dir='ltr' id='par_1_8' title="bbox 127 2225 1161 3014">
     <span class='ocr_line' id='line_1_18' title="bbox 127 2225 1135 2317; baseline -0.003 -19"><span class='ocrx_word' id='word_1_128' title='bbox 127 2258 164 2311; x_wconf 71' lang='lat'><em>34</em></span> <span class='ocrx_word' id='word_1_129' title='bbox 266 2229 346 2315; x_wconf 88' lang='grc' dir='ltr'><em>(ις’.)</em></span> <span class='ocrx_word' id='word_1_130' title='bbox 371 2232 512 2317; x_wconf 82' lang='grc' dir='ltr'><em>Λέγουσι</em></span> <span class='ocrx_word' id='word_1_131' title='bbox 528 2227 558 2297; x_wconf 90' lang='grc' dir='ltr'><em>δ’</em></span> <span class='ocrx_word' id='word_1_132' title='bbox 583 2227 626 2309; x_wconf 79' lang='grc' dir='ltr'><em>ὡς</em></span> <span class='ocrx_word' id='word_1_133' title='bbox 641 2228 699 2308; x_wconf 77' lang='grc' dir='ltr'><em>τὰς</em></span> <span class='ocrx_word' id='word_1_134' title='bbox 715 2232 779 2315; x_wconf 75' lang='grc' dir='ltr'><em>μὲν</em></span> <span class='ocrx_word' id='word_1_135' title='bbox 794 2226 958 2315; x_wconf 78' lang='grc' dir='ltr'><em>διαθήκας</em></span> <span class='ocrx_word' id='word_1_136' title='bbox 978 2226 1041 2297; x_wconf 83' lang='grc' dir='ltr'><em>οὐκ</em></span> <span class='ocrx_word' id='word_1_137' title='bbox 1055 2225 1135 2295; x_wconf 76' lang='grc' dir='ltr'><strong><em>ἀπι-</em></strong></span> 
     </span>
     <span class='ocr_line' id='line_1_19' title="bbox 179 2324 1132 2416; baseline -0.004 -18"><span class='ocrx_word' id='word_1_138' title='bbox 179 2338 296 2398; x_wconf 85' lang='grc' dir='ltr'><em>στοῦσι</em></span> <span class='ocrx_word' id='word_1_139' title='bbox 307 2331 524 2415; x_wconf 80' lang='grc' dir='ltr'><em>Θρασύλοχον</em></span> <span class='ocrx_word' id='word_1_140' title='bbox 536 2339 745 2416; x_wconf 80' lang='grc' dir='ltr'><em>καταλιπεῖν,</em></span> <span class='ocrx_word' id='word_1_141' title='bbox 760 2326 802 2396; x_wconf 85' lang='grc' dir='ltr'><em>ού</em></span> <span class='ocrx_word' id='word_1_142' title='bbox 813 2330 927 2415; x_wconf 83' lang='grc' dir='ltr'><em>μέντοι</em></span> <span class='ocrx_word' id='word_1_143' title='bbox 939 2335 1048 2408; x_wconf 77' lang='grc' dir='ltr'><em>καλῶς</em></span> <span class='ocrx_word' id='word_1_144' title='bbox 1058 2324 1132 2395; x_wconf 82' lang='grc' dir='ltr'><em>οὐδ’</em></span> 
     </span>
     <span class='ocr_line' id='line_1_20' title="bbox 180 2420 1135 2517; baseline -0.005 -19"><span class='ocrx_word' id='word_1_145' title='bbox 180 2429 294 2517; x_wconf 77' lang='grc' dir='ltr'><em>ὀρθῶς</em></span> <span class='ocrx_word' id='word_1_146' title='bbox 309 2430 412 2513; x_wconf 85' lang='grc' dir='ltr'><em>φασὶν</em></span> <span class='ocrx_word' id='word_1_147' title='bbox 426 2425 530 2507; x_wconf 80' lang='grc' dir='ltr'><strong><em>αὐτὰς</em></strong></span> <span class='ocrx_word' id='word_1_148' title='bbox 544 2435 639 2514; x_wconf 80' lang='grc' dir='ltr'><em>ἔχειν.</em></span> <span class='ocrx_word' id='word_1_149' title='bbox 674 2434 798 2514; x_wconf 87' lang='grc' dir='ltr'><em>καίτοι,</em></span> <span class='ocrx_word' id='word_1_150' title='bbox 816 2420 841 2493; x_wconf 75' lang='grc' dir='ltr'><em>ὦ</em></span> <span class='ocrx_word' id='word_1_151' title='bbox 856 2426 977 2511; x_wconf 80' lang='grc' dir='ltr'><em>ἄνδρες</em></span> <span class='ocrx_word' id='word_1_152' title='bbox 993 2434 1135 2514; x_wconf 74' lang='grc' dir='ltr'><em>Αἰγινη-</em></span> 
     </span>
     <span class='ocr_line' id='line_1_21' title="bbox 177 2523 1135 2615; baseline -0.002 -18"><span class='ocrx_word' id='word_1_153' title='bbox 177 2558 248 2615; x_wconf 88' lang='grc' dir='ltr'><strong><em>ται,</em></strong></span> <span class='ocrx_word' id='word_1_154' title='bbox 265 2536 333 2607; x_wconf 79' lang='grc' dir='ltr'><em>πῶς</em></span> <span class='ocrx_word' id='word_1_155' title='bbox 350 2527 394 2595; x_wconf 78' lang='grc' dir='ltr'><em>ἅν</em></span> <span class='ocrx_word' id='word_1_156' title='bbox 406 2555 456 2607; x_wconf 85' lang='grc' dir='ltr'><em>τις</em></span> <span class='ocrx_word' id='word_1_157' title='bbox 470 2528 610 2615; x_wconf 75' lang='grc' dir='ltr'><em>ἄμεινον</em></span> <span class='ocrx_word' id='word_1_158' title='bbox 626 2523 648 2615; x_wconf 75' lang='grc' dir='ltr'><em>ἢ</em></span> <span class='ocrx_word' id='word_1_159' title='bbox 662 2534 790 2613; x_wconf 85' lang='grc' dir='ltr'><em>μᾶλλον</em></span> <span class='ocrx_word' id='word_1_160' title='bbox 805 2527 1045 2613; x_wconf 82' lang='grc' dir='ltr'><em>συμφερόντως</em></span> <span class='ocrx_word' id='word_1_161' title='bbox 1059 2528 1135 2611; x_wconf 82' lang='grc' dir='ltr'><em>περὶ</em></span> 
     </span>
     <span class='ocr_line' id='line_1_22' title="bbox 177 2623 1161 2715; baseline -0.005 -18"><span class='ocrx_word' id='word_1_162' title='bbox 177 2637 246 2697; x_wconf 78' lang='grc' dir='ltr'><em>των</em></span> <span class='ocrx_word' id='word_1_163' title='bbox 260 2627 365 2697; x_wconf 82' lang='grc' dir='ltr'><strong><em>αὑτοῦ</em></strong></span> <span class='ocrx_word' id='word_1_164' title='bbox 379 2629 582 2715; x_wconf 83' lang='grc' dir='ltr'><em>πραγμάτων</em></span> <span class='ocrx_word' id='word_1_165' title='bbox 599 2627 839 2715; x_wconf 80' lang='grc' dir='ltr'><em>ἐβουλεύσατο;</em></span> <span class='ocrx_word' id='word_1_166' title='bbox 861 2624 898 2705; x_wconf 89' lang='grc' dir='ltr'><em>δς</em></span> <span class='ocrx_word' id='word_1_167' title='bbox 912 2623 984 2705; x_wconf 76' lang='grc' dir='ltr'><strong><em>οὔτ’</em></strong></span> <span class='ocrx_word' id='word_1_168' title='bbox 1005 2633 1130 2712; x_wconf 70' lang='grc' dir='ltr'><em>ἔρημον</em></span> <span class='ocrx_word' id='word_1_169' title='bbox 1146 2661 1161 2699; x_wconf 75' lang='lat' dir='ltr'><strong>c</strong></span> 
     </span>
     <span class='ocr_line' id='line_1_23' title="bbox 176 2720 1132 2813; baseline -0.004 -17"><span class='ocrx_word' id='word_1_170' title='bbox 176 2726 238 2796; x_wconf 85' lang='grc' dir='ltr'><em>τόν</em></span> <span class='ocrx_word' id='word_1_171' title='bbox 261 2726 354 2796; x_wconf 85' lang='grc' dir='ltr'><em>οίκου</em></span> <span class='ocrx_word' id='word_1_172' title='bbox 375 2729 527 2797; x_wconf 70' lang='grc' dir='ltr'><em>κατέλιπε</em></span> <span class='ocrx_word' id='word_1_173' title='bbox 548 2742 617 2807; x_wconf 86' lang='grc' dir='ltr'><em>τοῖς</em></span> <span class='ocrx_word' id='word_1_174' title='bbox 637 2754 672 2795; x_wconf 89' lang='grc' dir='ltr'><em>τε</em></span> <span class='ocrx_word' id='word_1_175' title='bbox 696 2734 806 2813; x_wconf 87' lang='grc' dir='ltr'><em>φίλοις</em></span> <span class='ocrx_word' id='word_1_176' title='bbox 829 2726 927 2812; x_wconf 84' lang='grc' dir='ltr'><em>χάριν</em></span> <span class='ocrx_word' id='word_1_177' title='bbox 949 2720 1132 2811; x_wconf 78' lang='grc' dir='ltr'><em>ἀπέδωκεν,</em></span> 
     </span>
     <span class='ocr_line' id='line_1_24' title="bbox 177 2824 1133 2914; baseline -0.003 -18"><span class='ocrx_word' id='word_1_178' title='bbox 177 2834 226 2897; x_wconf 79' lang='grc' dir='ltr'><strong><em>ἔτι</em></strong></span> <span class='ocrx_word' id='word_1_179' title='bbox 243 2829 279 2896; x_wconf 75' lang='grc' dir='ltr'><em>δὲ</em></span> <span class='ocrx_word' id='word_1_180' title='bbox 293 2825 355 2913; x_wconf 80' lang='grc' dir='ltr'><strong><em>την</em></strong></span> <span class='ocrx_word' id='word_1_181' title='bbox 366 2832 490 2913; x_wconf 81' lang='grc' dir='ltr'><strong><em>μητέρα</em></strong></span> <span class='ocrx_word' id='word_1_182' title='bbox 506 2829 561 2896; x_wconf 82' lang='grc' dir='ltr'><em>καὶ</em></span> <span class='ocrx_word' id='word_1_183' title='bbox 575 2826 637 2913; x_wconf 80' lang='grc' dir='ltr'><strong><em>τὴν</em></strong></span> <span class='ocrx_word' id='word_1_184' title='bbox 649 2825 799 2914; x_wconf 71' lang='grc' dir='ltr'><em>ἀδελφὴν</em></span> <span class='ocrx_word' id='word_1_185' title='bbox 814 2825 856 2894; x_wconf 85' lang='grc' dir='ltr'><em>ού</em></span> <span class='ocrx_word' id='word_1_186' title='bbox 865 2826 971 2913; x_wconf 91' lang='grc' dir='ltr'><em>μόνον</em></span> <span class='ocrx_word' id='word_1_187' title='bbox 986 2833 1055 2893; x_wconf 80' lang='grc' dir='ltr'><em>των</em></span> <span class='ocrx_word' id='word_1_188' title='bbox 1069 2824 1133 2893; x_wconf 80' lang='grc' dir='ltr'><em>αὑ-</em></span> 
     </span>
     <span class='ocr_line' id='line_1_25' title="bbox 176 2923 1133 3014; baseline -0.003 -19"><span class='ocrx_word' id='word_1_189' title='bbox 176 2936 239 2995; x_wconf 84' lang='grc' dir='ltr'><em>τοῦ</em></span> <span class='ocrx_word' id='word_1_190' title='bbox 260 2933 377 3009; x_wconf 87' lang='grc' dir='ltr'><em>κυρίας</em></span> <span class='ocrx_word' id='word_1_191' title='bbox 394 2923 477 2996; x_wconf 75' lang='grc' dir='ltr'><em>ἀλλὰ</em></span> <span class='ocrx_word' id='word_1_192' title='bbox 498 2930 552 2995; x_wconf 83' lang='grc' dir='ltr'><em>καλ</em></span> <span class='ocrx_word' id='word_1_193' title='bbox 573 2934 640 2995; x_wconf 79' lang='grc' dir='ltr'><strong><em>τῶν</em></strong></span> <span class='ocrx_word' id='word_1_194' title='bbox 664 2930 754 3014; x_wconf 78' lang='grc' dir='ltr'><em>ἐμῶν</em></span> <span class='ocrx_word' id='word_1_195' title='bbox 770 2932 965 3014; x_wconf 80' lang='grc' dir='ltr'><em>κατέστησε,</em></span> <span class='ocrx_word' id='word_1_196' title='bbox 988 2924 1050 3012; x_wconf 81' lang='grc' dir='ltr'><strong><em>τὴν</em></strong></span> <span class='ocrx_word' id='word_1_197' title='bbox 1071 2929 1133 3012; x_wconf 75' lang='grc' dir='ltr'><em>μὲν</em></span> 
     </span>
    </p>

    <p class='ocr_par' dir='ltr' id='par_1_9' title="bbox 126 3017 1134 3508">
     <span class='ocr_line' id='line_1_26' title="bbox 126 3017 1134 3113; baseline -0.009 -15"><span class='ocrx_word' id='word_1_198' title='bbox 126 3045 162 3098; x_wconf 77' lang='lat'><em>55</em></span> <span class='ocrx_word' id='word_1_199' title='bbox 180 3026 253 3111; x_wconf 80' lang='grc' dir='ltr'><em>ἐμοὶ</em></span> <span class='ocrx_word' id='word_1_200' title='bbox 274 3030 483 3110; x_wconf 83' lang='grc' dir='ltr'><em>συνοικίσας,</em></span> <span class='ocrx_word' id='word_1_201' title='bbox 510 3032 549 3113; x_wconf 74' lang='grc' dir='ltr'><strong><em>τῇ</em></strong></span> <span class='ocrx_word' id='word_1_202' title='bbox 570 3021 601 3092; x_wconf 90' lang='grc' dir='ltr'><em>δ’</em></span> <span class='ocrx_word' id='word_1_203' title='bbox 624 3024 700 3094; x_wconf 83' lang='grc' dir='ltr'><em>υίόν</em></span> <span class='ocrx_word' id='word_1_204' title='bbox 716 3024 752 3111; x_wconf 89' lang='grc' dir='ltr'><em>μ’</em></span> <span class='ocrx_word' id='word_1_205' title='bbox 777 3025 984 3112; x_wconf 81' lang='grc' dir='ltr'><em>είσποιησας;</em></span> <span class='ocrx_word' id='word_1_206' title='bbox 1014 3017 1072 3110; x_wconf 82' lang='grc' dir='ltr'><em>ἆρ’</em></span> <span class='ocrx_word' id='word_1_207' title='bbox 1089 3020 1134 3090; x_wconf 75' lang='grc' dir='ltr'><em>ἂν</em></span> 
     </span>
     <span class='ocr_line' id='line_1_27' title="bbox 177 3122 1131 3212; baseline -0.001 -20"><span class='ocrx_word' id='word_1_208' title='bbox 177 3127 312 3202; x_wconf 86' lang='grc' dir='ltr'><em>ἐκείνως</em></span> <span class='ocrx_word' id='word_1_209' title='bbox 323 3122 462 3210; x_wconf 74' lang='grc' dir='ltr'><em>ἄμεινον</em></span> <span class='ocrx_word' id='word_1_210' title='bbox 477 3130 634 3211; x_wconf 77' lang='grc' dir='ltr'><em>ἔπραξεν,</em></span> <span class='ocrx_word' id='word_1_211' title='bbox 651 3131 681 3193; x_wconf 88' lang='grc' dir='ltr'><em>εί</em></span> <span class='ocrx_word' id='word_1_212' title='bbox 688 3125 771 3211; x_wconf 86' lang='grc' dir='ltr'><em>μήτε</em></span> <span class='ocrx_word' id='word_1_213' title='bbox 784 3133 841 3211; x_wconf 82' lang='grc' dir='ltr'><em>τῆς</em></span> <span class='ocrx_word' id='word_1_214' title='bbox 852 3123 976 3212; x_wconf 85' lang='grc' dir='ltr'><em>μητρός</em></span> <span class='ocrx_word' id='word_1_215' title='bbox 986 3122 1047 3192; x_wconf 85' lang='grc' dir='ltr'><em>τόν</em></span> <span class='ocrx_word' id='word_1_216' title='bbox 1058 3126 1131 3191; x_wconf 86' lang='grc' dir='ltr'><strong><em>ἐπι-</em></strong></span> 
     </span>
     <span class='ocr_line' id='line_1_28' title="bbox 175 3221 1130 3311; baseline -0.001 -22"><span class='ocrx_word' id='word_1_217' title='bbox 175 3222 406 3309; x_wconf 86' lang='grc' dir='ltr'><em>μελησόμενον</em></span> <span class='ocrx_word' id='word_1_218' title='bbox 427 3226 620 3309; x_wconf 86' lang='grc' dir='ltr'><em>κατέστησε,</em></span> <span class='ocrx_word' id='word_1_219' title='bbox 643 3221 719 3310; x_wconf 80' lang='grc' dir='ltr'><strong><em>μήτ’</em></strong></span> <span class='ocrx_word' id='word_1_220' title='bbox 735 3227 817 3310; x_wconf 78' lang='grc' dir='ltr'><em>ἐμοῦ</em></span> <span class='ocrx_word' id='word_1_221' title='bbox 834 3230 997 3311; x_wconf 86' lang='grc' dir='ltr'><em>μηδεμίαν</em></span> <span class='ocrx_word' id='word_1_222' title='bbox 1011 3229 1130 3309; x_wconf 90' lang='grc' dir='ltr'><em>μνείαν</em></span> 
     </span>
     <span class='ocr_line' id='line_1_29' title="bbox 176 3319 1132 3411; baseline -0.002 -21"><span class='ocrx_word' id='word_1_223' title='bbox 176 3323 371 3408; x_wconf 74' lang='grc' dir='ltr'><em>ἐποιήσατο,</em></span> <span class='ocrx_word' id='word_1_224' title='bbox 387 3321 449 3407; x_wconf 80' lang='grc' dir='ltr'><strong><em>τὴν</em></strong></span> <span class='ocrx_word' id='word_1_225' title='bbox 464 3320 496 3389; x_wconf 89' lang='grc' dir='ltr'><em>δ’</em></span> <span class='ocrx_word' id='word_1_226' title='bbox 514 3319 664 3409; x_wconf 77' lang='grc' dir='ltr'><em>ἀδελφὴν</em></span> <span class='ocrx_word' id='word_1_227' title='bbox 680 3324 732 3391; x_wconf 82' lang='grc' dir='ltr'><em>ἐπὶ</em></span> <span class='ocrx_word' id='word_1_228' title='bbox 746 3330 787 3411; x_wconf 77' lang='grc' dir='ltr'><strong><em>τη</em></strong></span> <span class='ocrx_word' id='word_1_229' title='bbox 800 3323 882 3410; x_wconf 88' lang='grc' dir='ltr'><strong><em>τύχη</em></strong></span> <span class='ocrx_word' id='word_1_230' title='bbox 896 3325 1060 3407; x_wconf 80' lang='grc' dir='ltr'><em>κατέλιπε,</em></span> <span class='ocrx_word' id='word_1_231' title='bbox 1077 3324 1132 3389; x_wconf 75' lang='grc' dir='ltr'><em>καὶ</em></span> 
     </span>
     <span class='ocr_line' id='line_1_30' title="bbox 175 3419 1096 3508; baseline -0.002 -19"><span class='ocrx_word' id='word_1_232' title='bbox 175 3426 236 3490; x_wconf 89' lang='grc' dir='ltr'><em>τόν</em></span> <span class='ocrx_word' id='word_1_233' title='bbox 250 3420 344 3490; x_wconf 83' lang='grc' dir='ltr'><em>ολιιον</em></span> <span class='ocrx_word' id='word_1_234' title='bbox 355 3419 537 3508; x_wconf 83' lang='grc' dir='ltr'><em>ἆνύνυμου</em></span> <span class='ocrx_word' id='word_1_235' title='bbox 552 3420 611 3489; x_wconf 87' lang='grc' dir='ltr'><strong><em>τὸν</em></strong></span> <span class='ocrx_word' id='word_1_236' title='bbox 623 3420 729 3489; x_wconf 85' lang='grc' dir='ltr'><strong><em>αὑτοῦ</em></strong></span> <span class='ocrx_word' id='word_1_237' title='bbox 740 3426 884 3506; x_wconf 77' lang='grc' dir='ltr'><em>περιεῖδε</em></span> <span class='ocrx_word' id='word_1_238' title='bbox 895 3422 1096 3508; x_wconf 80' lang='grc' dir='ltr'><em>γενόμενον;</em></span> 
     </span>
    </p>

    <p class='ocr_par' dir='ltr' id='par_1_10' title="bbox 123 3512 1164 3712">
     <span class='ocr_line' id='line_1_31' title="bbox 123 3512 1164 3607; baseline -0.001 -18"><span class='ocrx_word' id='word_1_239' title='bbox 123 3548 160 3599; x_wconf 78' lang='lat'><em>80</em></span> <span class='ocrx_word' id='word_1_240' title='bbox 260 3522 340 3607; x_wconf 75' lang='grc' dir='ltr'><strong><em>(ιζ’.)</em></strong></span> <span class='ocrx_word' id='word_1_241' title='bbox 359 3518 455 3589; x_wconf 80' lang='grc' dir='ltr'><em>Ἀλλὰ</em></span> <span class='ocrx_word' id='word_1_242' title='bbox 472 3518 536 3607; x_wconf 77' lang='grc' dir='ltr'><em>γὰρ</em></span> <span class='ocrx_word' id='word_1_243' title='bbox 554 3530 632 3599; x_wconf 77' lang='grc' dir='ltr'><em>ἴσως</em></span> <span class='ocrx_word' id='word_1_244' title='bbox 647 3517 781 3601; x_wconf 74' lang='grc' dir='ltr'><em>σἰνόξιος</em></span> <span class='ocrx_word' id='word_1_245' title='bbox 793 3512 837 3607; x_wconf 75' lang='grc' dir='ltr'><em>ἦν</em></span> <span class='ocrx_word' id='word_1_246' title='bbox 848 3518 921 3599; x_wconf 89' lang='grc' dir='ltr'><em>υίός</em></span> <span class='ocrx_word' id='word_1_247' title='bbox 935 3526 1164 3607; x_wconf 73' lang='grc' dir='ltr'><em>είσποιηθὴ·(ι</em></span> 
     </span>
     <span class='ocr_line' id='line_1_32' title="bbox 178 3618 1130 3712; baseline -0.001 -25"><span class='ocrx_word' id='word_1_248' title='bbox 178 3645 232 3689; x_wconf 91' lang='grc' dir='ltr'><em>ναι</em></span> <span class='ocrx_word' id='word_1_249' title='bbox 245 3621 449 3711; x_wconf 76' lang='grc' dir='ltr'><em>Θρασυλόχῳ</em></span> <span class='ocrx_word' id='word_1_250' title='bbox 466 3622 520 3687; x_wconf 82' lang='grc' dir='ltr'><em>καλ</em></span> <span class='ocrx_word' id='word_1_251' title='bbox 533 3628 648 3707; x_wconf 82' lang='grc' dir='ltr'><em>λαβεῖν</em></span> <span class='ocrx_word' id='word_1_252' title='bbox 664 3618 769 3689; x_wconf 79' lang='grc' dir='ltr'><strong><em>αὐτοῦ</em></strong></span> <span class='ocrx_word' id='word_1_253' title='bbox 786 3620 847 3707; x_wconf 85' lang='grc' dir='ltr'><strong><em>την</em></strong></span> <span class='ocrx_word' id='word_1_254' title='bbox 863 3619 1023 3712; x_wconf 76' lang='grc' dir='ltr'><em>ἀδελφήν.</em></span> <span class='ocrx_word' id='word_1_255' title='bbox 1047 3619 1130 3690; x_wconf 78' lang='grc' dir='ltr'><em>ιἰλλδ</em></span> 
     </span>
    </p>
   </div>
   <div class='ocr_carea' id='block_1_5' title="bbox 0 0 1434 4334">
    <p class='ocr_par' dir='ltr' id='par_1_11' title="bbox 0 0 1434 4334">
     <span class='ocr_line' id='line_1_33' title="bbox 0 0 1434 4334; baseline 0 2"><span class='ocrx_word' id='word_1_256' title='bbox 0 0 1434 4334; x_wconf 95' lang='lat' dir='ltr'><em> </em></span> 
     </span>
    </p>
   </div>
  </div>
 </body>
</html>
