2859 4334
462 428 836 490 nANHrPPIKoz
1082 432 1123 492 01

168 592 230 676 μὲν
244 591 382 676 στόματα
396 604 468 668 ταῖς
477 596 534 674 τῆς
548 588 684 674 φύσεως
693 586 858 678 ἀνάγκαις
867 588 1049 676 ἀπέδοσαν,
1065 596 1150 677 τῆςε

169 687 199 756 δ’
216 685 337 774 ἀρετῆς
351 685 527 755 ἀθάνατον
539 683 602 773 τήν
618 687 755 774 μνήμην
771 691 941 777 ἐποίησαν.

126 801 156 854 85
249 786 342 867 (κδ’.)
368 783 435 854 Ἀεὶ
453 787 517 872 μὲν
531 778 597 853 υύν
610 789 645 852 οἵ
656 783 696 854 θ’
711 784 866 873 ἡμέτεροι
884 787 1048 876 πρόγονοι
1068 797 1123 856 καί

167 883 430 972 Λακεδαιμόνιοι
439 888 621 970 φιλοτίμως
631 880 889 972 πρόςάλλήλους
897 885 995 972 είχον,
1003 883 1046 954 ού
1054 883 1122 972 μήν

167 980 251 1051 ἀλλά
267 983 346 1066 περὶ
362 987 547 1050 καλλίστων
562 984 600 1049 ἐν
613 983 753 1060 ἐκείνοις
766 995 835 1060 τοῖς
852 982 986 1068 χρόνοις
1006 986 1121 1069 ἐφιλο-

166 1088 322 1168 νίκησαν,
334 1077 548 1166 ούκίχθρούς
556 1076 631 1148 ἀλλ’
640 1077 890 1164 ἀνταγωνιστάς
900 1087 989 1166 σφᾶς
998 1078 1124 1160 αύτούς
1136 1087 1171 1140 58

167 1178 253 1248 εἶναι
273 1184 481 1265 νομίζοντες,
502 1174 577 1245 οὐδ’
597 1180 649 1246 ἐπὶ
667 1182 803 1262 δουλείᾳ
817 1185 857 1267 τή
873 1176 1121 1265 τῶνἙλλήνων

165 1275 226 1345 τόν
242 1278 421 1364 βάρβαρον
434 1273 784 1362 θεραπεύοντεςάλλά
802 1280 878 1361 περὶ
893 1276 955 1362 μλν
973 1283 1030 1363 τῆς
1047 1304 1120 1346 κοι-

166 1383 227 1463 νῆς
237 1382 404 1460 σωτηρίας
415 1372 654 1461 ὁμονοοῦντες,
670 1373 825 1458 ὁπότεροι
837 1375 874 1441 δὲ
886 1374 1008 1462 ταύτης
1022 1384 1122 1446 αίτιοι

166 1477 384 1565 γενήσονται,
410 1478 487 1562 περὶ
510 1476 634 1545 τούτου
658 1475 855 1562 ποιούμενοι
879 1473 941 1562 τήν
966 1474 1119 1562 ἅμιλλαν.

167 1572 610 1656 ἐπεδείξαντοδλτάςαύτάν
619 1571 786 1657 εὐψυχίας
796 1578 931 1660 πρῶτον
937 1568 1126 1658 μὶνίντοϊς

124 1690 154 1745 06
166 1674 232 1743 ὑπὸ
245 1678 399 1759 Δαρείου
413 1682 627 1759 πεμφθεῖσιν.
652 1670 854 1758 ἀποβάντων
868 1670 933 1756 μάρ
948 1669 1061 1740 αὐτῶν
1078 1679 1124 1754 είς

167 1771 228 1860 τήν
238 1769 392 1858 Ἀττικήν
407 1774 442 1839 οί
453 1773 516 1856 μὲν
530 1767 573 1838 ού
588 1772 802 1857 περιέμειναν
819 1768 900 1848 τούς
916 1769 1120 1857 συμμάχους,

167 1870 250 1940 ἀλλά
263 1868 326 1937 τόν
336 1867 455 1937 κοινόν
464 1868 614 1954 πόλεμον
624 1872 713 1937 ίδιον
723 1867 943 1954 ποιησάμενοι
952 1865 1036 1954 πρός
1043 1867 1123 1949 τούς
1134 1879 1151 1933 b

166 1969 300 2055 ἀπάσης
315 1974 373 2054 τῆς
381 1966 538 2046 Ἑλλάδος
552 1964 871 2053 καταφρονήσαντας
887 1965 1046 2054 ἀπήντων
1061 1966 1124 2055 τήν

165 2076 295 2139 οίκείαν
302 2070 451 2154 δύναμιν
456 2074 595 2154 ἔχοντες,
607 2063 714 2152 όλίηοι
722 2064 807 2151 πρός
815 2065 940 2146 πολλάς
946 2070 1122 2156 μυριάδας,

166 2168 280 2254 ὥσπερ
295 2171 333 2234 ἐν
347 2164 535 2249 ἀλλοτρίαις
550 2179 671 2251 mats
687 2167 862 2251 μέλλοντες
876 2169 1122 2254 κινδυνεύσειν,

165 2272 199 2335 οί
215 2263 248 2333 δ’
266 2263 330 2332 ούκ
350 2269 508 2349 ἔφθασαν
526 2262 718 2350 πυθόμενοι
734 2261 794 2330 τόν
809 2266 885 2348 περὶ
898 2264 960 2353 τήν
971 2263 1123 2353 Ἀττικήν

165 2363 316 2449 πόλεμον
336 2364 391 2429 καὶ
413 2360 551 2431 πάντων
570 2368 640 2429 τόν
661 2358 774 2429 ἀλλων
795 2359 1018 2451 ἀμελήσαντες
1037 2356 1123 2451 ἧκον

165 2462 246 2549 ἡμῖν
277 2458 502 2545 ἀμυνοῦντες,
524 2461 693 2548 τοσαύτην
712 2461 932 2549 ποιησάμενοι
959 2462 1123 2550 σπουδήν,

164 2559 250 2645 ὅσην
264 2581 330 2640 περ
345 2551 388 2623 ἀν
402 2563 461 2642 τῆς
471 2556 585 2625 αὑτόν
594 2559 704 2644 χώρας
713 2562 961 2646 πορθουμένης.
985 2575 1150 2646 σημείουε

117 2671 150 2728 87
165 2663 203 2725 δὲ
218 2662 282 2724 τοῦ
298 2655 420 2740 τάχους
435 2657 563 2742 καὶτῆς
577 2655 732 2743 ἁμίλλης·
751 2656 828 2736 τούς
847 2661 909 2744 μὲν
923 2657 989 2744 γάρ
1005 2657 1123 2746 ἡμετέ-

164 2782 248 2842 ρους
263 2753 454 2840 προγόνους
471 2758 552 2840 φασὶ
571 2764 627 2842 τῆς
642 2755 745 2843 αὐτῆς
761 2755 884 2844 ἡμέρας
899 2762 1072 2827 πυθέσθαι
1087 2785 1123 2828 τε

163 2857 226 2942 τήν
248 2851 418 2939 ἀπόβασιν
442 2861 510 2921 τόν
533 2855 715 2942 βαρβάρων
735 2859 790 2924 καὶ
814 2857 1048 2944 βοηθήσαντας
1070 2860 1122 2927 ἐπὶ

162 2952 245 3032 τούς
260 2951 364 3038 ὅρους
375 2959 433 3038 τῆς
441 2951 550 3038 χώρας
560 2953 648 3041 μάχη
659 2953 860 3039 νικήσαντας
870 2954 1032 3037 τρόπαιον
1042 2964 1121 3042 στή-

162 3072 220 3120 σαι
237 3058 308 3119 τῶν
325 3057 504 3138 πολεμίων,
525 3047 606 3129 τούς
619 3047 651 3116 δ’
669 3054 706 3119 ἐν
719 3053 828 3134 τρισὶν
842 3049 979 3139 ἡμέραις
994 3055 1048 3120 καὶ
1065 3079 1121 3120 το-

161 3151 307 3228 σαύταις
319 3152 394 3228 νυξὶ
405 3147 559 3217 διακόσια
569 3151 624 3218 καὶ
634 3156 722 3233 χίλια
733 3147 852 3216 στάδια
863 3153 1010 3217 διελθεῖν
1021 3169 1123 3235 στρα-

159 3253 295 3340 τοπέδω
317 3252 579 3334 πορευομένους·
610 3247 699 3316 οὕτω
720 3245 844 3334 σφόδρ’
866 3245 1074 3334 ἠπείχθησαν
1091 3253 1126 3317 ot
1135 3255 1151 3310 d

160 3350 227 3436 μὲν
246 3362 422 3434 μετασχεῖν
442 3356 510 3414 τῶν
532 3347 721 3430 κινδύνων,
745 3351 781 3413 οἱ
792 3349 827 3414 δὲ
841 3353 974 3432 φθῆναι
991 3353 1122 3432 συμβα-

110 3457 147 3511 88
161 3447 283 3524 λόντες
297 3447 378 3531 πρὶν
391 3448 506 3515 ε’λθείν
519 3445 599 3525 τούς
610 3444 850 3532 βοηθήσοντας.
874 3444 959 3526 (κε’.)
977 3442 1074 3512 Μετά
1085 3445 1121 3514 δὲ

158 3553 270 3614 ταῦτα
292 3548 477 3631 γενομένης
501 3551 560 3631 τῆς
583 3542 726 3630 ὕστερον
746 3551 931 3630 στρατείας,
947 3541 999 3640 Ιἣν
1021 3542 1121 3624 αὐτος

158 3646 287 3731 Ξέρξης
301 3640 438 3730 ἤγαγεν,
456 3642 601 3713 ἐκλιπόν
615 3645 678 3730 μὲν
690 3642 732 3712 τά
747 3651 915 3730 βασίλεια,
937 3644 1118 3732 στρατηγὸς
