2859 4334
294 428 357 491 ιιι
574 432 976 510 ιεοιινιινουερε)

293 598 469 673 παροῦσαν
486 598 656 661 πολιτείαν
679 591 935 677 διαφυλάττειν,
962 600 1146 677 τηνικαῦτα
1172 588 1250 670 τούς

246 700 280 755 26
295 688 418 774 όρκους
430 690 685 778 παραβήσεσθε·
702 692 756 759 καλ
771 704 839 768 τοῖς
853 693 914 776 μὲν
927 692 1114 777 εἰρηκόσιν,
1131 688 1176 769 ῶς
1189 687 1248 776 χρὴ

292 788 350 868 τάς
364 793 538 877 συνθήκας
553 794 753 876 ἐξαλείφειν,
771 786 966 876 ὠργίζεσθε,
989 794 1123 858 τουτουὶ
1138 789 1168 856 δ’
1183 843 1191 867 ,
1215 787 1275 869 δςο

295 893 522 977 γεγραμμένας
532 888 635 969 αύτάς
645 898 751 979 τολμᾷ
763 898 994 976 παραβαίνειν,
1007 888 1148 977 ἀζήμιον
1159 888 1250 975 ἀφή-

293 1010 375 1058 σετε.
404 987 478 1059 ἀλλ’
493 987 564 1057 οὔτ’
582 984 626 1056 άν
641 995 751 1057 δίκαια
764 985 835 1055 οὔτ’
848 987 911 1068 ἄξι’
938 986 1034 1074 ὑμῶν
1047 986 1162 1056 αὐτῶν
1177 984 1248 1054 οὔτ’

294 1085 338 1157 άν
349 1094 518 1177 πρέποντα
530 1102 599 1168 τοῖς
614 1090 780 1174 πρότερον
792 1090 1013 1174 ἐγνωσμένοις
1024 1087 1208 1172 ποιήσαιτε.

245 1199 278 1257 θλ
380 1190 464 1277 (ιβ’.)
473 1187 721 1275 Ἐνθυμεῑσθεδ
731 1199 745 1272 ’,
757 1186 807 1254 ὅτι
814 1190 889 1273 περὶ
901 1195 968 1254 τῶν
978 1192 1143 1272 μεγίστων
1155 1184 1250 1271 ἥκετε

294 1290 500 1368 δικάσοντες·
535 1292 609 1372 περὶ
630 1286 695 1374 γάρ
718 1292 902 1371 συνθηκῶν
916 1283 978 1370 τήν
999 1294 1115 1371 φήφου
1132 1296 1248 1360 οἴσετε,

293 1387 332 1468 άς
346 1389 425 1457 οὐδὲ
441 1386 569 1457 πώποτ’
591 1385 671 1456 οὔθ’
692 1384 774 1472 ὑμῖν
794 1382 877 1468 πρός
897 1386 1030 1468 ἑτέρους
1046 1381 1119 1451 οὔτ’
1138 1382 1250 1460 ἄλλοις

293 1486 376 1572 πρὸς
385 1486 471 1574 ὑμᾶς
479 1490 688 1573 ἐλυσιτέλησε
700 1492 902 1573 παραβῆναι,
913 1484 1080 1569 τοσαύτην
1092 1481 1123 1550 δ’
1139 1489 1249 1568 ἔχουσι

293 1588 456 1673 δύναμιν,
476 1585 559 1654 ῶστε
574 1584 612 1653 τά
635 1595 771 1653 πλεῖστα
786 1591 846 1650 τοῦ
864 1590 941 1670 βίου
962 1586 1018 1651 καλ
1031 1597 1100 1659 τοῖς
1113 1582 1274 1667 Ἕλλησιδ

244 1700 278 1755 28
292 1689 347 1754 καὶ
362 1700 430 1765 τοις
444 1686 628 1774 βαρβάροις
643 1683 697 1751 διά
713 1690 898 1769 συνθηκῶν
912 1680 1006 1750 εἶναι.
1034 1682 1172 1761 ταύταις
1186 1682 1248 1768 γάρ
1353 1629 1355 1720 ’

293 1783 505 1862 πιστεύοντες
527 1782 570 1861 ῶς
592 1783 757 1869 ἀλλήλους
777 1778 1015 1867 ἀφικνούμεθα
1036 1782 1090 1848 καὶ
1116 1778 1249 1860 ποριζό-

285 1893 392 1969 μεθα,
408 1873 456 1949 ῶν
468 1882 598 1948 ἕκαστοι
612 1880 821 1967 τυγχάνομεν
833 1880 1002 1963 δεόμενοι·
1025 1877 1107 1964 μετά
1121 1878 1251 1946 τούτων

293 1983 347 2049 καὶ
368 1977 407 2046 τά
431 1979 618 2066 συμβόλαια
640 1977 679 2045 τά
701 1976 784 2063 πρός
806 1975 890 2063 ἡμᾶς
914 1974 1037 2053 αύτούς
1059 1978 1248 2063 ποιούμεθα

293 2083 346 2148 καλ
368 2082 426 2158 τὰς
441 2083 525 2157 ίδίας
542 2086 663 2164 ἔχθρας
678 2081 731 2145 καὶ
745 2077 824 2155 τούς
839 2075 976 2154 κοινούς
993 2078 1161 2161 πολέμους
1177 2080 1251 2143 δια-

293 2178 462 2264 λυόμεθα·
482 2178 589 2267 τούτφ
611 2176 704 2265 μόνῳ
726 2180 830 2263 κοινῷ
845 2172 967 2251 πάντες
981 2172 1161 2255 ἅνθρωποι
1179 2177 1251 2241 δια-

292 2283 453 2363 τελοῦμεν
471 2276 645 2361 χρώμενοι.
677 2272 764 2342 ῶσθ’
784 2271 888 2339 άπασι
909 2272 972 2357 μὲν
994 2273 1155 2359 προσήκει
1169 2281 1253 2359 βοη-

245 2392 279 2448 29
294 2386 372 2443 θεῖν
383 2371 513 2457 αὐταῖς,
538 2374 678 2459 μάλιστα
702 2370 734 2439 δ’
751 2370 840 2457 ὑμῖν.
878 2370 963 2456 (ιγ’.)
984 2369 1166 2457 ’Ῥπόγυιου
1185 2373 1279 2458 γάρι

294 2476 393 2556 ἐστιν,
409 2474 442 2551 ἐξ
453 2464 496 2538 οὗ
507 2472 847 2556 καταπολεμηθέντες,
863 2473 915 2536 ἐπὶ
927 2483 996 2547 τοῖς
1006 2472 1140 2555 ἐχθροῖς
1151 2472 1252 2555 γευό-

293 2598 398 2659 μενοι,
414 2578 548 2638 πολλῶν
563 2570 846 2656 ἐπιθυμησάντων
856 2572 1051 2654 διαφθεῖραι
1065 2567 1127 2655 τήν
1138 2569 1253 2656 πόλιν,

294 2677 340 2748 είς
366 2668 489 2754 ὅρκους
513 2672 567 2737 καὶ
583 2670 758 2756 συνθήκας
774 2668 1024 2754 κατεφύγομεν,
1042 2666 1082 2746 ἃς
1097 2674 1128 2736 εί
1147 2678 1254 2737 Λακε-

294 2768 460 2851 δαιμόνιοι
483 2774 631 2857 τολμῷευ
654 2773 892 2853 παραβαίνειν,
913 2764 1038 2852 σφόδρ’
1055 2763 1098 2833 άν
1113 2770 1254 2848 ἕκαστος

245 2885 281 2937 3ο
296 2866 392 2951 ὑμῶν
406 2862 674 2952 ἀγανακτήσειεν.
698 2874 804 2934 καίτοι
819 2873 888 2943 πῶς
899 2863 975 2934 οἷόν
984 2864 1012 2933 τ’
1028 2870 1116 2935 ε’στλυ
1129 2871 1255 2953 ἑτέρων
1269 2885 1315 2941 377

293 2977 504 3050 κατηγορεῖν.
523 2960 572 3043 οἷς
584 2963 685 3043 αύτός
699 2992 748 3043 τις
763 2964 877 3049 ἔνοχός
890 2967 998 3055 ἐστινς
1020 2971 1065 3053 τῶ
1081 2964 1113 3031 δ’
1131 2962 1176 3031 άν
1192 2968 1255 3032 δό-

294 3072 409 3150 ξαιμευ
423 3061 612 3131 ἀδικεῖσθαι
624 3062 712 3148 παρά
726 3062 784 3142 τάς
796 3063 970 3148 συνθήκας
982 3088 1091 3141 κακιες
1101 3064 1246 3151 πάσχον-

293 3188 355 3246 τες,
372 3167 402 3229 εί
414 3160 494 3247 μηδ’
510 3160 603 3231 αὐτοὶ
615 3161 811 3250 φαινοίμεθ’
828 3160 931 3240 αύτάς
944 3165 1019 3248 περὶ
1034 3170 1162 3231 πολλοῦ
1174 3190 1253 3231 ποι-

294 3260 551 3345 ούμευοιςτίυας
560 3261 596 3328 δὲ
606 3260 822 3344 πίστειςπρός
830 3257 909 3339 τούς
918 3258 1040 3339 ἄλλους
1050 3260 1251 3350 εὑρήσομεν,

293 3364 323 3427 εί
335 3355 394 3436 τάς
407 3355 492 3439 πρός
503 3356 590 3445 ἡμᾶς
607 3359 730 3439 αύτούς
746 3361 969 3447 γεγενημένας
984 3359 1090 3441 οὕτως
1105 3368 1179 3452 είκῇ
1190 3364 1252 3430 λύ-

244 3475 276 3527 31
295 3479 414 3543 οομεν;
429 3454 523 3536 άξιου
541 3458 577 3524 δὲ
595 3462 650 3525 καὶ
664 3463 770 3526 τῶνδε
784 3466 995 3545 μνησθῆναι,
1013 3460 1099 3527 διότι
1115 3468 1252 3529 πολλῶν

294 3560 346 3623 καὶ
367 3562 480 3623 καλῶν
497 3570 564 3634 τοῖς
581 3560 761 3643 προγόνοις
784 3562 821 3626 ἐν
842 3566 887 3648 τῷ
910 3563 1043 3648 πολέμῳ
1059 3557 1254 3647 πεπραγμέ-

294 3678 363 3719 νοιυ
379 3648 440 3735 ούχ
450 3650 570 3736 ἥκισθ’
585 3653 602 3739 ή
616 3657 710 3734 πόλις
724 3660 760 3724 ἐκ
770 3659 900 3724 τούτων
911 3664 979 3724 τῶν
992 3661 1182 3741 διαλλαγῶν
1196 3659 1280 3727 sim
