2859 4334
505 345 798 404 ΕΠΙΣΤΟΛΑΙ.
1071 345 1133 407 263

184 502 456 590 εὐδοκιμούντων
470 501 660 588 γεγονότας,
675 501 720 582 ῶς
730 503 810 584 τούς
824 507 861 574 ἐκ
874 514 942 573 τῶν
959 510 1133 578 δυσκόλων

184 606 239 670 καὶ
261 611 430 688 χαλεπῶν.
459 601 502 688 ἦν
524 628 587 688 περ
605 609 792 688 φαίνωνται
814 605 920 690 μηδὲν
940 603 1048 691 ὅμοιοι
1063 620 1132 684 τοῖς

184 709 344 787 γονεῦσιν
358 698 459 779 ὄντες.
483 709 612 786 μᾶλλον
628 698 694 787 γὰρ
719 704 770 768 ἐπὶ
785 702 922 770 πάντων
938 706 1132 790 κεχαρισμί-

182 825 246 868 νον
259 797 372 878 αὐτοῖς
396 801 462 869 ἐστὶ
485 797 521 867 τό
543 797 632 881 παρά
655 801 760 886 λόγον
787 810 974 889 συμβαῖνον
997 801 1131 889 ύγαθόν

183 904 251 968 τῶν
268 898 401 980 είκότως
416 900 471 969 καὶ
485 899 724 987 προσηκόντως
738 902 956 989 γιγνομένων.

147 1016 170 1068 3
270 1000 344 1086 (δ’.)
361 993 422 1067 'sav
442 1002 701 1087 ἐνθυμούμενον
724 999 784 1088 χρη
801 1009 907 1087 ζητεῖν
922 1005 976 1071 καὶ
992 1010 1130 1090 φιλοσο-

185 1115 280 1186 φεῖν,
305 1101 338 1179 ἐξ
358 1096 441 1167 ὅτου
460 1097 588 1185 τρόπου
611 1102 663 1167 καί
683 1098 764 1185 μετά
780 1109 882 1169 τίνων
899 1106 953 1171 καὶ
967 1111 1031 1171 τίσι
1046 1122 1132 1187 συμ·

184 1198 322 1284 βούλοις
336 1196 506 1283 χρῶμενος
517 1197 575 1276 τάς
589 1225 624 1266 τε
634 1205 692 1286 τῆς
703 1199 831 1279 πόλεως
842 1199 976 1287 ἀτυχίας
987 1205 1132 1285 ἐπανορ·

181 1296 309 1374 θύσεις
322 1296 377 1363 καὶ
391 1294 470 1374 τούς
484 1302 619 1375 πολίτας
635 1299 691 1364 ἐπί
701 1325 735 1365 τε
751 1296 810 1376 τάς
833 1301 988 1386 ἐργασίας
1002 1304 1057 1370 καλ
1070 1298 1132 1385 τήν

182 1395 412 1481 σωφροσύνην
435 1399 633 1482 προτρέρεις
659 1401 723 1465 καίΙ
739 1398 886 1484 ποιήσεις
901 1395 1024 1478 αύτούς
1037 1396 1135 1484 ἥδιον
1149 1409 1198 1462 m

180 1501 242 1581 ζῆν
263 1496 318 1561 καὶ
334 1495 611 1577 θαρραλεώτερον
632 1491 653 1582 ἢ
675 1493 736 1563 τόν
756 1497 970 1582 παρελθόντα
996 1498 1131 1584 χρόνον·

180 1599 285 1661 ταῦτα
301 1592 367 1678 γάρ
383 1594 473 1661 ἐστιν
494 1599 573 1680 ἔργα
596 1600 663 1660 τῶν
679 1592 793 1678 ὀρθῶς
816 1599 870 1664 καὶ
885 1605 1056 1684 φρονίμως
1071 1622 1130 1662 τυ-

147 1691 431 1775 ςραννενόντων.
456 1683 505 1759 ῶν
516 1698 600 1761 ἔνιοι
610 1694 926 1780 καταφρονήσαντες
937 1693 1038 1764 οὐδὲν
1048 1693 1130 1763 ἄλλο

181 1787 452 1876 σκοπούσι,πλην
463 1788 553 1868 ὅπως
563 1788 663 1860 αύτοί
669 1789 707 1859 θ’
721 1789 765 1870 ῶς
775 1790 856 1877 μετά
869 1801 1021 1880 πλείστης
1032 1789 1130 1859 άσελ-

183 1896 275 1974 γείας
288 1887 349 1957 τόν
365 1897 441 1976 βίον
455 1891 623 1976 διάξουσι,
638 1897 707 1958 τῶν
720 1917 755 1958 τε
769 1899 915 1960 πολιτῶν
930 1888 1008 1971 τούς
1021 1898 1130 1980 βελτί-

183 2010 284 2067 στους
299 1989 354 2056 καὶ
369 1991 638 2068 πλουσιωτάτους
647 1985 715 2076 [καὶ
726 1987 1009 2076 φρονιμωτάτους]
1022 1999 1130 2076 λυμα-

182 2093 323 2154 νοῦνται
347 2089 401 2154 καί
428 2089 735 2175 δασμολογήσουσι,
771 2095 880 2168 κακῶς
912 2089 1049 2172 εἰδότες,
1079 2087 1130 2155 ὅτι

182 2184 345 2270 προσήκει
363 2182 441 2263 τούς
456 2179 494 2254 εὐ
509 2193 722 2271 φρονοῦντας
742 2189 796 2254 καὶ
816 2185 878 2278 την
892 2186 991 2274 τιμὴν
1005 2186 1130 2272 ταύτην

183 2291 319 2369 ἔχοντας
346 2286 389 2370 μη
415 2298 483 2363 τοῖς
508 2293 576 2352 τῶν
596 2283 708 2353 ἄλλων
733 2299 846 2362 κακοῖς
872 2281 984 2364 αὐτοῖς
1005 2281 1161 2371 ἡδονάςῖ)

181 2382 454 2469 παρασκευάζειν,
468 2379 551 2451 ἄλλά
563 2397 632 2461 ταῖς
643 2381 756 2464 αὑτῶν
767 2385 964 2470 ἐπιμελείαις
974 2381 1054 2462 τούς
1066 2409 1130 2450 πο-

150 2488 274 2559 ὀλίτας
290 2479 604 2566 εὐδαιμονεστέρους
619 2497 747 2569 ποιεῖν,
762 2483 844 2568 μηδὲ
859 2491 984 2563 πικρῶς
999 2488 1060 2568 μὲν
1075 2485 1128 2550 καὶ

182 2586 333 2665 χαλεπῶς
358 2583 545 2647 διακεῖσθαι
570 2577 654 2663 πρὸς
668 2579 832 2662 ἅπαντας,
858 2579 992 2667 ἀμελεῖν
1016 2583 1052 2648 δὲ
1073 2587 1130 2666 τῆς

183 2676 298 2747 αὐτῶν
312 2688 485 2765 σωτηρίας,
506 2676 587 2769 ἀλλ’.
603 2677 692 2746 οὕτω
712 2683 773 2766 μὲν
792 2679 906 2765 πράως
916 2681 970 2747 καὶ
986 2686 1130 2767 νομίμως

183 2781 367 2846 ἐπιστατεῖν
379 2784 446 2844 τῶν
463 2779 667 2864 πραγμάτων
682 2776 766 2845 ῶστε
781 2781 906 2864 μηδένα
929 2786 1055 2864 τολμῶν
1066 2775 1126 2843 αύ-

182 2889 252 2952 τοῖς
266 2874 512 2962 ἐπιβουλεύειν,
538 2873 619 2961 μετά
642 2873 856 2962 τοσαύτης’δ’
879 2872 1047 2962 ἀκριβείας
1068 2872 1129 2960 την

180 2979 243 3040 τοῦ
257 2972 407 3058 σῶματος
417 2984 585 3041 ποιεῖσθαι
598 2970 754 3058 φυλακὴν
774 2971 817 3051 ῶς
834 2971 992 3040 ἁπάντων
1006 2970 1156 3050 αὐτούςΰ

182 3069 318 3139 άνελεῖν
330 3075 556 3158 βουλομένων.
579 3071 704 3158 ταύτην
720 3070 784 3157 γάρ
799 3070 861 3159 τὴν
872 3075 1026 3140 διάνοιαν
1038 3079 1128 3159 ἐχου-

183 3196 236 3249 τες
251 3167 348 3236 αύτοί
361 3165 385 3235 τ’
403 3165 446 3237 άν
462 3176 523 3250 ἔξω
538 3179 606 3238 τῶν
620 3173 789 3240 κινδύνων
806 3170 871 3240 εἶεν
889 3169 942 3241 ιιαίΙ
957 3170 1046 3258 παρά
1062 3186 1130 3250 τοῖς

183 3269 297 3348 ἄλλοις
312 3267 537 3356 εὐδοκιμοῖεν·
561 3263 610 3338 ῶν
621 3268 733 3355 άγαθὰ
749 3277 846 3357 μειῖω
857 3269 1002 3357 χαλεπόν
1018 3266 1128 3356 εὑρεῖν

150 3372 282 3438 ὁέστίν.
305 3370 524 3455 ἐνεθυμήθην
544 3369 580 3438 δέ
600 3367 721 3456 μεταξύ
743 3371 901 3457 γράφων,
927 3367 970 3449 ῶς
987 3365 1130 3457 εὐτυχῶς

184 3467 317 3535 ἅπαντά
339 3489 392 3535 σοι
411 3472 629 3558 συμβέβηκεν.
653 3467 714 3556 τὴν
734 3470 797 3555 μὲν
817 3467 881 3556 γάρ
897 3468 1072 3553 εὐπορίαν,
1087 3467 1130 3557 ἣν

183 3566 367 3648 ἀναγκαῖον
382 3561 423 3656 ἦν
440 3570 626 3652 κτήσασθαι
655 3563 737 3651 μετά
751 3571 830 3650 βίας
843 3569 900 3634 καὶ
917 3569 1126 3653 τυραννικῶς
