2859 4334
510 376 626 432 INDEX
643 376 826 435 NOMINUM.

198 537 336 593 Peaeum
351 535 459 591 bellum
472 538 533 590 erat
546 535 641 591 claris·

164 607 262 661 simum
282 607 406 662 omnium
433 608 479 676 IV,
498 613 541 662 68.
573 607 641 661 Eius

164 678 231 733 belli
249 679 321 733 ratio
340 681 370 735 91
386 680 506 748 tempus.
531 679 578 746 Vl,
597 685 640 733 42.

165 751 223 816 Vll,
243 757 284 805 76.
304 750 379 816 VIII,
393 757 436 805 37.
455 753 498 804 88.
518 756 560 804 30.
580 749 640 817 XII,

164 826 205 875 48.
223 819 296 887 XIV,
314 827 357 876 61.
376 820 435 886 XV,
455 826 516 874 233.

199 893 338 946 Persidas.
357 891 523 945 Heraclidae
538 889 593 944 soli
606 905 641 944 ex

163 962 197 1016 iis
217 962 309 1016 relicti
328 963 375 1030 VI,
396 970 436 1017 18.

198 1035 290 1089 Persis
313 1032 331 1087 i.
351 1050 375 1088 9.
403 1032 515 1086 Ρ919199
536 1032 641 1086 femina

164 1105 266 1172 Cyrum
291 1120 309 1158 9
333 1105 422 1158 matre
446 1103 476 1156 in
498 1102 574 1156 viam
592 1103 640 1157 ab·

163 1174 267 1230 iactum
287 1174 410 1228 sustulit.
430 1173 463 1241 V,
483 1181 525 1230 66.

201 1247 417 1312 Pharnabazus,
471 1243 641 1299 clarissimus

165 1317 309 1370 Persarum
328 1317 392 1369 dux.
410 1315 457 1383 IV,
478 1323 537 1370 140.

201 1389 332 1442 Phaselis.
361 1386 429 1441 Post
452 1385 558 1440 bellum
577 1385 640 1441 Per·

163 1459 250 1513 sicum
262 1458 362 1512 Persae
376 1456 451 1511 intra
462 1457 640 1512 Phaselidem

163 1529 255 1599 longis
282 1529 400 1582 navibus
423 1528 557 1598 navigare
584 1545 641 1582 non

163 1600 311 1655 audebant
344 1599 391 1668 lV,
418 1606 478 1655 118.
511 1599 571 1668 VII,
597 1606 639 1655 80.

164 1672 224 1739 Xll,
243 1677 285 1725 69.

198 1744 339 1798 Pheraeos
349 1740 392 1795 vir
400 1741 480 1810 Pyro.
498 1740 585 1809 XVII,
595 1747 640 1798 20.

200 1814 331 1877 Phidias,
357 1811 405 1880 qui
424 1811 566 1866 Minervae
585 1813 640 1866 sta·

165 1890 241 1940 tuam
259 1883 335 1938 fecit.
359 1883 418 1949 XV,
437 1889 462 1936 2.

199 1956 358 2023 Philippus,
379 1952 518 2021 Amyntae
535 1953 565 2020 1.,
583 1953 640 2007 Ma·

164 2023 298 2082 cedoniae
316 2041 371 2078 rex.
404 2027 494 2093 Argos
513 2022 573 2077 eius
591 2041 640 2092 pa·

163 2097 226 2152 tria.
245 2095 279 2163 V,
294 2101 337 2150 32.
365 2093 417 2147 Est
430 2093 505 2148 enim
523 2094 559 2151 ah
573 2094 640 2148 Her·

164 2168 225 2222 cule
245 2169 330 2220 ortus.
350 2164 384 2233 V,
400 2171 440 2220 76.
470 2165 541 2219 Η199
558 2164 640 2220 Grae·

164 2258 212 2295 cus
222 2240 346 2292 vocatur.
360 2235 394 2304 V,
407 2240 464 2291 138.
484 2236 551 2290 Eius
561 2238 642 2306 pater

166 2305 457 2434 primariisVGppJessoiap
478 2306 641 2433 civiltptibus

164 2397 277 2435 amicus.
324 2422 331 2446 ,
402 2423 408 2435 .
474 2397 504 2432 se
568 2394 641 2433 essa·

165 2453 207 2506 los
221 2451 275 2505 sibi
291 2398 472 2504 conciliavitp
481 2450 513 2515 V,
527 2455 570 2505 20.
590 2449 639 2520 Ep.

166 2523 198 2588 ll,
217 2529 259 2578 20.
288 2521 442 2590 Magnetes,
461 2521 641 2586 Perrhaebos,

165 2593 287 2647 Paeones
320 2590 437 2657 devicit,
475 2591 641 2660 lllyriorum,

164 2663 290 2734 exceptis
313 2663 362 2729 iis,
387 2663 435 2730 qui
461 2663 575 2716 Adriam
597 2678 641 2716 ac·

165 2735 269 2802 colunt,
288 2736 317 2788 et
334 2732 422 2788 totius
436 2733 572 2788 Thtaciae
593 2733 641 2788 do·

165 2806 255 2859 minus
274 2806 318 2859 est
334 2805 433 2859 lactus.
453 2804 486 2872 V,
502 2813 544 2859 21.
571 2804 641 2859 Hinc

165 2881 290 2946 tempore
298 2875 432 2930 orationis
441 2876 506 2946 (V),
517 2875 641 2945 Philippi

164 2948 275 3002 nomine
295 2947 460 3016 inscriptae,
480 2947 641 3018 potentissi-

165 3037 225 3073 mus
250 3020 311 3073 erat
333 3018 361 3071 in
385 3017 498 3089 Europa
525 3018 557 3084 V,
583 3026 640 3074 137.

164 3092 193 3145 91
211 3089 327 3143 divitias
342 3092 371 3142 et
385 3105 452 3160 opes
466 3091 559 3144 tantas
579 3106 641 3158 pos·

164 3161 283 3229 9109191,
309 3161 428 3228 quantas
451 3177 532 3215 nemo
556 3159 640 3215 Grae·

164 3249 266 3286 corum.
297 3231 329 3298 V,
357 3238 397 3285 16.
430 3231 522 3285 Habet
551 3234 639 3286 blace-

163 3304 267 3358 donum
281 3301 513 3371 prudentissimos
524 3319 576 3356 nec
590 3302 640 3355 mi·

163 3391 215 3428 nus
243 3373 347 3427 multos
374 3371 495 3428 Graecos
524 3373 639 3427 minime

162 3443 265 3500 stultos
293 3459 387 3499 secum
412 3444 446 3511 V,
471 3451 511 3499 19.
541 3444 570 3499 91
597 3446 640 3499 991

162 3531 219 3568 non
237 3516 328 3570 solum
344 3512 414 3569 belli
432 3514 476 3583 (V,
492 3520 570 3583 139.),
590 3515 639 3569 sod

161 3586 249 3640 etiam
262 3585 459 3656 philosophiae
475 3585 590 3669 peritus.
605 3585 640 3657 V,

161 3663 203 3711 28.
231 3655 439 3712 Obtrectatores
455 3656 561 3724 dicunt,
576 3675 640 3711 eum

161 3727 329 3782 Graecorum
358 3727 483 3782 libertati
511 3728 640 3782 insidiari

1106 379 1171 444 315

694 537 728 604 V,
742 543 783 593 13.
799 545 841 592 14.
870 537 939 592 Cum
953 535 1172 592 Atheniensibus

693 607 800 662 bellum
815 608 849 663 de
863 607 1028 679 Amphipoli
1041 607 1130 678 gessit
1144 616 1173 662 91

694 695 793 748 pacem
817 679 893 734 fecit.
923 679 956 748 V,
983 686 1007 734 7.
1035 679 1110 746 Vlll,
1128 685 1171 733 22.

693 749 763 804 Post
793 767 918 819 pugnarn
951 749 1172 805 Chaeronensem

695 819 903 890 expeditionem
922 820 951 875 in
969 821 1067 876 Persas
1093 837 1171 890 para·

693 891 750 946 bat.
761 891 813 961 Ep.
828 893 876 958 Ill,
887 899 911 946 2.
925 898 949 947 3.
969 892 1106 948 Isocrates
1116 908 1170 945 non

694 962 784 1016 solum
808 963 964 1017 orationem
986 961 1112 1032 quintam
1135 962 1172 1015 ad

694 1050 758 1087 eum
776 1032 855 1087 misit
873 1051 896 1087 a.
913 1032 962 1087 Ch.
977 1051 1003 1087 n.
1019 1041 1079 1089 346.
1098 1033 1131 1099 V,
1148 1040 1171 1087 1.

694 1104 772 1158 cuius
783 1109 976 1173 argumentum
987 1107 1015 1158 91
1025 1104 1171 1160 consilium

694 1173 728 1240 V,
746 1184 769 1228 9.
792 1182 831 1230 16.
853 1175 1008 1244 exponitur,
1022 1175 1072 1230 sed
1086 1175 1171 1230 etiam

695 1245 845 1315 epistulam
868 1247 1019 1300 secundam
1044 1248 1080 1317 (9.
1099 1249 1171 1315 ale.)

694 1318 724 1369 91
741 1317 854 1370 tertiam
873 1318 909 1384 (9.
927 1323 999 1386 338).

732 1387 891 1457 Philippus,
909 1388 1104 1454 Atheniensis,
1122 1387 1168 1441 ho·

693 1474 758 1582 ppps
769 1458 848 1583 {Vh
866 1458 914 1584 94931
933 1461 1001 1513 9191.
1017 1459 1103 1514 XVII.
1122 1458 1171 1511 ha-

713 1544 750 1582 9.
849 1570 856 1587 ,
912 1572 918 1582 .

730 1601 811 1656 Philo
835 1599 991 1668 Coelensis,
1019 1599 1171 1654 amnestiae

693 1669 829 1726 beneficio
843 1671 996 1727 absolutus.
1016 1669 1115 1734 XVIII,
1129 1677 1169 1725 22.

729 1743 907 1806 Philomelus,
936 1743 1066 1797 Isocratis
1090 1741 1171 1796 disci·

693 1814 785 1882 pulus,
805 1830 823 1867 a
841 1813 950 1867 civibus
968 1829 1052 1868 aurea
1071 1828 1172 1866 corona

694 1887 815 1938 ornatus.
844 1883 904 1954 XV,
928 1891 969 1940 93.
996 1915 1030 1926 -
1058 1883 1171 1937 Amicus

694 1955 1070 2092 919991911-
1082 1955 1172 2080 iu

694 2113 743 2218 susl
769 2113 829 2150 9999
861 2097 897 2151 ab
925 2097 1055 2152 Isocratis
1087 2097 1170 2150 disci·

694 2183 731 2236 1³⁰
746 2168 782 2234 ο.)

733 2237 905 2306 Philonides,
934 2239 1065 2292 Isocratis
1089 2238 1170 2292 disci·

694 2307 786 2378 pulus,
805 2324 823 2361 a
841 2307 949 2362 civibus
968 2326 1052 2364 aurea
1070 2326 1172 2364 corone

695 2381 817 2434 ornatus.
839 2378 897 2446 XV,
917 2387 959 2436 93.

731 2445 1171 2522 Ρὴίῑτινραεῶνομακῦριονᾍθη·

694 2523 778 2576 ναίου
793 2518 946 2591 [apodritos.
966 2523 1053 2577 Bekk.
1066 2523 1171 2577 Aneed.

695 2594 777 2659 315.)‚
796 2593 848 2658 fur,
866 2593 914 2663 qui
930 2592 1100 2662 Gorgoniurn
1115 2612 1170 2648 sur·

695 2661 790 2733 ripuit.
810 2663 909 2729 XVIII,
929 2671 970 2720 5¹1.

733 2734 854 2790 Peliaca·
871 2736 990 2804 populus
1005 2735 1108 2790 nullius
1125 2753 1170 2790 au·

695 2805 836 2860 ctoritatis
854 2804 901 2870 Vl,
927 2812 969 2860 01.
998 2805 1170 2860 919999199-

695 2874 797 2930 moniis
829 2875 1000 2934 obsidentur.
1037 2877 1083 2944 lV,
1114 2885 1190 2932 126..

695 2947 770 3010 VIll,
791 2953 849 3002 100.

731 3018 911 3074 Phocaeeases
927 3017 1072 3073 Persarum
1097 3019 1171 3090 ragis

696 3089 916 3144 dominationem
941 3090 1081 3160 fugientes
1104 3091 1172 3145 Asia

695 3159 795 3283 heim
810 3161 964 3214 Massiliam
978 3162 1171 3216 condiderunt.

731 3303 879 3360 Phocenses
904 3320 921 3357 a
938 3302 1077 3359 Thebanis
1096 3304 1172 3360 bello

694 3373 778 3442 petIti
793 3375 826 3440 V,
836 3381 878 3430 60.
894 3382 935 3429 64.
955 3375 1101 3444 Philippus
1112 3376 1171 3431 eius

694 3444 763 3498 belli
783 3444 887 3500 arbiter
906 3445 1013 3500 futurus
1032 3447 1064 3515 V,
1085 3453 1127 3502 74.

729 3516 834 3572 Phocis.
866 3517 976 3570 Bellum
999 3516 1038 3571 rbi
1061 3518 1170 3574 91119-

693 3586 774 3640 banis
793 3587 900 3657 geritur
918 3589 950 3653 V,
970 3594 1011 3643 66.
1170 3615 1172 3624 ·

730 3658 890 3729 Phooylides
897 3661 988 3728 poeta.
999 3661 1121 3729 optimus
1130 3660 1169 3715 ri·

693 3730 739 3782 tae
747 3731 881 3783 humanae
891 3731 1073 3785 consiliarius.
1085 3733 1168 3794 1143.
