2859 4334
525 398 803 458 ΕῬΑΓΟΡΑΣ.
1081 394 1141 457 207

187 560 390 642 δειξύμενοι,
418 564 506 640 σφῦς
527 552 651 635 αῦτοῦς
669 558 901 643 ἐντιμοτέρους
919 562 1169 643 κατέστησαν·δ

188 656 255 727 ὅδὲ
268 660 369 743 λόγος
383 664 413 726 εἰ
425 663 533 735 καλῶς
548 657 678 724 διέλθοι
688 654 747 736 ταὶς
760 661 892 726 ἐκείνου
906 659 1056 743 πράξεις,
1072 658 1142 726 dsc-

189 778 337 844 μνηστον
357 751 402 823 ῦν
420 754 484 842 τὴν
504 753 628 842 ἀρετὴν
648 752 711 841 τήν
730 754 908 841 Εὐαγόρου
927 755 1019 837 παρὰ
1038 764 1142 825 πᾶσιν

191 853 386 941 όνθρόποις
400 855 579 941 ποιήσειεν.

172 991 187 1039 b
218 1016 221 1019 .
273 956 346 1043 (β’.)
365 952 481 1041 Ἐχρῆν
501 955 563 1040 μὲν
583 947 648 1020 οῦν
671 958 727 1021 καὶ
748 954 827 1033 τοῦς
847 954 970 1035 ἄλλους
994 959 1142 1024 ἐπαινεῖν

188 1054 266 1135 τοῦς
280 1052 335 1141 ἐφ’
348 1052 462 1121 αιἰτῦν
473 1052 599 1135 ῦνδρας
610 1052 765 1139 ἄγαθοῦς
775 1058 1035 1141 γεγενημένους,
1048 1051 1096 1121 ἵν’
1109 1056 1145 1120 οἵ

188 1182 222 1223 τε
243 1154 429 1239 δυνάμενοι
450 1150 489 1221 τῦ
511 1160 579 1220 τῶν
599 1152 712 1221 ἄλλων
733 1159 814 1238 ἔργα
834 1166 972 1240 κοσμεῖν
986 1156 1024 1221 έν
1039 1153 1143 1222 εἰδόσι

187 1253 386 1340 ποιούμενοι
401 1250 481 1331 τοῦς
497 1253 619 1336 λόγους
632 1267 704 1332 ταῖς
720 1249 893 1339 ἀληθείαις
908 1256 1051 1337 ἐχρῶντο
1068 1254 1143 1334 περὶ.
1163 1266 1211 1320 190

187 1352 316 1429 αὐτῶν,
340 1356 422 1421 οἵτε
436 1353 592 1435 νειότεροι
608 1357 868 1438 φιλοτιμοτέροις
882 1354 1043 1420 διέκειντο
1059 1348 1143 1434 πρὸς

188 1452 250 1540 τὴν
260 1451 395 1539 ύρετὴυ,
409 1452 549 1536 εἰδότες,
561 1450 753 1521 ὅτιτούτων
764 1449 1002 1537 εῦλογήσονται
1014 1457 1142 1535 μᾶλλον

164 1572 178 1619 ο
192 1546 241 1621 ὧν
254 1548 299 1618 ἆυ
313 1548 471 1637 ἀμείνους
485 1559 572 1635 σφῦς
584 1548 708 1631 αῦτοῦς
721 1550 944 1637 παράσχωσιν.
968 1558 1035 1617 νῦν
1045 1551 1081 1618 δὲ
1095 1555 1144 1628 τίς

189 1647 303 1719 οῦκῦν
310 1647 528 1737 ῦθυμήσειευ,
537 1649 619 1718 ὅταν
630 1648 694 1739 ὁρᾷ
704 1649 786 1729 τοῦς
797 1652 859 1734 μὲν
873 1648 998 1737 περὶτὰ
1009 1645 1142 1730 Τρωικὰ

189 1756 241 1820 καλ
255 1748 337 1829 τοῦς
355 1752 507 1817 ἐπέκεινα
526 1754 730 1834 γενομένους
744 1746 979 1836 ῦμνουμένους
992 1752 1046 1815 καλ
1061 1773 1141 1830 τρα-
1183 1829 1186 1833 .

191 1854 442 1941 γῳδουμένους,
458 1848 563 1917 αὑτὸν
578 1851 614 1916 δὲ
629 1854 785 1936 προειδῇ,
800 1846 878 1935 μηδ’
892 1843 938 1915 ῦν
949 1845 1144 1936 ῦπερβόλλη

189 1950 246 2031 τὰς
261 1953 400 2019 ἐκείνων
412 1947 546 2034 ἀρετὰς,
562 1953 726 2035 μηδέποτε
737 1950 901 2017 τοιούτων
912 1951 1059 2016 ἐπαίνων
1069 1945 1169 2027 ῦξι-ῑι

192 2048 430 2134 αθησόμενονς
457 2048 586 2115 τούτων
607 2044 640 2114 δ’
657 2056 761 2125 αἴτιος
781 2044 800 2113 ὁ
823 2046 971 2130 φθόνος,
998 2038 1143 2137 ᾦτοῦτο

190 2149 296 2233 μόνον
319 2144 453 2232 ῦγαθὸν
474 2147 669 2229 πρόσεστιν,
695 2143 746 2212 ὅτι
770 2150 927 2229 μέγιστον
947 2142 1053 2212 κακόν
1076 2156 1144 2221 τοῖς

190 2252 323 2332 ἔχουσίν
337 2248 436 2313 ἐστιν.
466 2245 555 2313 οῦτοι
568 2247 634 2331 γάρ
648 2270 737 2322 τινες
751 2245 922 2324 δυσκόλως
936 2246 1140 2331 πεφύκασιν,

191 2341 278 2412 ὅσθ’
291 2343 390 2430 ἥδιον
404 2339 448 2411 ἂν
464 2341 722 2430 εῦλογουμένιαν
734 2341 903 2430 ἀκούοιεν,
920 2344 980 2423 οῦς
991 2342 1054 2413 οῦκ
1070 2355 1142 2413 ἴσα-

191 2464 245 2511 σιν
267 2449 298 2511 εἰ
317 2444 507 2529 γεγόνασιν,
531 2439 716 2528 ἦτούτων,
733 2440 794 2528 ὑφ’
813 2435 862 2509 ῦν
880 2436 919 2509 εῦ
935 2443 1143 2521 πεπονθότες

165 2540 284 2610 λαῦτοὶ
309 2540 543 2627 τυγχάνουσιν.
575 2542 617 2607 ού
642 2540 709 2628 μὴν
735 2544 934 2609 δουλευτέον
958 2538 1037 2619 τοῦς
1058 2545 1143 2607 νοῦν

191 2646 325 2726 ἔχοντας
340 2654 407 2719 τοῖς
423 2638 512 2706 οῦτιο
526 2648 636 2719 κακῶς
656 2647 863 2725 φρονοῦσιν,
887 2637 971 2706 ἄλλό
993 2645 1062 2704 τῶν
1081 2641 1144 2721 μὲν

190 2740 354 2806 τοιούτων
369 2736 567 2825 ῦμελητέον,
591 2737 669 2819 τοῦς
683 2739 714 2805 δ’
728 2738 852 2818 ἄλλους
866 2742 1018 2806 ἐθιστέον
1038 2734 1169 2804 duod-c

191 2863 252 2920 ειν,
266 2840 343 2919 περὶ
358 2829 407 2904 (όν
420 2842 475 2906 καὶ
489 2842 598 2924 λέγειν
613 2839 745 2907 δίκαιόν
755 2842 855 2922 ἐστιν,
872 2836 979 2916 ῦλλας
990 2834 1018 2905 τ’
1029 2833 1142 2920 ἐπειδὴ

190 2934 325 3015 καὶτὰς
346 2938 509 3017 ἐπιδόσεις
531 2946 626 3023 ἴσμεν
647 2941 846 3024 γιγνομένας
867 2938 921 3005 καὶ
937 2943 1005 3003 τῶν
1019 2941 1143 3020 τεχνῶν

190 3039 245 3103 καὶ
256 3042 326 3102 τῶν
336 3033 449 3103 ἄλλων
459 3033 619 3105 ἁπάντων
636 3034 678 3104 οῦ
692 3035 749 3104 διὰ
764 3034 843 3115 τοῦς
860 3040 1061 3122 ἐμμένοντας
1075 3045 1143 3110 τοῖς

189 3140 400 3203 καθεστῶσιν
418 3131 502 3202 ἀλλὰ
523 3132 579 3201 διὰ
601 3132 681 3212 τοῦς
702 3136 977 3215 ἐπανορθοῦντας
997 3134 1052 3199 καὶ
1066 3139 1142 3197 τολ·

189 3240 320 3317 μῦντας
335 3229 390 3298 ἀεί
402 3258 432 3298 τι
448 3246 555 3300 κινεῖν
569 3240 637 3300 τῶν
650 3230 695 3319 μὴ
711 3238 820 3309 καλῶς
835 3230 988 3316 ἐχόντων.

164 3370 175 3393 ι
275 3329 346 3415 (γ’.)
369 3328 453 3397 Οἶδα
468 3331 530 3417 μὲν
545 3322 625 3413 οῦν,
647 3328 698 3397 ότι
712 3329 858 3413 χαλεπόν
874 3331 979 3414 έστιν,
997 3326 1017 3392 ό
1033 3329 1142 3411 μέλλω

189 3441 308 3512 ποιεῖν,
316 3425 441 3510 ἆνδρός
450 3425 573 3513 ἀρετὴν
581 3426 636 3494 διὰ
647 3428 759 3513 λόγων
766 3428 989 3513 ἐγκωμιάζειν.
1005 3436 1142 3509 σημεῖον

191 3530 226 3594 δὲ
239 3522 412 3611 μέγιστον·
434 3530 510 3608 περὶ,
524 3528 586 3612 μέν
601 3523 666 3610 γδρ
678 3525 791 3594 ύλλειν
804 3532 939 3592 πολλῶν
951 3526 1006 3591 καὶ
1017 3547 1141 3589 παντο-

190 3630 305 3693 δαπῶν
320 3633 429 3711 λέγειν
439 3635 605 3711 τολμῶσιν
616 3631 650 3693 ολ
659 3628 735 3708 περὶ
745 3621 808 3710 τὴν
819 3631 1025 3706 φιλοσοφίαν
1036 3621 1138 3699 ὄντες.
