2859 4334
485 423 800 483 ΠΛΑΤΑΙΚΟΣ.
1072 415 1112 479 97

162 592 325 671 μεγίστην
345 590 496 669 ποιὴσαι,
525 580 665 658 τούτους
691 582 727 648 δέ
754 579 815 667 τὴν
835 580 1012 666 ἀλλοτρίαν
1029 588 1116 666 ἔχειν

163 682 279 749 ἐάσετε
304 681 359 747 καὶ
385 687 521 747 τοιαῦτα
545 691 673 760 ποιεῖν,
700 679 733 757 ἐξ
759 670 806 745 ῶν
826 679 970 757 ἅπαντες
983 683 1141 765 χείρονςι)

111 801 149 853 σε
166 777 255 846 εἶναι
271 785 448 863 νομιοῦσιν
463 774 568 863 ὑμάςς
594 773 613 843 ὃ
638 777 675 844 δὲ
689 776 826 844 πάντων
849 779 1057 859 δεινότατον,
1087 780 1116 843 εί

163 890 236 954 τοῖς
248 875 310 960 μὲν
325 882 472 961 συνεχῶς
491 872 572 960 μετὰ
590 878 863 959 Λακεδαιμονίων
882 877 1115 960 γεγενημένοις

164 978 369 1061 δεδογμένον
380 972 462 1059 ὑμῖν
469 975 537 1041 ἐστὶ
547 981 699 1060 βοηθεῖν,
711 970 755 1059 ἡν
766 1000 796 1041 τι
804 974 1044 1059 παράσπονδον
1051 970 1110 1039 αὐ-

163 1090 235 1154 τοῖς
250 1078 369 1144 έκεῖνοι
385 1074 654 1160 προστάττωσιν,
670 1071 757 1158 ἡμᾶς
772 1070 804 1139 δ’
824 1080 859 1141 οἳ
870 1070 931 1141 τόν
944 1074 1005 1157 μὲν
1020 1081 1116 1140 πλεῖ-

167 1196 250 1241 στον
263 1173 388 1261 χρόνον
402 1171 481 1259 μεθ’
495 1170 592 1260 ὑμῶν
605 1170 698 1251 ὄντες
710 1176 990 1258 διατετελέκαμεν,
1007 1171 1067 1239 τόν
1081 1173 1117 1240 δὲ

167 1282 360 1340 τελευταῖον
372 1274 480 1359 μόνον
493 1272 640 1357 πόλεμον
654 1269 720 1338 ὑπὸ
729 1269 1116 1358 Λακεδαιμονίοιςὴναγ-

168 1372 346 1458 κάσθημεν
352 1377 522 1457 γενέσθαι,
535 1370 721 1457 διὰταύτην
732 1370 795 1458 τὴν
807 1369 978 1456 πρόφασιν
989 1370 1116 1440 ἀθλιῶ-

167 1499 249 1539 τατα
295 1471 407 1540 ἀντῶν
428 1469 623 1557 ἀνθρώπων
649 1474 854 1558 περιόψεσθε
875 1474 1142 1556 διακειμένουςι

113 1593 149 1646 46
167 1498 592 1735 (119‘.)splvagydoffvv‘woiv
602 1568 696 1652 εὕροι
707 1596 756 1647 τις
768 1573 1057 1655 δυστυχεστέρους,
1071 1570 1119 1635 οἴ-

165 1694 255 1747 τινες
282 1668 450 1746 αὶπόλεως
462 1667 877 1753 καλγῶραςκαὶχρημάτων
886 1669 927 1735 έν
935 1673 1117 1755 μιᾷστερη-

82 1782 97 1803 “
166 1772 285 1848 θέντες
296 1768 413 1857 ἡμέρᾳ,
429 1770 566 1836 πάντων
578 1794 646 1835 τιν
656 1764 848 1853 ἀναγκαίων
859 1764 980 1853 ὁμοίως
996 1769 1118 1845 ἐνδεεῖς

167 1867 264 1946 ὄντες
288 1866 405 1954 ἀλῆται
428 1870 483 1936 καὶ
506 1870 628 1952 πτωχοὶ
648 1868 874 1951 καθέσταμεν,
901 1864 1118 1949 ἀποροῦντες,

169 1962 1119 2068 ὅποιγραπῶμεθαμαὶπάσαςτάςοίκὴσειςδυςχεραίνον-

171 2087 228 2141 τες
235 2040 265 2164 ἡ,
271 2065 316 2153 ἡν
332 2093 367 2134 τε
383 2065 449 2153 γάρ
464 2072 711 2154 δυστυχοῦντας
723 2068 973 2155 καταλάβωμεν,
990 2066 1116 2153 ἀλγοῦ-

166 2191 231 2252 μεν
246 2162 507 2253 ἀναγκαζόμενοι
522 2168 605 2250 πρὸς
620 2182 688 2246 τοῖς
702 2174 836 2245 οἰκείοις
850 2183 964 2246 κακοῖς
981 2170 1035 2236 καὶ
1047 2176 1144 2238 τῶυο

114 2278 149 2332 47
168 2263 352 2348 ἀλλοτρίων
367 2281 558 2335 κοινωνεῖν·
575 2265 618 2353 ἡν
633 2265 671 2335 θ’
686 2264 731 2345 ὡς
743 2259 782 2334 εὖ
793 2270 998 2352 πράττοντας
1009 2274 1117 2335 ἔλθοι·

168 2390 248 2449 μεν,
271 2370 318 2431 έτι
332 2367 562 2451 χαλεπώτερον
576 2372 710 2451 ἔχομεν,
734 2363 774 2433 οὐ
790 2382 859 2445 ταῖς
874 2370 1012 2435 ἐκείνων
1026 2377 1116 2453 φθο-

168 2469 308 2541 νοῦντες
329 2460 500 2549 εὐπορίαις
525 2463 609 2532 ἀλλά
637 2472 764 2550 μᾶλλον
785 2468 821 2533 έν
841 2481 907 2544 τοῖς
927 2474 994 2533 τῶν
1019 2468 1119 2543 πέλας

169 2562 311 2650 ἀγαθοῖς
325 2563 384 2642 τάς
396 2562 556 2651 ἡμετέρας
567 2563 679 2632 αὐτῶν
694 2564 870 2653 συμφορὰς
893 2573 1117 2650 καθορῶντες,

170 2660 228 2748 ἐφ’
255 2658 308 2741 αἷς
328 2661 422 2749 ἡμεῖς
443 2661 604 2750 οὐδεμίαν
626 2662 755 2751 ἡμέραν
778 2663 938 2748 ἀδακρυτὶ
959 2667 1119 2751 διάγομεν

170 2759 253 2830 ἀλλά
276 2770 483 2841 πενθοῦντες
503 2760 565 2848 τὴν
585 2769 727 2847 πατρίδα
750 2768 803 2833 καὶ
826 2774 1036 2851 θρηνοῦντες
1056 2762 1118 2851 τὴν

167 2860 356 2949 μεταβολὴν
370 2860 434 2951 τὴν
447 2868 674 2951 γεγενημένην
691 2865 822 2933 ἅπαντα
837 2864 897 2933 τὸν
908 2866 1033 2952 χρόνον
1044 2872 1118 2933 δια-

116 2978 152 3031 ⁴8
171 2970 340 3048 τελοῦμεν.
364 2970 439 3031 τίνα
454 2962 519 3050 γάρ
537 2962 623 3050 ἡμᾶς
637 2974 751 3032 οίεσθε
762 2966 900 3052 γνῶμην
911 2972 996 3051 ἔχειν
1008 2963 1145 3050 ὁρῶν-ε

170 3089 227 3140 τας
240 3062 380 3144 καὶτοὺς
390 3064 509 3150 γονέας
517 3054 629 3131 αάτῶν
637 3063 1120 3150 ἀναξίωςγηροτροφονμένους

169 3167 224 3231 παλ
239 3160 318 3243 τούς
331 3169 450 3244 παῖδας
464 3164 525 3231 οὐκ
543 3166 595 3231 έπὶ
604 3178 674 3242 ταῖς
689 3167 818 3231 ἐλπίσιν
829 3159 879 3241 αἷς
892 3164 1118 3250 ἐποιησάμεθα

171 3267 445 3349 παιδευομένους,
457 3261 541 3333 ἀλλά
553 3261 698 3342 πολλοὺς
709 3265 772 3349 μὲν
783 3271 912 3349 μικρῶν
924 3265 1020 3330 ἕνεκα
1032 3283 1118 3347 συμ-

170 3369 318 3449 βολαίων
332 3362 566 3447 δουλεύοντας,
586 3362 708 3441 ἄλλους
724 3358 756 3429 δ’
774 3363 827 3429 ἐπὶ
841 3369 981 3448 θητείαν
993 3359 1115 3444 ἰόντας,

170 3458 251 3540 τοδς
273 3458 304 3527 δ’
328 3459 419 3540 ὅπως
435 3463 567 3529 ἕκαστοι
583 3463 746 3530 δύνανται
761 3462 801 3532 τά
816 3459 896 3529 καθ’
914 3458 1041 3547 ἡμέραν
1056 3485 1119 3526 πο·
1134 3466 1187 3520 306

171 3563 379 3646 ριζομένονς,
404 3556 561 3644 ἀπρεπῶς
573 3565 629 3630 καλ
647 3576 715 3640 τοῖς
734 3570 803 3629 τῶν
817 3561 994 3646 προγόνων
1010 3566 1119 3645 ἔργοις

171 3660 224 3724 καὶ
240 3672 309 3734 ταῖς
324 3649 594 3806 αὖτῶνΙὴλικίαις
605 3662 659 3727 καὶ
671 3675 739 3737 τοῖς
754 3660 947 3743 φρονήμασι
957 3672 1024 3734 τοῖς
1035 3654 1116 3741 ἡμε-

267 3770 422 3806 noemae.
469 3792 474 3804 .
962 3754 977 3805 7
