2859 4334
311 412 371 475 ιεε
599 418 979 495 mmmm)

308 571 341 643 δ’
359 573 404 655 οἱς
417 574 549 643 δίκαιόν
566 578 656 643 ἐστιν
679 572 891 661 αὐτονόμους
905 573 989 645 εἶναι
1005 574 1283 667 τοδςἝλληναςς

259 697 293 751 68
307 682 400 753 τίνας
416 674 453 741 δὲ
468 680 537 742 τῶν
553 673 685 743 πόλεων
699 680 768 741 τόν
785 676 970 761 ἐλλογίμων
984 672 1026 743 οό
1040 681 1281 762 παρεκαλέσα-

307 802 371 862 μεν
386 777 438 842 ἐπὶ
457 774 520 862 τὴν
534 780 725 861 συμμαχίαν
740 771 803 862 τὴν
824 771 910 856 ὑπὲρ
927 774 1058 843 τούτων
1079 784 1281 860 συστᾶσανς

308 873 414 953 πόσας
429 875 465 941 δὲ
480 879 657 961 πρεσβείας
670 870 715 953 ὥς
728 876 866 961 βασιλέα
880 871 940 942 τόν
951 877 1058 962 μέγαν
1071 872 1280 947 άπεστείλα-
1292 916 1310 953 0

307 1000 386 1060 μεν,
411 972 611 1055 διδαξούσας
627 970 750 1059 αὐτόν,
775 970 819 1052 ὡς
832 971 911 1041 οὔτε
934 972 1066 1041 δίκαιόν
1082 978 1174 1043 ἐστιν
1190 973 1280 1044 οὔτε

307 1076 484 1159 συμφέρον
497 1079 578 1160 μίαν
591 1074 692 1143 πόλιν
707 1080 831 1159 κυρίαν
844 1071 931 1142 εἶναι
944 1080 1013 1141 τοῖν
1021 1072 1210 1161 Ἑλλήνων·
1228 1074 1279 1143 οὐ

307 1171 473 1257 πρότερον
487 1169 519 1239 δ’
536 1172 757 1261 ἐπαυσάμεθα
777 1179 1001 1259 πολεμοῦντες
1016 1174 1072 1241 καὶ
1087 1172 1278 1243 κινδυνεύ-

308 1298 401 1351 οντες
416 1275 471 1340 καὶ
485 1270 568 1341 κατά
581 1279 646 1360 γῆν
663 1268 818 1341 καὶκατὰ
833 1272 1024 1358 θάλατταν,
1044 1274 1127 1357 πρὶν
1141 1270 1276 1359 ηθέλη-
1295 1291 1347 1348 173

307 1391 371 1439 σαν
377 1372 638 1459 Λακεδαιμόνιοι
648 1372 855 1460 ποιήσασθαι
866 1368 926 1449 τάς
936 1371 1114 1461 συνθήκας
1123 1370 1181 1451 τάς
1192 1376 1276 1458 περὶ

258 1491 292 1545 69
305 1476 362 1558 τῆς
371 1466 582 1555 αὐτονομίας.
596 1468 648 1539 ότι
656 1473 721 1557 μὲν
729 1462 794 1538 οὖν
805 1467 848 1537 οὐ
856 1468 989 1538 δίκαιόν
997 1473 1066 1539 ἐστι
1075 1467 1155 1550 τοὺς
1163 1478 1274 1556 κρείτ-

307 1596 386 1649 τους
399 1577 468 1637 τῶν
484 1565 634 1656 ἡττόνων
649 1567 782 1655 άρχειν,
800 1570 838 1638 ἐν
852 1570 991 1648 ἐκείνοις
1003 1595 1040 1637 τε
1053 1583 1122 1649 τοῖς
1134 1570 1275 1655 χρόνοις

307 1671 517 1757 τυγχάνομεν
537 1668 721 1758 ἐγνωκότες
735 1671 791 1737 καὶ
808 1674 874 1737 νῦν
889 1671 942 1737 ἐπὶ
956 1676 1016 1755 τῆς
1030 1673 1196 1756 πολιτείας
1209 1676 1273 1755 τῆς

308 1767 387 1852 παρ’
403 1767 484 1856 ἡμῖν
499 1774 754 1856 καθεστηκυίας.

392 1867 482 1955 (κγ’.)
495 1866 554 1947 Ὡς
571 1865 603 1935 δ’
620 1864 695 1936 οὐδ’
711 1863 757 1935 άν
772 1871 978 1954 δυνηθεῖμεν
989 1866 1052 1954 τὴν
1066 1864 1173 1954 ἀρχὴν
1183 1866 1270 1935 ταά-

306 1996 368 2055 την
382 1971 691 2054 καταστρέψασθαι,
707 1971 830 2054 ταχέως
844 1964 935 2052 οἶμαι
946 1965 1120 2053 δηλάσειν.
1142 1963 1187 2053 ἣν
1199 1964 1269 2054 γάρ

307 2065 389 2155 μετά
404 2074 535 2155 μυρίων
552 2066 727 2135 ταλάντων
741 2064 802 2154 οὐχ
822 2062 930 2134 οἷοίτ’
948 2058 1035 2153 ἦμεν
1052 2066 1269 2153 διαφυλάξαι,

307 2174 377 2247 πῶς
394 2163 439 2235 άν
454 2167 582 2254 ταύτην
596 2169 632 2235 ἐκ
652 2175 710 2253 τῆς
727 2165 901 2253 παρούσης
916 2162 1058 2250 ἀπορίας
1078 2165 1299 2255 κτησασθαιλ)

306 2270 531 2353 δυνηθεῖμεν,
552 2262 661 2345 άλλως
677 2291 713 2332 τε
734 2266 789 2332 καί
802 2262 969 2351 χρεόμενοι
984 2277 1054 2342 τοῖς
1069 2262 1193 2351 ἤθεσιν
1206 2262 1270 2352 οὐχ

256 2381 291 2438 70
306 2360 356 2444 οἷς
371 2364 535 2451 ἐλάβομεν
551 2360 625 2431 ἀλλ’
645 2357 695 2441 οἷς
708 2360 927 2450 ἀπωλέσαμεν
944 2359 1069 2451 αότήνς
1100 2362 1193 2453 (κδ’.)
1207 2360 1270 2443 Ὡς

306 2469 424 2531 τοίνυν
439 2458 519 2529 οὐδὲ
541 2463 701 2541 δέξασθαι
717 2462 897 2548 διδομένην
916 2468 957 2551 τῇ
973 2462 1070 2530 πόλει
1090 2466 1269 2549 συμφέρει,

306 2564 436 2631 δοκεῖτέ
441 2586 499 2646 μοι
509 2557 634 2646 τάχιστ’
647 2556 692 2628 ἂν
703 2562 836 2629 ἐκεῖθεν
846 2571 1064 2648 καταμαθεῖν.
1088 2570 1216 2649 μᾶλλον
1229 2562 1270 2631 δέ

306 2662 361 2729 καί
375 2662 452 2745 περὶ
465 2658 595 2728 τοάτων
610 2658 776 2746 βούλομαι
791 2657 893 2747 μικρὰ
914 2675 1104 2745 προειπεῖν·
1133 2664 1270 2729 δέδοικα

305 2757 383 2848 γάρ,
394 2756 440 2845 μὴ
451 2756 507 2827 διά
518 2758 557 2827 τό
567 2768 702 2839 πολλοῖς
713 2762 868 2847 ἐπιτιμᾶν
878 2760 965 2843 δόξω
975 2764 1042 2830 τισί
1051 2768 1270 2852 προῃρῆσθαι
1341 2773 1345 2779 ’

305 2868 363 2947 τῆς
376 2860 504 2939 πόλεως
519 2874 725 2946 κατηγορείν.

257 2978 289 3035 71
390 2958 477 3047 (κε’.)
497 2956 579 3046 Ἰδγά
601 2957 635 3027 δ’
655 2964 684 3028 εί
702 2960 766 3046 μὲν
785 2956 871 3044 πρός
883 2956 1007 3038 ἄλλους
1026 2956 1121 3039 τινάς
1142 2962 1270 3046 ἐπεχεί-

305 3084 391 3147 ρουν
409 3052 498 3125 οὕτω
523 3062 679 3140 διεξιέναι
700 3060 776 3142 περὶ
797 3064 865 3126 τῶν
885 3058 1109 3146 πραγμάτων,
1131 3058 1298 3138 εἰκότωςι

305 3154 349 3228 &v
366 3157 454 3245 εἶχον
466 3156 530 3245 την
544 3165 653 3229 αίτίοιν
664 3159 806 3245 ταύτην·
826 3165 892 3226 νῦν
904 3156 941 3225 δέ
951 3155 1037 3244 πρός
1048 3155 1136 3244 ὑμᾶς
1146 3165 1269 3227 ποιοῦ-

305 3286 364 3346 μαι
373 3257 452 3338 τοδς
462 3259 594 3346 λόγους,
607 3256 650 3327 οὐ
659 3258 856 3346 διαβάλλειν
867 3259 991 3342 ἑτέροις
999 3260 1178 3343 ἐπιθυμῶν
1189 3254 1266 3325 ἄλλ’

306 3355 431 3437 αὐτους
447 3357 655 3445 βουλόμενος
668 3366 795 3426 παῦσαι
809 3364 878 3425 τῶν
891 3356 1056 3425 τοιούτων
1072 3364 1196 3444 ἐργων,
1212 3360 1269 3425 καί

305 3457 367 3545 την
382 3459 535 3545 εἰρήνην,
551 3461 627 3540 περὶ
641 3451 681 3546 ἧς
695 3456 784 3537 άπας
799 3455 817 3525 ὁ
834 3456 934 3544 λόγος
949 3459 1033 3544 ἐστὶ,
1053 3464 1195 3545 βεβαίως
1210 3459 1269 3523 καί

257 3574 291 3628 72
304 3553 367 3641 τὴν
380 3561 480 3625 πόλιν
495 3560 549 3625 καὶ
564 3555 643 3636 τούς
654 3554 946 3642 άλλουςἝλληνας
963 3553 1110 3643 άγαγείν.
1135 3552 1268 3641 άνάγκη

307 3658 343 3721 δλ
361 3653 439 3732 τοὺς
461 3664 711 3736 νουθετοῦντας
730 3657 787 3725 καλ
806 3654 885 3735 τοὺς
907 3663 1175 3743 κατηγοροῦντας
1199 3668 1268 3733 τοῖς
