2859 4334
284 393 346 457 ιον
572 393 890 453 memnon
909 394 957 470 (τ)

282 552 334 623 ότι
344 553 404 633 τάς
412 554 475 641 μὲν
486 554 621 641 πράξεις
630 555 758 622 ἐπαινῶ
768 550 828 632 τάς
839 554 876 621 έν
885 554 1102 633 έκείνοιςτοῖς
1108 553 1258 639 χρόνοις

281 656 499 742 γιγνομένας,
517 650 576 732 τάς
589 649 621 721 δ’
638 657 744 730 αίτίας
758 648 801 719 ού
817 652 944 738 φράζω,
961 648 1007 719 δι’
1024 648 1063 732 ἀς
1075 650 1166 719 οὕτω
1182 678 1257 720 κα-
1283 672 1350 727 147

283 761 349 835 λοῖς
359 756 413 823 καὶ
424 750 465 821 τά
477 750 561 837 πρὸς
572 759 661 837 σφᾶς
672 748 798 830 αύτούς
810 748 899 836 είχον
909 753 965 819 καὶ
976 746 1039 837 τὴν
1048 750 1151 820 πόλιν
1162 750 1253 842 διφό-

282 879 377 923 κονν.
401 848 466 938 έγά
482 848 514 920 δ’
532 849 622 937 οἶμαι
636 848 699 938 μέν
715 853 883 937 εἰρηκέναι
896 877 929 918 τι
943 853 999 919 καὶ
1012 857 1180 938 τοιοῦτον,
1200 846 1253 917 ού

282 949 350 1040 μὴν
364 947 440 1020 ἀλλ’
458 956 506 1018 ἔτι
521 956 624 1018 πλείω
641 951 696 1018 καλ
716 956 926 1035 σαφέστερον
945 947 1147 1036 πειράσομαι
1168 953 1249 1017 δια-

235 1062 269 1117 37
284 1056 446 1137 λεχθῆναι
462 1051 539 1136 περὶ
553 1045 675 1117 αύτάν.
708 1047 791 1129 (ιδ’.)
809 1044 947 1116 Ἐκεῖνοι
963 1044 1029 1134 γάρ
1047 1044 1110 1115 ούκ
1127 1050 1164 1115 έν
1180 1048 1249 1134 μὲν

282 1162 352 1228 ταῖς
381 1152 546 1228 παιδείαις
576 1143 723 1228 πολλούς
748 1143 828 1227 τούς
856 1150 1113 1227 ἐπιστατοῦντας
1142 1144 1246 1237 εἶχον,

282 1245 395 1335 ἐπειδὴ
409 1245 441 1315 δ’
456 1252 502 1327 είς
515 1246 643 1336 ἀνδρας
656 1252 906 1334 δοκιμασθεῖεν,
922 1249 1000 1333 ἐξῆν
1010 1244 1124 1327 αὐτοῖς
1133 1260 1247 1316 ποιεῖν

282 1345 344 1415 ὅτι
358 1353 572 1434 βουληθεῖεν,
588 1344 662 1416 ἀλλ’
676 1350 714 1416 έν
724 1346 861 1425 ταύταις
870 1360 942 1426 ταῖς
954 1342 1076 1433 ἀκμαῖς
1089 1352 1246 1427 πλείονος
1257 1364 1283 1417 b

282 1448 468 1533 ἐπιμελείας
482 1448 666 1535 ἐτύγχανον
682 1442 830 1533 ἢπαῖδες
841 1444 944 1524 ὄντες.
970 1442 1060 1512 οὕτω
1071 1442 1136 1532 γάρ
1148 1442 1245 1534 ἡμῶν

282 1549 317 1614 οί
331 1544 494 1633 πρόγονοι
510 1546 644 1632 σφόδρα
661 1548 737 1631 περὶ
752 1541 815 1632 τὴν
831 1543 1060 1631 σωφροσύνην
1075 1542 1245 1612 ἐσπούδα-

283 1653 350 1730 ζον,
365 1642 449 1712 ὥστε
458 1642 521 1732 τὴν
533 1647 566 1725 ἐξ
574 1642 705 1733 ’Λρείον
715 1644 827 1731 πάγου
837 1642 968 1733 βουλὴν
978 1645 1163 1729 ἐπέστησαν
1169 1643 1244 1711 ἔπι·

281 1756 457 1833 μολεῖσθαι
471 1753 529 1834 τῆς
544 1742 740 1833 εύκοσμίας,
757 1736 797 1833 ἧς
808 1742 870 1832 ούχ
880 1741 956 1813 οἷόν
966 1741 997 1813 τ’
1009 1738 1054 1831 ἦν
1068 1754 1245 1830 μετασχεῖν

282 1842 372 1932 πλὴν
390 1857 459 1924 τοῖς
480 1852 590 1925 καλῶς
608 1844 766 1933 γεγονόσι
785 1847 840 1913 καί
856 1842 986 1930 πολλὴν
1002 1839 1126 1929 ἀρετὴν
1142 1843 1181 1910 ἐν
1196 1848 1243 1930 τῷ

282 1950 344 2034 βίω
366 1944 421 2013 καλ
443 1944 672 2033 σωφροσύνην
693 1946 974 2030 ἐνδεδειγμένοις,
1005 1939 1085 2011 ὥστ’
1108 1940 1245 2021 εἰκότως

281 2038 389 2128 αύτὴν
404 2047 589 2130 διενεγκεῖν
602 2051 671 2112 τῶν
685 2050 723 2113 ἐν
735 2040 947 2130 τοῖςἝλλησι
962 2046 1160 2126 συνεδρίων.

232 2161 268 2215 38
367 2140 445 2222 (ιε’.)
468 2146 627 2229 Σημείοις
642 2136 675 2209 δ’
692 2140 736 2209 ἀν
751 2168 801 2221 τις
815 2141 973 2227 χρήσαιτο
990 2142 1066 2223 περὶ
1082 2146 1151 2208 τῶν
1167 2140 1270 2208 τότεα

281 2237 507 2307 καθεστώτων
523 2241 662 2320 καὶτοῖς
676 2242 713 2309 έν
727 2246 773 2331 τῷ
789 2239 932 2325 παρόντι
946 2241 1174 2327 γιγνομένοις·
1194 2244 1241 2308 ἔτι

280 2334 347 2426 γάρ
368 2338 424 2405 καί
442 2344 509 2405 νύν
528 2334 690 2407 ἀπάντων
708 2344 778 2408 τῶν
794 2341 867 2424 περὶ
884 2335 947 2425 τὴν
962 2340 1093 2425 αἵρεσιν
1107 2341 1163 2407 καί
1179 2334 1241 2425 τὴν

281 2439 481 2523 δοκιμασίαν
502 2440 784 2524 κατημελημένων
804 2440 934 2523 ίδοιμευ
955 2431 1000 2503 ἀν
1019 2433 1099 2515 τούς
1118 2439 1154 2503 έν
1171 2448 1242 2516 τοῖς

281 2531 396 2614 ἀλλοις
414 2534 609 2622 πράγμασιν
631 2532 694 2603 ούκ
716 2531 877 2613 ἀνεκτοὺς
896 2532 1012 2621 ὄντας,
1036 2531 1172 2603 ἐπειδάν
1193 2540 1242 2614 είς

271 2631 407 2720 Ἀρειον
417 2632 529 2720 πάγον
540 2630 723 2722 ἀναβῶσιν,
736 2629 922 2711 ὀκνοῦντας
929 2640 969 2721 τῇ
982 2632 1083 2718 φύσει
1093 2638 1240 2718 χρῆσθαι

280 2734 485 2820 καὶμᾶλλον
505 2747 573 2813 τοῖς
593 2735 660 2802 έκεῖ
679 2740 833 2819 νομίμοις
849 2726 872 2818 ἦ
886 2745 957 2811 ταῖς
977 2728 1091 2799 αὐτῶν
1111 2738 1242 2811 κακίαις

280 2834 492 2918 ἐμμένοντας.
524 2840 687 2901 τοσοῦτον
710 2833 822 2920 φόβον
846 2833 968 2900 ἐκεῖνοι
992 2845 1061 2911 τοῖς
1081 2846 1242 2919 πονηροῖς

281 2928 518 3015 ένειργάσαντο
535 2935 590 2999 καί
604 2936 760 2998 τοιοῦτον
776 2942 942 3017 μνημεῖον
959 2932 997 2997 ἐν
1013 2937 1061 3021 τῷ
1075 2930 1167 3021 τόπφ
1183 2937 1273 3019 τῆςδ
1363 2999 1364 3002 ,

280 3025 395 3096 αὐτῶν
408 3026 526 3117 ἀρετῆς
539 3034 595 3099 καὶ
608 3029 834 3116 σωφροσύνης
847 3030 1073 3115 ἐγκατέλιπον.

233 3146 267 3202 39
367 3128 445 3209 (ις’.)
461 3125 531 3215 Τὴν
542 3125 583 3217 δὴ
595 3130 767 3216 τοιαύτην,
776 3127 887 3216 ὥσπερ
900 3126 1005 3214 εἶπον,
1013 3135 1137 3212 κυρίαν
1148 3130 1238 3196 ἐποί-

281 3246 369 3314 ησαν
380 3228 608 3314 ἐπιμελεῖσθαι
619 3235 677 3315 τῆς
688 3224 855 3313 εὐταξίας,
868 3225 889 3313 ἢ
899 3224 980 3306 τούς
989 3228 1052 3313 μὲν
1064 3232 1241 3313 οἰομένους

282 3329 432 3395 ἐνταῦθα
454 3332 645 3414 βελτίστους
667 3324 795 3412 ἀνδρας
816 3332 1012 3411 γίγνεσθαι,
1040 3321 1122 3411 παρ’
1141 3319 1191 3405 οἷς
1207 3330 1241 3394 οί

281 3424 380 3510 νόμοι
395 3420 476 3512 μετά
491 3431 646 3512 πλείστης
660 3423 831 3514 ἀκριβείας
842 3432 989 3512 κείμενοι
1001 3427 1238 3513 τυγχάνουσιν,

280 3518 417 3608 ἀγνοεῖν
442 3521 608 3610 ἐνόμιζεν·
642 3521 744 3591 οὐδὲν
767 3521 832 3610 γάρ
858 3518 902 3591 ἀν
929 3525 1075 3592 κωλύειν
1102 3522 1239 3610 ὁμοίους
1363 3563 1364 3594 ι

281 3617 430 3699 ἅπαντας
441 3620 526 3690 εἶναι
536 3620 780 3712 τούςἝλληνας
791 3623 891 3693 ἕνεκά
901 3650 939 3711 γε
949 3632 1012 3692 τοῦ
1022 3626 1143 3713 βάδιον
1152 3624 1238 3693 εἶναι
1312 3709 1314 3712 ¹
