2859 4334
290 365 354 430 κιο
581 371 898 430 mmmm
920 377 964 443 (ο)

291 530 374 608 λέξει
397 531 567 619 κοσμήσας
593 528 665 599 ἀλλ’
690 531 914 615 ἐξαριθμήσας
934 531 1043 615 μόνον
1068 535 1121 599 καλ
1143 531 1249 616 χύδην

290 624 394 694 εἰκῶν
414 625 524 708 οὐδεὶς
540 627 631 707 ὅστις
646 626 709 696 ούκ
725 625 770 696 άν
786 626 1047 716 εὐδοκιμήσειεν.

257 751 274 805 6
374 726 443 811 (γ’.)
459 723 540 814 Ἐγύ
564 735 681 798 τοίνυν
702 731 861 816 δυνηθεὶς
881 723 927 794 άν
946 730 1000 795 καὶ
1022 735 1097 811 περὶ
1118 727 1248 795 τούτων

292 828 520 912 ἐξαρκούντως
534 832 766 915 διαλεχθῆναι,
782 824 917 896 κάκεῖνο
928 829 1138 913 γιγνώσκων,
1156 852 1246 910 πριι·

291 952 351 993 τον
361 929 424 1013 μὲν
434 926 486 997 ὅτι
497 930 583 1017 ὁᾷόν
594 931 662 996 ἐστι
675 931 752 1011 περὶ
765 936 833 995 τῶν
848 929 1080 1013 γεγενημένων
1095 923 1247 1008 εὐπόρως

292 1030 485 1114 ἐπιδραμεῖν
504 1023 527 1114 ἢ
547 1030 623 1112 περὶ
641 1035 711 1095 τῶν
725 1032 918 1115 μελλόντων
939 1033 1025 1093 νοῦν
1040 1027 1183 1112 ἐχόντως
1201 1031 1245 1092 εί-

291 1140 384 1211 πεῖν,
400 1126 509 1195 ἔπειθ’
525 1125 576 1196 ότι
586 1126 709 1205 πάντες
724 1125 900 1211 ἅνθρωποι
913 1128 1017 1191 πλείω
1025 1120 1124 1210 χάριν
1133 1131 1243 1210 ἔχουσι

290 1240 359 1304 τοῖς
375 1230 572 1296 ἐπαινοῦσιν
588 1223 608 1315 ή
621 1242 690 1305 τοῖς
703 1225 994 1314 συμβουλεύουσι,
1010 1223 1089 1301 τούς
1104 1221 1245 1310 μὲνγὰρ

290 1321 336 1403 ὡς
351 1323 471 1405 εὔνους
485 1324 585 1405 ὄντας
604 1323 839 1411 ἀποδέχονται,
864 1322 943 1402 τούς
964 1319 995 1390 δ’
1012 1317 1056 1390 άυ
1072 1321 1117 1407 μή
1133 1330 1246 1390 κελευ-

257 1445 272 1500 1
290 1425 427 1502 σθέντες
441 1431 667 1509 παραινῶσιν,
683 1426 832 1508 ἐνοχλεῖν
841 1429 1046 1507 νομίζουσιν,
1064 1418 1138 1488 ἀλλ’
1157 1420 1246 1508 ὅμως

291 1521 422 1590 ἅπαντα
441 1531 545 1592 ταῦτα
566 1521 730 1610 προειδώς
750 1530 818 1590 τῶν
831 1526 893 1608 μὲν
910 1521 994 1609 πρός
1012 1522 1111 1609 χάριν
1126 1517 1172 1588 άυ
1186 1525 1245 1607 ῥη-

289 1621 422 1686 θέντων
440 1616 649 1706 άπεσχόμηυ,
666 1623 743 1704 περὶ
764 1622 799 1687 δὲ
815 1621 978 1689 τοιούτων
997 1621 1107 1706 μέλλω
1122 1627 1243 1706 λέγειν,

290 1719 365 1802 περὶ
382 1706 431 1785 ύυ
446 1714 556 1796 ούδελς
571 1713 616 1784 άν
630 1715 730 1796 ἄλλος
741 1717 952 1806 τολμήσειεν,
969 1716 1156 1805 ἡγούμενος
1172 1724 1243 1786 δεῖν

295 1820 374 1902 τούς
394 1824 567 1901 ἐπιεικείας
580 1822 638 1889 καὶ
658 1820 855 1907 φρονήσεως
872 1817 1171 1908 ἀμφισβητοῦντας
1195 1823 1240 1911 μή

295 1923 376 2003 τούς
393 1923 540 2012 δήστους
563 1931 799 2012 προαιρεῖσθαι
821 1927 890 1990 τῶν
919 1921 1031 2009 λόγων
1050 1921 1138 1990 άλλά
1162 1922 1242 2005 τούς

295 2024 579 2110 έργωδεστάτους,
593 2023 676 2110 μηδὲ
696 2019 776 2102 τούς
796 2020 952 2107 ἠδίστους
969 2037 1036 2100 τοῖς
1050 2021 1246 2100 ἀκούουσιν,

294 2119 367 2190 ἄλλ’
387 2124 419 2201 ἐξ
435 2113 484 2189 τόν
499 2120 710 2210 ὠφελήσουσι
725 2125 780 2190 καλ
793 2118 851 2200 τάς
866 2122 979 2200 πόλεις
993 2119 1050 2200 τάς
1065 2119 1179 2190 αὐτῶν
1195 2124 1245 2188 καὶ

294 2220 693 2310 τούςύλλουςἝλληυας·
716 2221 772 2310 ἐφ’
790 2219 905 2307 οἷσπερ
921 2219 985 2309 έγύ
1007 2223 1162 2310 τυγχάνω
1183 2229 1247 2290 νῦν

293 2322 489 2409 ἐφεστηκός.

259 2439 277 2493 8
377 2422 448 2506 (δ’.)
470 2422 636 2506 Θαυμάζω
650 2422 686 2489 δὲ
701 2423 755 2489 καὶ
769 2428 837 2489 τῶν
852 2418 963 2489 άλλων
973 2427 1041 2488 τῶν
1051 2421 1212 2504 πράττειν
1226 2410 1245 2504 ή

293 2523 402 2605 λέγειν
421 2523 639 2606 δυναμένων,
660 2527 690 2588 εἰ
704 2519 789 2607 μηδὲ
810 2518 936 2588 πώποτ’
964 2518 1076 2596 αὐτοῖς
1098 2522 1245 2603 ἐπῆλθεν

292 2624 530 2706 ἐνθυμηθῆναι
557 2624 632 2704 περὶ
660 2628 728 2687 τῶν
760 2629 886 2688 κοινῶν
911 2618 1133 2706 πραγμύτων,
1163 2618 1242 2704 μηδ’

293 2725 424 2808 ἐλεῆσαι
445 2719 504 2799 τάς
524 2719 744 2809 τήςἙλλάδος
765 2727 967 2805 δυσπραξίας
982 2719 1088 2800 οὕτως
1103 2727 1245 2807 αἰσχρῶς

291 2822 346 2889 καὶ
358 2824 475 2897 δεινῶς
486 2823 734 2906 διατιθεμένης,
748 2813 787 2907 ἧς
799 2818 907 2899 οὐδεὶς
918 2824 1177 2904 παραλέλειπται
1188 2822 1243 2888 τό·

291 2943 369 3003 νιος,
390 2915 427 2997 ός
438 2914 479 2985 ού
489 2921 580 3004 γέμει
592 2922 647 2986 καὶ
658 2919 777 3005 μεστός
791 2922 858 2988 ἐστι
870 2922 1017 3007 πολέμου
1028 2921 1083 2986 καὶ
1094 2917 1245 2987 στάσεων

291 3019 346 3087 καὶ
354 3027 495 3103 σφαγῶν
503 3021 556 3085 καὶ
568 3027 681 3086 κακῶν
691 3016 948 3107 ἀναριθμήτων·
961 3010 1009 3087 ῶν
1020 3017 1176 3096 πλεῖστον
1187 3022 1245 3105 μέ-

291 3144 349 3203 ρος
366 3117 604 3203 μετειλήφασιν
621 3123 654 3186 οί
669 3117 842 3205 τήςἈσίας
853 3116 915 3206 τήν
931 3124 1098 3203 παραλίαν
1113 3123 1249 3186 οίκούν-
1262 3134 1300 3188 43⁶

290 3242 359 3301 τες,
380 3212 440 3295 ούς
455 3219 492 3284 έν
508 3231 578 3294 ταῖς
591 3220 779 3306 συνθήκαις
795 3217 943 3296 ἅπαντας
957 3217 1188 3302 ἐκδεδάκαμευ
1205 3216 1247 3286 ού

290 3315 402 3402 μόνον,
424 3329 493 3392 τοῖς
512 3318 697 3402 βαρβάροις
725 3316 809 3386 άλλά
832 3322 886 3386 καλ
907 3324 975 3384 τῶν
986 3313 1156 3403 Ἑλλήνων
1178 3331 1245 3393 τοῖς

288 3423 347 3503 τῆς
357 3418 419 3501 μέν
430 3422 544 3501 φωνῆς
555 3423 616 3503 τῆς
622 3414 782 3503 ἡμετέρας
794 3425 1007 3500 κοινωνοῦσι,
1026 3425 1072 3505 τῶ
1084 3417 1120 3484 δὲ
1132 3417 1244 3507 τρόπῳ

255 3538 271 3591 9
286 3521 333 3603 τῷ
349 3522 417 3581 τῶν
435 3516 616 3600 βαρβάρων
632 3508 838 3603 χρωμένοις(
855 3514 930 3601 οδς,
952 3523 983 3608 εί
999 3524 1085 3585 νοῦν
1104 3525 1241 3602 εἴχομεν,

288 3611 351 3680 ούκ
374 3608 418 3677 άν
440 3624 675 3701 περιεωρῶμεν
697 3616 959 3703 ἀθροιζομένους
987 3615 1061 3683 οὐδ’
1087 3614 1153 3682 ὑπό
1175 3623 1241 3682 τῶν
