2859 4334
446 443 565 501 ΠΕΡΙ
580 440 923 501 ΑΝΤΙΔΟΣΕΩΣ.
1101 432 1158 497 147

210 606 423 688 γιγνομένην,
430 598 514 669 ἀλλὰ
529 600 592 687 τὴν
608 599 688 687 μετὰ
707 606 930 687 σωφροσύνης
945 598 1035 667 οὕτω
1050 624 1159 685 παρα-

209 700 440 781 σκευάζουσιν
459 697 520 785 τὴν
541 695 652 785 ψυχὴν
674 697 758 766 ὥστε
779 700 884 784 μηδὲν
902 688 1002 785 ἧττον
1016 708 1159 783 θαρρεῖν

209 803 247 867 έν
261 797 302 885 δὴ
318 806 398 866 πᾶσι
418 812 486 877 τοῖς
499 805 647 877 πολίταις
667 797 746 876 τούς
767 799 888 884 λόγους
909 799 1116 883 ποιούμενον
1137 792 1159 883 ἢ

103 954 106 957 .
208 896 294 982 πρὸς
308 896 415 965 αὑτὸν
428 899 690 984 διανοούμενον,
712 905 761 976 τίς
781 895 843 964 ούκ
863 894 965 981 οἶδεν,
981 895 1032 964 ὅτι
1049 894 1159 982 τυχύυ

208 997 228 1065 ὁ
243 1006 394 1076 τοιοῦτος
408 1002 569 1083 παιδείας,
578 995 622 1083 μὴ
639 1004 697 1083 της
710 994 989 1083 ύπηκριβωμένης
1004 993 1088 1063 ἄλλα
1103 1002 1160 1081 τῆς

87 1142 91 1149 ·
134 1070 405 1187 ,Qauoaatov
426 1098 479 1164 καὶ
501 1104 581 1163 πᾶσι
603 1104 727 1182 κοινῆς,
737 1102 886 1174 τοιοῦτος
907 1092 951 1161 ἂν
973 1105 1023 1179 είη
1038 1095 1158 1182 ῥήτωρ,

133 1190 187 1269 Ι191
214 1192 284 1275 οἶος
306 1192 368 1264 ούκ
388 1192 453 1262 οἷδ’
478 1205 511 1263 εί
525 1221 575 1274 τις
595 1202 663 1263 τῶν
680 1195 1012 1280 Ἐλλήνωνγέγονενς
1027 1197 1082 1262 καί
1097 1196 1159 1279 μὲν

209 1294 250 1384 δὴ
267 1293 443 1373 κάκείνους
465 1305 560 1381 ίσμευ
575 1294 654 1375 τούς
669 1298 931 1377 καταδεεστέραν
951 1297 1014 1380 μὲν
1029 1295 1159 1362 τούτων

207 1394 271 1482 τὴν
286 1393 392 1479 φύσιν
406 1400 557 1481 ἔχοντας,
579 1409 650 1474 ταῖς
670 1394 700 1463 δ’
727 1399 908 1481 ἐμπειρίαις
930 1398 986 1463 καὶ
1000 1409 1071 1473 ταῖς
1084 1398 1157 1461 έπι·

209 1502 354 1582 μελείαις
369 1497 584 1581 προέχοντας,
601 1495 651 1563 ὅτι
668 1504 838 1582 γίγνονται
854 1504 1024 1577 κρείττους
1038 1490 1080 1561 ού
1095 1492 1158 1579 μό-

208 1621 273 1661 νον
286 1591 400 1660 αὑτύυ
414 1591 498 1662 ύλλᾶ
515 1596 653 1662 καὶτῶν
669 1589 708 1662 εύ
724 1596 786 1680 μὲν
797 1594 1011 1678 πεφυκότων,
1029 1601 1104 1660 λίαν
1123 1588 1155 1658 δ’

209 1691 323 1761 αὑτων
343 1695 635 1781 κατημεληκότων·
668 1691 755 1762 οἶσθ’
783 1692 943 1775 ἑκάτερόν
967 1718 1001 1758 τε
1027 1691 1158 1758 τούτων

208 1791 325 1861 δεινόν
339 1789 383 1860 ἄν
399 1795 453 1860 καὶ
473 1797 582 1877 λέγειν
597 1795 650 1860 καλ
668 1794 826 1875 πράττειν
841 1791 1029 1876 ποιήσειεν,
1045 1787 1159 1875 ἀμφό-

207 1892 289 1979 τερύ
306 1916 341 1959 τε
361 1894 525 1977 γευόμενα
547 1894 622 1974 περὶ
647 1890 707 1958 τὸν
724 1889 829 1959 αύτὸυ
845 1888 1100 1977 ἀνυπέρβλητον
1115 1886 1159 1955 ἂν

134 2004 190 2060 192
207 2006 278 2068 τοῖς
291 1988 405 2067 ἄλλοις
419 1986 658 2058 ἅποτελέσειεν.
687 1990 763 2075 περὶ
785 1990 847 2074 μὲν
864 1981 928 2056 ούν
949 1996 1007 2075 τῆς
1023 1989 1159 2071 φύσεως

206 2091 262 2157 καλ
277 2096 335 2174 τῆς
349 2092 516 2172 ἐμπειρίας
525 2097 628 2156 ταῦτα
643 2089 834 2175 γιγνώσκω·
855 2090 930 2172 περὶ
945 2088 981 2155 δὲ
1003 2094 1060 2173 τῆς
1077 2111 1157 2153 παι·
1171 2094 1206 2151 96

207 2194 298 2265 δείας
309 2184 371 2253 ούκ
383 2192 445 2273 ἔχω
457 2196 611 2255 τοιοῦτον
622 2188 725 2273 λόγον
737 2194 856 2257 εἰπεῖν·
869 2184 947 2255 οὔτε
958 2185 1024 2273 γὰρ
1036 2185 1158 2272 ὁμοίαν

206 2286 286 2353 ούτε
307 2293 541 2372 παραπλησίαν
563 2293 626 2373 ἔχει
648 2288 778 2366 τούτοις
791 2284 854 2373 τὴν
868 2289 1025 2373 δύναμιν.
1047 2293 1077 2354 εί
1092 2285 1157 2372 γάρ

206 2412 257 2463 τις
273 2386 483 2453 διακούσειευ
498 2384 629 2453 ἅπαντα
641 2385 680 2454 τὰ
696 2388 771 2469 περὶ
783 2384 861 2463 τούς
876 2385 997 2471 λόγους
1010 2389 1065 2453 καὶ
1082 2388 1157 2452 δια·

207 2490 393 2570 κριβωθείη
414 2492 543 2569 μᾶλλον
566 2492 634 2552 τῶν
650 2484 779 2570 ἄλλων,
805 2484 916 2570 λόγων
936 2487 999 2571 μὲν
1020 2481 1158 2570 ποιητὴς

208 2580 312 2668 τυχὸν
326 2578 370 2648 ἄν
383 2587 592 2668 χαριέστερος
605 2590 735 2672 γένοιτο
750 2591 819 2652 τῶν
834 2593 980 2670 πολλῶν,
996 2592 1042 2664 είς
1056 2585 1156 2671 ὄχλου

207 2683 244 2749 δὲ
257 2681 431 2768 καταστὰς,
443 2686 565 2751 τούτου
575 2684 682 2769 μόνον
694 2683 936 2769 ἀποστερηθεὶς
947 2692 1008 2751 τού
1018 2692 1157 2771 τολμᾶν,

207 2777 283 2848 οὐδ’
300 2776 344 2847 ύν
359 2784 572 2866 φθέγξασθαι
590 2788 765 2870 δυνηθείη.

134 2892 188 2947 19³
292 2880 455 2965 (κς’.·ιε’.)
485 2886 548 2948 Καὶ
563 2886 676 2969 μηδεὶς
694 2887 818 2951 οίέσθω
835 2910 875 2970 με
897 2882 982 2967 πρὸς
996 2884 1058 2969 μὲν
1072 2880 1159 2968 ὑμᾶς

205 2981 399 3045 συστέλλειν
425 2979 486 3065 την
511 2978 709 3066 ὑπόσχεσιν,
736 2980 873 3049 ἐπειδὰν
899 2982 935 3049 δὲ
956 2985 1157 3068 διαλέγωμαι

205 3075 291 3159 πρὸς
314 3073 394 3153 τούς
413 3085 568 3146 συνεῖναί
587 3105 642 3164 μοι
666 3084 909 3166 βουλομένους,
934 3078 1070 3148 ἅπασαν
1094 3077 1154 3148 ὑπ’

206 3178 338 3265 έμαυτηί
349 3186 518 3243 ποιεῖσθαι
534 3175 596 3263 τὴν
614 3178 776 3263 δύναμιν·
791 3181 929 3265 φεύγων
942 3180 1007 3266 γὰρ
1018 3181 1076 3261 τὰς
1087 3207 1157 3249 τοι-

206 3276 310 3352 αύτας
334 3279 454 3356 αἰτίας,
479 3272 530 3343 ὅτ’
557 3274 708 3363 ἠρχόμην
737 3284 812 3364 περὶ
840 3282 965 3367 ταύτην
990 3280 1157 3369 εἶναιτὴν

205 3380 444 3460 πραγματείαν,
463 3374 565 3459 λόγον
582 3380 724 3444 διέδωκα
743 3380 891 3463 γράψας,
908 3383 945 3447 ἐν
961 3372 988 3469 ᾦ
1002 3380 1156 3466 φανησο-

205 3500 265 3560 μοι
276 3486 341 3550 τοῖς
354 3498 388 3539 τε
406 3478 536 3557 μείζους
547 3478 761 3560 ποιουμένοις
775 3477 832 3556 τὰς
845 3477 1038 3563 ὑποσχέσεις
1054 3483 1157 3547 ἐπιπι-

143 3579 280 3660 ιθεμύν
295 3573 348 3637 καὶ
363 3569 425 3658 τὴν
441 3575 586 3657 έμαυτού
599 3576 738 3662 γυύμην
755 3574 1036 3663 ἀποφαινόμενος.
1060 3578 1158 3665 ὃμὲν

206 3663 272 3737 ούν
286 3680 458 3758 κατηγορῶ
473 3681 539 3740 τῶν
561 3674 672 3743 ἄλλων
691 3685 901 3757 παραλείψω·
939 3681 993 3745 καί
1007 3680 1072 3763 γύρ
1087 3682 1155 3747 sau

969 3772 1023 3831 10*
