2859 4334
504 388 775 450 monn
1073 392 1114 454 ³³

129 563 159 618 λλ
243 550 313 637 (η’.)
328 546 462 622 Λοιπὸν
474 540 538 616 οὖν
552 551 641 618 ἐστίν
652 541 701 618 ὦν
714 553 910 638 προεθέμην
923 555 999 635 περί.
1009 553 1112 638 ἐμαυ-

167 657 221 716 τοῦ
235 653 399 732 διελθεδν,
421 645 469 715 ἵν’
488 646 663 737 ἐπίστησθ’
681 648 895 730 ὅτιτοιοῦτός
910 653 1001 720 ἐστιν
1015 649 1113 738 ὑμῶν

166 744 398 835 δβνσιλεύων,
420 746 457 827 ὃς
472 744 514 815 ού
528 747 636 834 μόνον
652 747 708 817 διά
730 748 810 830 τοὺς
823 751 1015 839 προγόνους
1028 748 1113 820 άλλά

166 849 212 914 καί
233 844 276 913 δι’
294 843 442 933 ἐμαυτὸν
456 851 592 925 δικαίως
606 843 651 914 άν
667 851 722 916 καί
742 853 892 933 μείζονος
908 855 1003 937 τιμῆς
1017 843 1040 935 ῆ
1054 875 1114 935 τη-

163 943 315 1030 λικαύτης
331 941 492 1032 ήξιάθην.
517 943 606 1030 οἶμαι
623 941 689 1032 γάρ
707 941 772 1031 ἐγω
787 945 916 1026 πάντας
930 941 975 1014 άν
990 943 1113 1032 ὁμολο-

162 1050 254 1132 γῆσαι
266 1048 423 1111 πλείστου
436 1050 505 1111 τῶν
515 1039 646 1128 άρετῶν
657 1040 750 1124 άξίας
760 1043 844 1114 εἷναι
855 1045 918 1133 τήν
927 1072 963 1115 τε
974 1066 1113 1129 σωφρο-

124 1159 149 1210 εο
161 1142 266 1230 σύνην
285 1142 342 1209 καὶ
361 1137 424 1229 τῆν
439 1143 668 1230 δικαιοσύνην.
703 1140 746 1211 ού
760 1141 826 1231 γάρ
847 1145 955 1232 μόνον
972 1143 1058 1233 ῆμᾶς
1074 1143 1140 1214 τόε

158 1237 234 1309 καθ’
248 1238 356 1320 αὑτάς
367 1237 570 1327 ύφελοῦσιυ,
588 1239 662 1310 ἀλλ’
678 1248 709 1310 εί
721 1241 893 1330 ’θέλοιμεν
905 1258 1045 1313 σκοπεῖν
1058 1248 1113 1312 καὶ

158 1339 210 1420 τάς
231 1338 355 1426 φύσεις
378 1340 433 1407 καὶ
459 1337 517 1418 τάς
542 1340 703 1426 δυνάμεις
729 1345 784 1409 καί
811 1340 870 1422 τὰς
890 1341 1022 1430 χρήσεις
1044 1351 1113 1410 τῶν

157 1437 378 1523 πραγμάτων,
400 1433 587 1524 εὑρήσομεν
602 1435 661 1518 τάς
677 1441 741 1524 μέν
755 1437 800 1526 μή
814 1441 1015 1527 μετεχούσας
1031 1443 1112 1509 τού-

157 1563 219 1604 των
232 1544 305 1605 τῶν
321 1542 422 1604 ίδεοῐν
438 1538 593 1623 μεγάλων
608 1545 723 1604 κακῶν
739 1543 844 1618 αἰτίοις
859 1536 979 1626 ούσας,
1000 1537 1059 1618 τὰς
1075 1543 1111 1608 δέ

157 1633 233 1722 μετά
246 1636 466 1724 δικαιοσύνης
480 1640 534 1705 καί
550 1637 775 1725 σωφροσύνης
789 1641 990 1725 γιγνομένας
1002 1636 1110 1708 πολλά
1125 1649 1158 1704 33

157 1733 212 1803 τὸν
226 1743 307 1823 βίον
321 1734 382 1804 τὸν
395 1743 464 1804 τῶν
477 1733 673 1820 ἀνθρώπων
689 1734 895 1823 ὠφελούσας.
925 1744 957 1806 εί
968 1739 1010 1825 δή
1024 1764 1112 1818 τινες

158 1843 220 1903 τῶν
230 1839 535 1922 προγεγενημένων
545 1839 596 1904 ἐπὶ
608 1835 744 1914 ταύταις
755 1850 825 1916 ταίς
837 1835 969 1921 άρεταίς
980 1835 1112 1906 εύδοκί-

157 1931 453 2022 μησαυ,’ῆγούμπι
481 1934 577 2023 κάμολ
605 1937 790 2024 προσήκειν
812 1943 869 2022 τῆς
890 1934 992 2024 αὐτῆς
1013 1938 1111 2024 δόξης

157 2036 294 2112 ἐκείνοις
307 2034 495 2119 τυγχάνειν,

119 2141 140 2194 31
237 2132 319 2219 (θ’.)
344 2128 414 2218 Τῆν
428 2133 490 2219 μὲν
505 2125 568 2201 ούν
580 2136 801 2220 δικαιοσύνην
813 2137 946 2202 ἐκεῖθεν
956 2130 1001 2202 άν
1011 2134 1111 2221 μάλι-

155 2253 211 2299 στα
233 2233 411 2300 κατίδοιτε.
445 2231 651 2319 παραλαβών
672 2230 755 2318 γάρ,
781 2229 832 2299 ὅτ’
856 2237 903 2312 είς
921 2229 983 2317 τήν
1004 2229 1110 2318 άρχῆυ

155 2329 379 2416 καθισταίμην,
392 2327 431 2397 τά
441 2334 504 2417 μὲν
514 2337 666 2418 βασίλεια
675 2333 854 2419 χρημάτων
863 2328 946 2400 κενά
957 2333 1012 2400 καί
1022 2332 1111 2400 πάν-

156 2456 189 2496 τα
202 2432 485 2516 κατηυαλωμένα,
500 2429 540 2497 τά
553 2431 588 2498 δέ
599 2428 777 2518 πράγματα
788 2437 931 2516 ταραχῆς
940 2428 1043 2516 μεστά
1055 2426 1136 2497 nath

152 2533 277 2612 πολλῆς
293 2529 480 2614 ἐπιμελείας
490 2528 633 2614 δεόμενοι
643 2531 698 2596 καί
710 2536 863 2617 φυλακῆς
876 2533 932 2597 καί
946 2531 1108 2614 δαπάνης,

153 2624 248 2707 είδιδς
258 2629 394 2708 ἐτέρους
404 2629 442 2694 ἐν
451 2641 520 2706 τοῖς
531 2627 696 2708 τοιούτοις
706 2642 835 2713 καιροῖς
846 2630 883 2696 ἐκ
895 2625 1020 2706 παντὸς
1028 2627 1108 2713 τρό·

150 2751 215 2794 που
227 2723 270 2794 τά
282 2723 418 2811 σφέτερ’
429 2722 541 2794 αὐτῶν
553 2731 822 2813 διορθουμίνους
833 2730 886 2796 καί
898 2724 1004 2794 πολλά
1017 2723 1108 2809 παρά

111 2837 138 2890 ³2
150 2823 208 2912 τῆν
220 2824 333 2910 φύσιν
344 2821 406 2911 τῆν
416 2821 529 2892 αὐτῶν
539 2827 697 2909 πράττειν
708 2824 1008 2914 άναγκαζομένους,
1020 2824 1109 2912 ὅμως

150 2921 224 2991 οὐδ’
242 2918 307 3008 ὑφ’
328 2920 403 3003 ένός
416 2923 547 2992 τούτων
568 2927 777 3011 διεφθάρην,
797 2923 871 2992 ἄλλ’
889 2924 996 3003 οὕτως
1010 2923 1108 3004 ὁσίως

149 3023 201 3088 καὶ
219 3026 335 3098 καλῶς
355 3022 567 3108 ἐπεμελήθην
582 3029 651 3090 τῶν
671 3023 878 3109 πραγμάτων
897 3021 981 3090 ὥστε
1003 3022 1108 3108 μηδὲν

149 3122 328 3202 ἐλλείπειν,
341 3119 374 3197 ἐξ
391 3108 440 3184 ὦν
452 3115 525 3185 οἶόν
538 3115 568 3185 τ’
579 3111 624 3205 ήν
635 3117 825 3207 αὐξηθῆναι
835 3123 889 3190 καί
901 3119 986 3203 πρὸς
995 3116 1109 3188 εύδαι-

149 3225 272 3302 μονίαν
287 3219 464 3286 ἐπιδοῦναι
478 3215 541 3302 τῆν
558 3218 667 3286 πόλιν.
689 3219 773 3301 πρός
786 3245 822 3287 τε
834 3216 899 3305 γάρ
917 3216 996 3297 τούς
1010 3224 1131 3285 πολί-ι

149 3344 205 3398 τας
220 3313 308 3404 μετά
319 3315 474 3402 τοιαύτης
487 3315 673 3402 πραότητος
684 3321 920 3403 προσηνέχθην
932 3315 1016 3386 ὅστε
1028 3317 1108 3403 μήτε

150 3412 262 3502 φυγάς
281 3412 364 3499 μήτε
378 3413 551 3494 θανάτους
561 3415 642 3500 μήτε
653 3416 832 3501 χρημάτων
847 3412 1016 3501 άποβολάς
1029 3413 1106 3501 μήτ’

148 3515 256 3602 άλλην
270 3516 438 3600 μηδεμίαν
450 3512 610 3600 τοιαύτην
622 3510 804 3600 συμφορὰν
820 3515 872 3581 ἐπὶ
886 3520 943 3601 τῆς
957 3517 1035 3600 ἐμῆς
1051 3540 1107 3600 γε·

106 3626 135 3680 33
148 3619 317 3698 γενῆσθαι
332 3615 510 3697 βασιλείας.
534 3609 662 3698 ἀβάτου
674 3612 709 3680 δὲ
722 3618 780 3699 τῆς
788 3608 945 3690 Ἑλλάδος
956 3608 1037 3699 ῆμίν
1047 3610 1105 3680 ού·

247 3723 407 3762 mucuns.
428 3707 448 3760 1,
948 3711 966 3763 3
