<?xml version="1.0" encoding="UTF-8"?>
<!DOCTYPE html PUBLIC "-//W3C//DTD XHTML 1.0 Transitional//EN"
    "http://www.w3.org/TR/xhtml1/DTD/xhtml1-transitional.dtd">
<html xmlns="http://www.w3.org/1999/xhtml" xml:lang="en" lang="en">
 <head>
  <title>
</title>
<meta http-equiv="Content-Type" content="text/html;charset=utf-8" />
  <meta name='ocr-system' content='tesseract 3.04.00' />
  <meta name='ocr-capabilities' content='ocr_page ocr_carea ocr_par ocr_line ocrx_word'/>
</head>
<body>
  <div class='ocr_page' id='page_1' title='image "./orationes00isgoog_0462.png"; bbox 0 0 2859 4334; ppageno 0'>
   <div class='ocr_carea' id='block_1_1' title="bbox 525 390 1149 454">
    <p class='ocr_par' dir='ltr' id='par_1_1' title="bbox 525 390 1149 454">
     <span class='ocr_line' id='line_1_1' title="bbox 525 390 1149 454; baseline 0.008 -5"><span class='ocrx_word' id='word_1_1' title='bbox 525 394 831 451; x_wconf 84' lang='grc' dir='ltr'><em>ΠΛΛΤΑΙΚΟΣ.</em></span> <span class='ocrx_word' id='word_1_2' title='bbox 1106 390 1149 454; x_wconf 74' lang='grc'><strong><em>89</em></strong></span> 
     </span>
    </p>
   </div>
   <div class='ocr_carea' id='block_1_2' title="bbox 146 544 1215 3304">
    <p class='ocr_par' dir='ltr' id='par_1_2' title="bbox 199 544 1150 1031">
     <span class='ocr_line' id='line_1_2' title="bbox 201 544 1149 638; baseline 0.001 -21"><span class='ocrx_word' id='word_1_3' title='bbox 201 553 315 638; x_wconf 83' lang='grc' dir='ltr'><strong><em>ἐπειδη</em></strong></span> <span class='ocrx_word' id='word_1_4' title='bbox 339 559 472 617; x_wconf 80' lang='grc' dir='ltr'><strong><em>πείθειν</em></strong></span> <span class='ocrx_word' id='word_1_5' title='bbox 496 548 593 635; x_wconf 80' lang='grc' dir='ltr'><strong><em>ἡμῶν</em></strong></span> <span class='ocrx_word' id='word_1_6' title='bbox 619 547 681 634; x_wconf 77' lang='grc' dir='ltr'><strong><em>τὴν</em></strong></span> <span class='ocrx_word' id='word_1_7' title='bbox 705 550 807 616; x_wconf 89' lang='grc' dir='ltr'><strong><em>πόλιν</em></strong></span> <span class='ocrx_word' id='word_1_8' title='bbox 831 548 891 635; x_wconf 77' lang='grc' dir='ltr'><strong><em>οὐχ</em></strong></span> <span class='ocrx_word' id='word_1_9' title='bbox 914 548 1028 618; x_wconf 79' lang='grc' dir='ltr'><strong><em>οἷοίτ’</em></strong></span> <span class='ocrx_word' id='word_1_10' title='bbox 1049 544 1149 638; x_wconf 79' lang='grc' dir='ltr'><strong><em>ἦσαν,</em></strong></span> 
     </span>
     <span class='ocr_line' id='line_1_3' title="bbox 201 645 1149 733; baseline 0.002 -18"><span class='ocrx_word' id='word_1_11' title='bbox 201 648 314 733; x_wconf 82' lang='grc' dir='ltr'><strong><em>ὥσπερ</em></strong></span> <span class='ocrx_word' id='word_1_12' title='bbox 328 646 408 727; x_wconf 82' lang='grc' dir='ltr'><strong><em>τοδς</em></strong></span> <span class='ocrx_word' id='word_1_13' title='bbox 425 651 587 725; x_wconf 78' lang='grc' dir='ltr'><strong><em>Θεσπιέας</em></strong></span> <span class='ocrx_word' id='word_1_14' title='bbox 602 650 656 715; x_wconf 80' lang='grc' dir='ltr'><strong><em>καὶ</em></strong></span> <span class='ocrx_word' id='word_1_15' title='bbox 671 645 750 725; x_wconf 81' lang='grc' dir='ltr'><strong><em>τούς</em></strong></span> <span class='ocrx_word' id='word_1_16' title='bbox 769 656 1010 733; x_wconf 81' lang='grc' dir='ltr'><strong><em>Ταναγραίους,</em></strong></span> <span class='ocrx_word' id='word_1_17' title='bbox 1028 669 1149 717; x_wconf 83' lang='grc' dir='ltr'><strong><em>σνντε-</em></strong></span> 
     </span>
     <span class='ocr_line' id='line_1_4' title="bbox 199 744 1149 834; baseline -0.002 -17"><span class='ocrx_word' id='word_1_18' title='bbox 199 758 273 817; x_wconf 79' lang='grc' dir='ltr'><strong><em>λετν</em></strong></span> <span class='ocrx_word' id='word_1_19' title='bbox 288 750 396 834; x_wconf 88' lang='grc' dir='ltr'><strong><em>μόνον</em></strong></span> <span class='ocrx_word' id='word_1_20' title='bbox 411 754 457 825; x_wconf 87' lang='grc' dir='ltr'><strong><em>είς</em></strong></span> <span class='ocrx_word' id='word_1_21' title='bbox 472 747 530 824; x_wconf 77' lang='grc' dir='ltr'><strong><em>τὰς</em></strong></span> <span class='ocrx_word' id='word_1_22' title='bbox 545 748 658 833; x_wconf 77' lang='grc' dir='ltr'><strong><em>Θήβας</em></strong></span> <span class='ocrx_word' id='word_1_23' title='bbox 671 744 887 831; x_wconf 75' lang='grc' dir='ltr'><strong><em>ἀναγκάζειν·</em></strong></span> <span class='ocrx_word' id='word_1_24' title='bbox 910 745 1090 834; x_wconf 73' lang='grc' dir='ltr'><strong><em>οὐδὲνγὰρ</em></strong></span> <span class='ocrx_word' id='word_1_25' title='bbox 1105 744 1149 815; x_wconf 80' lang='grc' dir='ltr'><strong><em>ἀν</em></strong></span> 
     </span>
     <span class='ocr_line' id='line_1_5' title="bbox 199 839 1148 932; baseline 0 -18"><span class='ocrx_word' id='word_1_26' title='bbox 199 855 266 914; x_wconf 80' lang='grc' dir='ltr'><strong><em>τῶν</em></strong></span> <span class='ocrx_word' id='word_1_27' title='bbox 288 844 479 931; x_wconf 84' lang='grc' dir='ltr'><strong><em>ἀνηκέστων</em></strong></span> <span class='ocrx_word' id='word_1_28' title='bbox 490 854 605 913; x_wconf 78' lang='grc' dir='ltr'><strong><em>κακῶν</em></strong></span> <span class='ocrx_word' id='word_1_29' title='bbox 615 839 701 931; x_wconf 81' lang='grc' dir='ltr'><strong><em>ἦμεν</em></strong></span> <span class='ocrx_word' id='word_1_30' title='bbox 712 846 929 924; x_wconf 88' lang='grc' dir='ltr'><strong><em>πεπονθότες.</em></strong></span> <span class='ocrx_word' id='word_1_31' title='bbox 954 855 1018 913; x_wconf 82' lang='grc' dir='ltr'><strong><em>νῦν</em></strong></span> <span class='ocrx_word' id='word_1_32' title='bbox 1034 848 1148 932; x_wconf 71' lang='grc' dir='ltr'><strong><em>δὲφα-</em></strong></span> 
     </span>
     <span class='ocr_line' id='line_1_6' title="bbox 199 943 1150 1031; baseline 0.002 -21"><span class='ocrx_word' id='word_1_33' title='bbox 199 950 291 1028; x_wconf 82' lang='grc' dir='ltr'><strong><em>υερολ</em></strong></span> <span class='ocrx_word' id='word_1_34' title='bbox 307 946 487 1030; x_wconf 88' lang='grc' dir='ltr'><strong><em>γεγόνασιν</em></strong></span> <span class='ocrx_word' id='word_1_35' title='bbox 501 943 543 1011; x_wconf 77' lang='grc' dir='ltr'><strong><em>οὐ</em></strong></span> <span class='ocrx_word' id='word_1_36' title='bbox 553 948 652 1011; x_wconf 77' lang='grc' dir='ltr'><strong><em>τοῦτο</em></strong></span> <span class='ocrx_word' id='word_1_37' title='bbox 668 945 914 1027; x_wconf 76' lang='grc' dir='ltr'><strong><em>διαπράξασθαι</em></strong></span> <span class='ocrx_word' id='word_1_38' title='bbox 926 949 1150 1031; x_wconf 79' lang='grc' dir='ltr'><strong><em>βουληθέντες</em></strong></span> 
     </span>
    </p>

    <p class='ocr_par' dir='ltr' id='par_1_3' title="bbox 151 1041 1177 2016">
     <span class='ocr_line' id='line_1_7' title="bbox 151 1041 1148 1129; baseline 0.008 -24"><span class='ocrx_word' id='word_1_39' title='bbox 151 1056 184 1105; x_wconf 83' lang='grc' dir='ltr'><strong><em>ιο</em></strong></span> <span class='ocrx_word' id='word_1_40' title='bbox 199 1041 286 1110; x_wconf 83' lang='grc' dir='ltr'><strong><em>ἀλλὰ</em></strong></span> <span class='ocrx_word' id='word_1_41' title='bbox 301 1050 358 1128; x_wconf 83' lang='grc' dir='ltr'><strong><em>τῆς</em></strong></span> <span class='ocrx_word' id='word_1_42' title='bbox 375 1045 483 1128; x_wconf 77' lang='grc' dir='ltr'><strong><em>χώρας</em></strong></span> <span class='ocrx_word' id='word_1_43' title='bbox 500 1041 596 1129; x_wconf 81' lang='grc' dir='ltr'><strong><em>ἡμῶν</em></strong></span> <span class='ocrx_word' id='word_1_44' title='bbox 619 1042 895 1128; x_wconf 82' lang='grc' dir='ltr'><strong><em>ἐπιθυμήσαντες.</em></strong></span> <span class='ocrx_word' id='word_1_45' title='bbox 918 1045 1081 1129; x_wconf 81' lang='grc' dir='ltr'><strong><em>θαυμάζω</em></strong></span> <span class='ocrx_word' id='word_1_46' title='bbox 1102 1044 1148 1129; x_wconf 70' lang='grc' dir='ltr'><strong><em>δὲ,</em></strong></span> 
     </span>
     <span class='ocr_line' id='line_1_8' title="bbox 201 1138 1177 1226; baseline -0.003 -17"><span class='ocrx_word' id='word_1_47' title='bbox 201 1140 286 1226; x_wconf 75' lang='grc' dir='ltr'><strong><em>πρὸς</em></strong></span> <span class='ocrx_word' id='word_1_48' title='bbox 301 1152 333 1209; x_wconf 90' lang='grc' dir='ltr'><strong><em>τί</em></strong></span> <span class='ocrx_word' id='word_1_49' title='bbox 345 1149 414 1207; x_wconf 83' lang='grc' dir='ltr'><strong><em>τῶν</em></strong></span> <span class='ocrx_word' id='word_1_50' title='bbox 428 1146 662 1226; x_wconf 81' lang='grc' dir='ltr'><strong><em>γεγενημένων</em></strong></span> <span class='ocrx_word' id='word_1_51' title='bbox 676 1138 902 1225; x_wconf 76' lang='grc' dir='ltr'><strong><em>ἀναφέροντες</em></strong></span> <span class='ocrx_word' id='word_1_52' title='bbox 916 1145 971 1209; x_wconf 79' lang='grc' dir='ltr'><strong><em>καί</em></strong></span> <span class='ocrx_word' id='word_1_53' title='bbox 986 1150 1056 1223; x_wconf 78' lang='grc' dir='ltr'><strong><em>πῶς</em></strong></span> <span class='ocrx_word' id='word_1_54' title='bbox 1070 1146 1149 1212; x_wconf 76' lang='grc' dir='ltr'><strong><em>ποτέ</em></strong></span> <span class='ocrx_word' id='word_1_55' title='bbox 1161 1153 1177 1206; x_wconf 90' lang='lat' dir='ltr'>d</span> 
     </span>
     <span class='ocr_line' id='line_1_9' title="bbox 198 1240 1145 1329; baseline 0 -19"><span class='ocrx_word' id='word_1_56' title='bbox 198 1240 665 1326; x_wconf 82' lang='grc' dir='ltr'><strong><em>τδδίκαιονκρίνουτεςταύτα</em></strong></span> <span class='ocrx_word' id='word_1_57' title='bbox 673 1240 1145 1329; x_wconf 80' lang='grc' dir='ltr'><strong><em>φήσουσιπροστάττεινημῑν.</em></strong></span> 
     </span>
     <span class='ocr_line' id='line_1_10' title="bbox 205 1336 1148 1424; baseline 0.001 -17"><span class='ocrx_word' id='word_1_58' title='bbox 205 1347 236 1407; x_wconf 87' lang='grc' dir='ltr'><strong><em>εί</em></strong></span> <span class='ocrx_word' id='word_1_59' title='bbox 250 1343 312 1423; x_wconf 79' lang='grc' dir='ltr'><strong><em>μὲν</em></strong></span> <span class='ocrx_word' id='word_1_60' title='bbox 329 1337 395 1424; x_wconf 84' lang='grc' dir='ltr'><strong><em>γάρ</em></strong></span> <span class='ocrx_word' id='word_1_61' title='bbox 409 1336 449 1405; x_wconf 78' lang='grc' dir='ltr'><strong><em>τὰ</em></strong></span> <span class='ocrx_word' id='word_1_62' title='bbox 463 1340 587 1424; x_wconf 83' lang='grc' dir='ltr'><strong><em>πάτρια</em></strong></span> <span class='ocrx_word' id='word_1_63' title='bbox 602 1345 797 1424; x_wconf 79' lang='grc' dir='ltr'><strong><em>σκοποῦσιν,</em></strong></span> <span class='ocrx_word' id='word_1_64' title='bbox 819 1336 861 1405; x_wconf 83' lang='grc' dir='ltr'><strong><em>οὐ</em></strong></span> <span class='ocrx_word' id='word_1_65' title='bbox 875 1346 943 1405; x_wconf 77' lang='grc' dir='ltr'><strong><em>τῶν</em></strong></span> <span class='ocrx_word' id='word_1_66' title='bbox 956 1338 1070 1409; x_wconf 80' lang='grc' dir='ltr'><strong><em>ἀλλων</em></strong></span> <span class='ocrx_word' id='word_1_67' title='bbox 1085 1339 1148 1408; x_wconf 83' lang='grc' dir='ltr'><strong><em>αά-</em></strong></span> 
     </span>
     <span class='ocr_line' id='line_1_11' title="bbox 199 1434 1147 1528; baseline 0.002 -23"><span class='ocrx_word' id='word_1_68' title='bbox 199 1452 269 1516; x_wconf 77' lang='grc' dir='ltr'><strong><em>τοῖς</em></strong></span> <span class='ocrx_word' id='word_1_69' title='bbox 280 1436 422 1520; x_wconf 80' lang='grc' dir='ltr'><strong><em>ἀρκτέον</em></strong></span> <span class='ocrx_word' id='word_1_70' title='bbox 446 1434 529 1504; x_wconf 80' lang='grc' dir='ltr'><strong><em>α’λλά</em></strong></span> <span class='ocrx_word' id='word_1_71' title='bbox 551 1434 638 1505; x_wconf 78' lang='grc' dir='ltr'><strong><em>πολι)</em></strong></span> <span class='ocrx_word' id='word_1_72' title='bbox 653 1444 782 1522; x_wconf 81' lang='grc' dir='ltr'><strong><em>μᾶλλον</em></strong></span> <span class='ocrx_word' id='word_1_73' title='bbox 801 1434 1022 1525; x_wconf 76' lang='grc' dir='ltr'><strong><em>Ὀρχομενίοις</em></strong></span> <span class='ocrx_word' id='word_1_74' title='bbox 1037 1439 1147 1528; x_wconf 82' lang='grc' dir='ltr'><strong><em>φόρον</em></strong></span> 
     </span>
     <span class='ocr_line' id='line_1_12' title="bbox 199 1531 1147 1623; baseline 0 -21"><span class='ocrx_word' id='word_1_75' title='bbox 199 1538 345 1602; x_wconf 79' lang='grc' dir='ltr'><strong><em>οἰστέον·</em></strong></span> <span class='ocrx_word' id='word_1_76' title='bbox 368 1533 459 1602; x_wconf 80' lang='grc' dir='ltr'><strong><em>οὕτω</em></strong></span> <span class='ocrx_word' id='word_1_77' title='bbox 477 1532 541 1619; x_wconf 79' lang='grc' dir='ltr'><strong><em>γὰρ</em></strong></span> <span class='ocrx_word' id='word_1_78' title='bbox 554 1531 618 1619; x_wconf 81' lang='grc' dir='ltr'><strong><em>εἶχε</em></strong></span> <span class='ocrx_word' id='word_1_79' title='bbox 627 1531 664 1600; x_wconf 90' lang='grc' dir='ltr'><strong><em>τδ</em></strong></span> <span class='ocrx_word' id='word_1_80' title='bbox 677 1534 837 1601; x_wconf 87' lang='grc' dir='ltr'><strong><em>παλαιόν·</em></strong></span> <span class='ocrx_word' id='word_1_81' title='bbox 861 1541 890 1602; x_wconf 89' lang='grc' dir='ltr'><strong><em>εί</em></strong></span> <span class='ocrx_word' id='word_1_82' title='bbox 900 1535 935 1601; x_wconf 80' lang='grc' dir='ltr'><strong><em>δέ</em></strong></span> <span class='ocrx_word' id='word_1_83' title='bbox 947 1532 1005 1613; x_wconf 74' lang='grc' dir='ltr'><strong><em>τὰς</em></strong></span> <span class='ocrx_word' id='word_1_84' title='bbox 1016 1538 1147 1623; x_wconf 77' lang='grc' dir='ltr'><strong><em>συνθη-</em></strong></span> 
     </span>
     <span class='ocr_line' id='line_1_13' title="bbox 199 1629 1148 1721; baseline 0.002 -21"><span class='ocrx_word' id='word_1_85' title='bbox 199 1660 261 1711; x_wconf 86' lang='grc' dir='ltr'><strong><em>ιιας</em></strong></span> <span class='ocrx_word' id='word_1_86' title='bbox 272 1632 424 1711; x_wconf 82' lang='grc' dir='ltr'><strong><em>ἀξιοῦσιν</em></strong></span> <span class='ocrx_word' id='word_1_87' title='bbox 437 1630 521 1698; x_wconf 75' lang='grc' dir='ltr'><strong><em>εἶναι</em></strong></span> <span class='ocrx_word' id='word_1_88' title='bbox 534 1638 661 1715; x_wconf 86' lang='grc' dir='ltr'><strong><em>κυρίας,</em></strong></span> <span class='ocrx_word' id='word_1_89' title='bbox 677 1629 761 1713; x_wconf 80' lang='grc' dir='ltr'><strong><em>ὅπερ</em></strong></span> <span class='ocrx_word' id='word_1_90' title='bbox 771 1635 838 1699; x_wconf 81' lang='grc' dir='ltr'><strong><em>ἐστὶ</em></strong></span> <span class='ocrx_word' id='word_1_91' title='bbox 850 1638 990 1717; x_wconf 89' lang='grc' dir='ltr'><strong><em>δίκαιον,</em></strong></span> <span class='ocrx_word' id='word_1_92' title='bbox 1006 1643 1077 1713; x_wconf 78' lang='grc' dir='ltr'><strong><em>πῶς</em></strong></span> <span class='ocrx_word' id='word_1_93' title='bbox 1088 1633 1148 1721; x_wconf 76' lang='grc' dir='ltr'><strong><em>οὐχ</em></strong></span> 
     </span>
     <span class='ocr_line' id='line_1_14' title="bbox 198 1728 1148 1818; baseline 0.004 -21"><span class='ocrx_word' id='word_1_94' title='bbox 198 1730 470 1816; x_wconf 75' lang='grc' dir='ltr'><strong><em>ὁμολογήσουσιν</em></strong></span> <span class='ocrx_word' id='word_1_95' title='bbox 491 1728 619 1799; x_wconf 77' lang='grc' dir='ltr'><strong><em>ἀδικεῖν</em></strong></span> <span class='ocrx_word' id='word_1_96' title='bbox 640 1734 695 1797; x_wconf 79' lang='grc' dir='ltr'><strong><em>καί</em></strong></span> <span class='ocrx_word' id='word_1_97' title='bbox 714 1738 936 1818; x_wconf 81' lang='grc' dir='ltr'><strong><em>παραβαίνειν</em></strong></span> <span class='ocrx_word' id='word_1_98' title='bbox 959 1730 1078 1812; x_wconf 71' lang='grc' dir='ltr'><strong><em>αὐτοῖς,Ι</em></strong></span> <span class='ocrx_word' id='word_1_99' title='bbox 1110 1733 1148 1801; x_wconf 83' lang='lat' dir='ltr'><strong><em>o&#39;-</em></strong></span> 
     </span>
     <span class='ocr_line' id='line_1_15' title="bbox 197 1828 1148 1916; baseline 0.002 -19"><span class='ocrx_word' id='word_1_100' title='bbox 197 1837 300 1915; x_wconf 92' lang='grc' dir='ltr'><strong><em>μοίως</em></strong></span> <span class='ocrx_word' id='word_1_101' title='bbox 315 1828 378 1915; x_wconf 84' lang='grc' dir='ltr'><strong><em>γάρ</em></strong></span> <span class='ocrx_word' id='word_1_102' title='bbox 393 1832 452 1907; x_wconf 81' lang='grc' dir='ltr'><strong><em>τοὶς</em></strong></span> <span class='ocrx_word' id='word_1_103' title='bbox 466 1857 501 1898; x_wconf 90' lang='grc' dir='ltr'><strong><em>τε</em></strong></span> <span class='ocrx_word' id='word_1_104' title='bbox 516 1829 636 1915; x_wconf 75' lang='grc' dir='ltr'><strong><em>μικρὰς</em></strong></span> <span class='ocrx_word' id='word_1_105' title='bbox 647 1837 714 1896; x_wconf 79' lang='grc' dir='ltr'><strong><em>τῶν</em></strong></span> <span class='ocrx_word' id='word_1_106' title='bbox 725 1831 857 1898; x_wconf 87' lang='grc' dir='ltr'><strong><em>πόλεων</em></strong></span> <span class='ocrx_word' id='word_1_107' title='bbox 870 1828 993 1909; x_wconf 75' lang='grc' dir='ltr'><strong><em>καὶτὰς</em></strong></span> <span class='ocrx_word' id='word_1_108' title='bbox 1004 1834 1148 1916; x_wconf 76' lang='grc' dir='ltr'><strong><em>μεγάλας</em></strong></span> 
     </span>
     <span class='ocr_line' id='line_1_16' title="bbox 199 1926 731 2016; baseline -0.002 -19"><span class='ocrx_word' id='word_1_109' title='bbox 199 1926 411 2016; x_wconf 73' lang='grc' dir='ltr'><strong><em>αὐτονόμους</em></strong></span> <span class='ocrx_word' id='word_1_110' title='bbox 427 1929 511 1997; x_wconf 82' lang='grc' dir='ltr'><strong><em>εἶναι</em></strong></span> <span class='ocrx_word' id='word_1_111' title='bbox 526 1930 731 1998; x_wconf 86' lang='grc' dir='ltr'><strong><em>κελεύουσιν.</em></strong></span> 
     </span>
    </p>

    <p class='ocr_par' dir='ltr' id='par_1_4' title="bbox 146 2026 1175 2415">
     <span class='ocr_line' id='line_1_17' title="bbox 146 2026 1175 2115; baseline 0.001 -16"><span class='ocrx_word' id='word_1_112' title='bbox 146 2048 179 2099; x_wconf 88' lang='lat' dir='ltr'><strong><em>ll</em></strong></span> <span class='ocrx_word' id='word_1_113' title='bbox 286 2031 351 2112; x_wconf 69' lang='grc' dir='ltr'><strong><em>(ζ.)</em></strong></span> <span class='ocrx_word' id='word_1_114' title='bbox 380 2028 480 2115; x_wconf 88' lang='grc' dir='ltr'><strong><em>Οίμαι</em></strong></span> <span class='ocrx_word' id='word_1_115' title='bbox 507 2030 543 2095; x_wconf 77' lang='grc' dir='ltr'><strong><em>δέ</em></strong></span> <span class='ocrx_word' id='word_1_116' title='bbox 568 2031 642 2113; x_wconf 74' lang='grc' dir='ltr'><strong><em>περὶ</em></strong></span> <span class='ocrx_word' id='word_1_117' title='bbox 661 2028 722 2114; x_wconf 77' lang='grc' dir='ltr'><strong><em>μὲν</em></strong></span> <span class='ocrx_word' id='word_1_118' title='bbox 749 2030 878 2095; x_wconf 83' lang='grc' dir='ltr'><strong><em>τούτων</em></strong></span> <span class='ocrx_word' id='word_1_119' title='bbox 903 2026 945 2095; x_wconf 78' lang='grc' dir='ltr'><strong><em>οὐ</em></strong></span> <span class='ocrx_word' id='word_1_120' title='bbox 970 2031 1175 2115; x_wconf 74' lang='grc' dir='ltr'><strong><em>τολμήσεινο</em></strong></span> 
     </span>
     <span class='ocr_line' id='line_1_18' title="bbox 198 2124 1150 2213; baseline 0 -18"><span class='ocrx_word' id='word_1_121' title='bbox 198 2127 323 2205; x_wconf 72' lang='grc' dir='ltr'><strong><em>αὐτοὺς</em></strong></span> <span class='ocrx_word' id='word_1_122' title='bbox 335 2126 586 2213; x_wconf 70' lang='grc' dir='ltr'><strong><em>ἀναισχυντεῖν,</em></strong></span> <span class='ocrx_word' id='word_1_123' title='bbox 608 2124 660 2195; x_wconf 81' lang='grc' dir='ltr'><strong><em>ἐπ’</em></strong></span> <span class='ocrx_word' id='word_1_124' title='bbox 683 2131 813 2195; x_wconf 78' lang='grc' dir='ltr'><strong><em>ἐκεῖνον</em></strong></span> <span class='ocrx_word' id='word_1_125' title='bbox 836 2127 873 2194; x_wconf 74' lang='grc' dir='ltr'><strong><em>δέ</em></strong></span> <span class='ocrx_word' id='word_1_126' title='bbox 893 2131 1075 2212; x_wconf 74' lang='grc' dir='ltr'><strong><em>τρέψεσθαι</em></strong></span> <span class='ocrx_word' id='word_1_127' title='bbox 1089 2125 1150 2195; x_wconf 84' lang='grc' dir='ltr'><strong><em>τὸν</em></strong></span> 
     </span>
     <span class='ocr_line' id='line_1_19' title="bbox 199 2225 1147 2313; baseline -0.003 -16"><span class='ocrx_word' id='word_1_128' title='bbox 199 2229 321 2313; x_wconf 86' lang='grc' dir='ltr'><strong><em>λόγον,</em></strong></span> <span class='ocrx_word' id='word_1_129' title='bbox 348 2225 392 2305; x_wconf 80' lang='grc' dir='ltr'><strong><em>ὡς</em></strong></span> <span class='ocrx_word' id='word_1_130' title='bbox 421 2226 503 2311; x_wconf 82' lang='grc' dir='ltr'><strong><em>μετὰ</em></strong></span> <span class='ocrx_word' id='word_1_131' title='bbox 524 2233 800 2313; x_wconf 88' lang='grc' dir='ltr'><strong><em>Λακεδαιμονίων</em></strong></span> <span class='ocrx_word' id='word_1_132' title='bbox 824 2230 1069 2313; x_wconf 79' lang='grc' dir='ltr'><strong><em>ἐπολεμοῦμεν,</em></strong></span> <span class='ocrx_word' id='word_1_133' title='bbox 1095 2230 1147 2295; x_wconf 73' lang='grc' dir='ltr'><strong><em>καὶ</em></strong></span> 
     </span>
     <span class='ocr_line' id='line_1_20' title="bbox 200 2325 1148 2415; baseline 0.002 -22"><span class='ocrx_word' id='word_1_134' title='bbox 200 2326 292 2414; x_wconf 79' lang='grc' dir='ltr'><strong><em>πίση</em></strong></span> <span class='ocrx_word' id='word_1_135' title='bbox 313 2333 353 2413; x_wconf 74' lang='grc' dir='ltr'><strong><em>τῇ</em></strong></span> <span class='ocrx_word' id='word_1_136' title='bbox 374 2333 544 2415; x_wconf 80' lang='grc' dir='ltr'><strong><em>συμμαχίη</em></strong></span> <span class='ocrx_word' id='word_1_137' title='bbox 565 2331 825 2413; x_wconf 79' lang='grc' dir='ltr'><strong><em>διαφθείραντες</em></strong></span> <span class='ocrx_word' id='word_1_138' title='bbox 851 2325 937 2413; x_wconf 79' lang='grc' dir='ltr'><strong><em>ἡμᾶς</em></strong></span> <span class='ocrx_word' id='word_1_139' title='bbox 957 2325 997 2395; x_wconf 85' lang='grc' dir='ltr'><strong><em>τά</em></strong></span> <span class='ocrx_word' id='word_1_140' title='bbox 1018 2330 1148 2413; x_wconf 81' lang='grc' dir='ltr'><strong><em>συμφέ-</em></strong></span> 
     </span>
    </p>

    <p class='ocr_par' dir='ltr' id='par_1_5' title="bbox 148 2423 1215 3008">
     <span class='ocr_line' id='line_1_21' title="bbox 148 2423 1146 2513; baseline 0.003 -23"><span class='ocrx_word' id='word_1_141' title='bbox 148 2448 184 2497; x_wconf 66' lang='grc' dir='ltr'><strong><em>ιυ</em></strong></span> <span class='ocrx_word' id='word_1_142' title='bbox 199 2452 303 2508; x_wconf 90' lang='grc' dir='ltr'><strong><em>ροντα</em></strong></span> <span class='ocrx_word' id='word_1_143' title='bbox 318 2426 548 2510; x_wconf 84' lang='grc' dir='ltr'><strong><em>πεποιήκασιν.</em></strong></span> <span class='ocrx_word' id='word_1_144' title='bbox 573 2424 645 2511; x_wconf 84' lang='grc' dir='ltr'>(η’.)</span> <span class='ocrx_word' id='word_1_145' title='bbox 657 2424 737 2510; x_wconf 78' lang='grc' dir='ltr'><strong><em>Ἐγιδ</em></strong></span> <span class='ocrx_word' id='word_1_146' title='bbox 751 2430 770 2490; x_wconf 91' lang='grc' dir='ltr'><strong><em>δ</em></strong></span> <span class='ocrx_word' id='word_1_147' title='bbox 774 2424 782 2448; x_wconf 81' lang='grc'><strong><em>’</em></strong></span> <span class='ocrx_word' id='word_1_148' title='bbox 795 2423 941 2511; x_wconf 82' lang='grc' dir='ltr'><strong><em>ἡγουμαι</em></strong></span> <span class='ocrx_word' id='word_1_149' title='bbox 952 2428 1014 2512; x_wconf 76' lang='grc' dir='ltr'><strong><em>μὲν</em></strong></span> <span class='ocrx_word' id='word_1_150' title='bbox 1028 2433 1146 2513; x_wconf 78' lang='grc' dir='ltr'><strong><em>χρῆναι</em></strong></span> 
     </span>
     <span class='ocr_line' id='line_1_22' title="bbox 198 2522 1215 2611; baseline 0.006 -21"><span class='ocrx_word' id='word_1_151' title='bbox 198 2530 363 2610; x_wconf 87' lang='grc' dir='ltr'><strong><em>μηδεμίαν</em></strong></span> <span class='ocrx_word' id='word_1_152' title='bbox 377 2522 451 2610; x_wconf 84' lang='grc' dir='ltr'><strong><em>μήτ’</em></strong></span> <span class='ocrx_word' id='word_1_153' title='bbox 476 2532 584 2593; x_wconf 81' lang='grc' dir='ltr'><strong><em>αἰτίαν</em></strong></span> <span class='ocrx_word' id='word_1_154' title='bbox 605 2526 685 2611; x_wconf 83' lang='grc' dir='ltr'><strong><em>μήτε</em></strong></span> <span class='ocrx_word' id='word_1_155' title='bbox 700 2530 901 2611; x_wconf 80' lang='grc' dir='ltr'><strong><em>κατηγορίαν</em></strong></span> <span class='ocrx_word' id='word_1_156' title='bbox 916 2531 1026 2610; x_wconf 77' lang='grc' dir='ltr'><strong><em>μεῖζον</em></strong></span> <span class='ocrx_word' id='word_1_157' title='bbox 1041 2524 1146 2592; x_wconf 81' lang='grc' dir='ltr'><strong><em>δύνει·</em></strong></span> <span class='ocrx_word' id='word_1_158' title='bbox 1164 2542 1215 2596; x_wconf 69' lang='lat'><strong><em>299</em></strong></span> 
     </span>
     <span class='ocr_line' id='line_1_23' title="bbox 199 2620 1148 2709; baseline 0.001 -21"><span class='ocrx_word' id='word_1_159' title='bbox 199 2632 281 2689; x_wconf 86' lang='grc' dir='ltr'><strong><em>σθαι</em></strong></span> <span class='ocrx_word' id='word_1_160' title='bbox 296 2630 363 2689; x_wconf 78' lang='grc' dir='ltr'><strong><em>των</em></strong></span> <span class='ocrx_word' id='word_1_161' title='bbox 378 2620 490 2705; x_wconf 79' lang='grc' dir='ltr'><strong><em>ὅρκων</em></strong></span> <span class='ocrx_word' id='word_1_162' title='bbox 504 2624 558 2691; x_wconf 81' lang='grc' dir='ltr'><strong><em>καὶ</em></strong></span> <span class='ocrx_word' id='word_1_163' title='bbox 574 2631 641 2690; x_wconf 82' lang='grc' dir='ltr'><strong><em>τῶν</em></strong></span> <span class='ocrx_word' id='word_1_164' title='bbox 655 2631 858 2709; x_wconf 79' lang='grc' dir='ltr'><strong><em>συνθηκῶν·</em></strong></span> <span class='ocrx_word' id='word_1_165' title='bbox 889 2620 930 2690; x_wconf 81' lang='grc' dir='ltr'><strong><em>οὐ</em></strong></span> <span class='ocrx_word' id='word_1_166' title='bbox 946 2621 1013 2708; x_wconf 83' lang='grc' dir='ltr'><strong><em>μην</em></strong></span> <span class='ocrx_word' id='word_1_167' title='bbox 1026 2621 1101 2690; x_wconf 84' lang='grc' dir='ltr'><strong><em>ἀλλ’</em></strong></span> <span class='ocrx_word' id='word_1_168' title='bbox 1119 2628 1148 2689; x_wconf 88' lang='grc' dir='ltr'><strong><em>εί</em></strong></span> 
     </span>
     <span class='ocr_line' id='line_1_24' title="bbox 198 2720 1146 2809; baseline 0.003 -21"><span class='ocrx_word' id='word_1_169' title='bbox 198 2727 252 2789; x_wconf 78' lang='grc' dir='ltr'><strong><em>δεῖ</em></strong></span> <span class='ocrx_word' id='word_1_170' title='bbox 259 2720 353 2799; x_wconf 78' lang='grc' dir='ltr'><strong><em>τινὰς</em></strong></span> <span class='ocrx_word' id='word_1_171' title='bbox 366 2732 475 2802; x_wconf 75' lang='grc' dir='ltr'><strong><em>κακῶς</em></strong></span> <span class='ocrx_word' id='word_1_172' title='bbox 485 2734 610 2791; x_wconf 80' lang='grc' dir='ltr'><strong><em>παθεῖν</em></strong></span> <span class='ocrx_word' id='word_1_173' title='bbox 627 2722 680 2790; x_wconf 79' lang='grc' dir='ltr'><strong><em>δια</em></strong></span> <span class='ocrx_word' id='word_1_174' title='bbox 696 2722 758 2809; x_wconf 79' lang='grc' dir='ltr'><strong><em>τὴν</em></strong></span> <span class='ocrx_word' id='word_1_175' title='bbox 772 2728 1045 2808; x_wconf 86' lang='grc' dir='ltr'><strong><em>Λακεδαιμονίων</em></strong></span> <span class='ocrx_word' id='word_1_176' title='bbox 1059 2743 1146 2809; x_wconf 87' lang='grc' dir='ltr'><strong><em>σνμ-</em></strong></span> 
     </span>
     <span class='ocr_line' id='line_1_25' title="bbox 198 2817 1146 2911; baseline 0.002 -24"><span class='ocrx_word' id='word_1_177' title='bbox 198 2829 331 2905; x_wconf 88' lang='grc' dir='ltr'><strong><em>μαχίαν,</em></strong></span> <span class='ocrx_word' id='word_1_178' title='bbox 348 2819 410 2888; x_wconf 79' lang='grc' dir='ltr'><strong><em>οὐκ</em></strong></span> <span class='ocrx_word' id='word_1_179' title='bbox 426 2817 470 2888; x_wconf 81' lang='grc' dir='ltr'><strong><em>ἀν</em></strong></span> <span class='ocrx_word' id='word_1_180' title='bbox 483 2830 661 2901; x_wconf 69' lang='grc' dir='ltr'><strong><em>Πλαταιεῖς</em></strong></span> <span class='ocrx_word' id='word_1_181' title='bbox 675 2826 707 2903; x_wconf 85' lang='grc' dir='ltr'><strong><em>ἐξ</em></strong></span> <span class='ocrx_word' id='word_1_182' title='bbox 723 2820 963 2890; x_wconf 76' lang='grc' dir='ltr'><strong><em>ἁπάντωντῶν</em></strong></span> <span class='ocrx_word' id='word_1_183' title='bbox 977 2822 1146 2911; x_wconf 83' lang='grc' dir='ltr'><strong><em>Ἑλληνων</em></strong></span> 
     </span>
     <span class='ocr_line' id='line_1_26' title="bbox 198 2919 1144 3008; baseline -0.001 -19"><span class='ocrx_word' id='word_1_184' title='bbox 198 2919 457 3005; x_wconf 83' lang='grc' dir='ltr'><strong><em>προύκρίθησαυ</em></strong></span> <span class='ocrx_word' id='word_1_185' title='bbox 472 2927 622 3000; x_wconf 88' lang='grc' dir='ltr'><strong><em>δικαίως·</em></strong></span> <span class='ocrx_word' id='word_1_186' title='bbox 649 2919 691 2989; x_wconf 79' lang='grc' dir='ltr'><strong><em>οὐ</em></strong></span> <span class='ocrx_word' id='word_1_187' title='bbox 713 2920 777 3007; x_wconf 80' lang='grc' dir='ltr'><strong><em>γὰρ</em></strong></span> <span class='ocrx_word' id='word_1_188' title='bbox 801 2922 932 3000; x_wconf 80' lang='grc' dir='ltr'><strong><em>ἑκόντες</em></strong></span> <span class='ocrx_word' id='word_1_189' title='bbox 950 2919 1023 2990; x_wconf 84' lang='grc' dir='ltr'><strong><em>ἀλλ’</em></strong></span> <span class='ocrx_word' id='word_1_190' title='bbox 1039 2920 1144 3008; x_wconf 86' lang='grc' dir='ltr'><strong><em>ἀναγ-</em></strong></span> 
     </span>
    </p>

    <p class='ocr_par' dir='ltr' id='par_1_6' title="bbox 148 3016 1147 3304">
     <span class='ocr_line' id='line_1_27' title="bbox 148 3016 1145 3106; baseline -0.002 -18"><span class='ocrx_word' id='word_1_191' title='bbox 148 3036 183 3089; x_wconf 81' lang='grc'><strong><em>13</em></strong></span> <span class='ocrx_word' id='word_1_192' title='bbox 198 3024 380 3099; x_wconf 86' lang='grc' dir='ltr'><strong><em>κασθέντες</em></strong></span> <span class='ocrx_word' id='word_1_193' title='bbox 400 3020 513 3099; x_wconf 78' lang='grc' dir='ltr'><strong><em>αὐτοῖς</em></strong></span> <span class='ocrx_word' id='word_1_194' title='bbox 535 3022 767 3105; x_wconf 82' lang='grc' dir='ltr'><strong><em>ἐδουλεύομεν.</em></strong></span> <span class='ocrx_word' id='word_1_195' title='bbox 790 3025 839 3099; x_wconf 92' lang='grc' dir='ltr'><strong><em>τίς</em></strong></span> <span class='ocrx_word' id='word_1_196' title='bbox 859 3019 923 3106; x_wconf 80' lang='grc' dir='ltr'><strong><em>γὰρ</em></strong></span> <span class='ocrx_word' id='word_1_197' title='bbox 945 3016 989 3087; x_wconf 82' lang='grc' dir='ltr'><strong><em>ἀν</em></strong></span> <span class='ocrx_word' id='word_1_198' title='bbox 1008 3022 1145 3088; x_wconf 83' lang='grc' dir='ltr'><strong><em>πιστεύ-</em></strong></span> 
     </span>
     <span class='ocr_line' id='line_1_28' title="bbox 198 3117 1147 3207; baseline 0.004 -22"><span class='ocrx_word' id='word_1_199' title='bbox 198 3140 290 3186; x_wconf 86' lang='grc' dir='ltr'><strong><em>σειεν</em></strong></span> <span class='ocrx_word' id='word_1_200' title='bbox 305 3124 350 3196; x_wconf 88' lang='grc' dir='ltr'><strong><em>είς</em></strong></span> <span class='ocrx_word' id='word_1_201' title='bbox 364 3117 464 3187; x_wconf 86' lang='grc' dir='ltr'><strong><em>τοῦθ’</em></strong></span> <span class='ocrx_word' id='word_1_202' title='bbox 487 3118 573 3207; x_wconf 82' lang='grc' dir='ltr'><strong><em>ἡμᾶς</em></strong></span> <span class='ocrx_word' id='word_1_203' title='bbox 591 3118 706 3199; x_wconf 85' lang='grc' dir='ltr'><strong><em>ἀνοίας</em></strong></span> <span class='ocrx_word' id='word_1_204' title='bbox 728 3123 841 3187; x_wconf 78' lang='grc' dir='ltr'><strong><em>ἐλθεῖν</em></strong></span> <span class='ocrx_word' id='word_1_205' title='bbox 865 3119 948 3187; x_wconf 76' lang='grc' dir='ltr'><strong><em>ὥστε</em></strong></span> <span class='ocrx_word' id='word_1_206' title='bbox 963 3123 1039 3202; x_wconf 79' lang='grc' dir='ltr'><strong><em>περὶ</em></strong></span> <span class='ocrx_word' id='word_1_207' title='bbox 1054 3127 1147 3189; x_wconf 85' lang='grc' dir='ltr'><strong><em>πλεί-</em></strong></span> 
     </span>
     <span class='ocr_line' id='line_1_29' title="bbox 197 3216 1146 3304; baseline -0.003 -19"><span class='ocrx_word' id='word_1_208' title='bbox 197 3243 277 3295; x_wconf 87' lang='grc' dir='ltr'><strong><em>ονος</em></strong></span> <span class='ocrx_word' id='word_1_209' title='bbox 302 3218 508 3302; x_wconf 81' lang='grc' dir='ltr'><strong><em>ποιήσασθαι</em></strong></span> <span class='ocrx_word' id='word_1_210' title='bbox 533 3216 612 3296; x_wconf 87' lang='grc' dir='ltr'><strong><em>τοδς</em></strong></span> <span class='ocrx_word' id='word_1_211' title='bbox 641 3221 1027 3303; x_wconf 73' lang='grc' dir='ltr'><strong><em>ἐξανδραποδισαμένους</em></strong></span> <span class='ocrx_word' id='word_1_212' title='bbox 1051 3216 1146 3304; x_wconf 81' lang='grc' dir='ltr'><strong><em>ἡμῶν</em></strong></span> 
     </span>
    </p>
   </div>
   <div class='ocr_carea' id='block_1_3' title="bbox 196 3408 1147 3701">
    <p class='ocr_par' dir='ltr' id='par_1_7' title="bbox 196 3408 1147 3701">
     <span class='ocr_line' id='line_1_30' title="bbox 197 3408 1147 3502; baseline -0.003 -19"><span class='ocrx_word' id='word_1_213' title='bbox 197 3416 416 3502; x_wconf 67' lang='grc' dir='ltr'><strong><em>μεταδόνταςς</em></strong></span> <span class='ocrx_word' id='word_1_214' title='bbox 431 3413 515 3484; x_wconf 82' lang='grc' dir='ltr'><strong><em>ἀλλὰ</em></strong></span> <span class='ocrx_word' id='word_1_215' title='bbox 526 3413 603 3502; x_wconf 81' lang='grc' dir='ltr'><strong><em>γάρ,</em></strong></span> <span class='ocrx_word' id='word_1_216' title='bbox 619 3414 720 3501; x_wconf 82' lang='grc' dir='ltr'><strong><em>οἶμαι,</em></strong></span> <span class='ocrx_word' id='word_1_217' title='bbox 734 3411 880 3500; x_wconf 79' lang='grc' dir='ltr'><strong><em>χαλεπὸν</em></strong></span> <span class='ocrx_word' id='word_1_218' title='bbox 891 3408 934 3501; x_wconf 81' lang='grc' dir='ltr'><strong><em>ἦν</em></strong></span> <span class='ocrx_word' id='word_1_219' title='bbox 943 3420 1147 3496; x_wconf 75' lang='grc' dir='ltr'><strong><em>νεωτερίζειν</em></strong></span> 
     </span>
     <span class='ocr_line' id='line_1_31' title="bbox 197 3514 1146 3602; baseline -0.002 -19"><span class='ocrx_word' id='word_1_220' title='bbox 197 3515 322 3593; x_wconf 75' lang='grc' dir='ltr'><strong><em>αὐτοὺς</em></strong></span> <span class='ocrx_word' id='word_1_221' title='bbox 335 3518 396 3600; x_wconf 72' lang='grc' dir='ltr'><strong><em>μὲν</em></strong></span> <span class='ocrx_word' id='word_1_222' title='bbox 410 3514 535 3602; x_wconf 84' lang='grc' dir='ltr'><strong><em>μικρὰν</em></strong></span> <span class='ocrx_word' id='word_1_223' title='bbox 546 3518 645 3585; x_wconf 89' lang='grc' dir='ltr'><strong><em>πόλιν</em></strong></span> <span class='ocrx_word' id='word_1_224' title='bbox 660 3524 845 3599; x_wconf 83' lang='grc' dir='ltr'><strong><em>οίκοῦυτας,</em></strong></span> <span class='ocrx_word' id='word_1_225' title='bbox 863 3520 1001 3584; x_wconf 84' lang='grc' dir='ltr'><strong><em>ἐκείνων</em></strong></span> <span class='ocrx_word' id='word_1_226' title='bbox 1013 3514 1044 3583; x_wconf 87' lang='grc' dir='ltr'><strong><em>δ’</em></strong></span> <span class='ocrx_word' id='word_1_227' title='bbox 1057 3514 1146 3583; x_wconf 77' lang='grc' dir='ltr'><strong><em>οὕτω</em></strong></span> 
     </span>
     <span class='ocr_line' id='line_1_32' title="bbox 196 3611 1147 3701; baseline -0.002 -20"><span class='ocrx_word' id='word_1_228' title='bbox 196 3615 345 3701; x_wconf 78' lang='grc' dir='ltr'><strong><em>μεγάλην</em></strong></span> <span class='ocrx_word' id='word_1_229' title='bbox 369 3615 516 3699; x_wconf 78' lang='grc' dir='ltr'><strong><em>δύναμιν</em></strong></span> <span class='ocrx_word' id='word_1_230' title='bbox 541 3616 769 3700; x_wconf 77' lang='grc' dir='ltr'><strong><em>κεκτημένων,</em></strong></span> <span class='ocrx_word' id='word_1_231' title='bbox 799 3620 847 3682; x_wconf 81' lang='grc' dir='ltr'><strong><em>ἐτι</em></strong></span> <span class='ocrx_word' id='word_1_232' title='bbox 863 3616 899 3681; x_wconf 74' lang='grc' dir='ltr'><strong><em>δὲ</em></strong></span> <span class='ocrx_word' id='word_1_233' title='bbox 915 3611 998 3696; x_wconf 83' lang='grc' dir='ltr'><strong><em>πρὸς</em></strong></span> <span class='ocrx_word' id='word_1_234' title='bbox 1016 3613 1147 3693; x_wconf 80' lang='grc' dir='ltr'><strong><em>τούτοις</em></strong></span> 
     </span>
    </p>
   </div>
   <div class='ocr_carea' id='block_1_4' title="bbox 0 0 1434 4334">
    <p class='ocr_par' dir='ltr' id='par_1_8' title="bbox 0 0 1434 4334">
     <span class='ocr_line' id='line_1_33' title="bbox 0 0 1434 4334; baseline 0 3"><span class='ocrx_word' id='word_1_235' title='bbox 0 0 1434 4334; x_wconf 95' lang='lat' dir='ltr'><strong><em> </em></strong></span> 
     </span>
    </p>
   </div>
  </div>
 </body>
</html>
