2859 4334
291 372 353 437 22⁸
567 374 750 434 ΙΣΟΚΡΑ
760 376 889 434 rom
904 383 970 448 (19)

292 532 371 603 ούδέ
382 534 447 621 γάρ
461 533 624 605 ἀπελθεῖν
639 530 712 601 οἷόν
724 530 755 601 τ’
773 527 817 620 ἦν
830 530 852 621 ἢ
865 540 978 603 δοκεῖν
993 534 1144 624 ἀμελεῖν,
1160 538 1246 625 ὅμοι
1258 558 1309 609 39⁰

291 634 378 705 πολύ
392 636 582 717 δεινότερον
596 626 639 720 ἦν
655 640 724 701 τῶν
739 640 852 700 κακῶν
865 642 934 701 τῶν
948 636 1136 720 παρόντων.

243 756 276 808 ιθ
377 735 457 817 (ιδ’.)
475 731 687 821 Ἠβουλόμην
708 729 740 799 δ’
760 728 803 801 ἀν
820 730 901 818 ὑμῖν
916 729 987 813 οἷός
1002 734 1031 800 τ’
1049 735 1134 803 εἶναι
1148 744 1245 820 ποιη-

291 859 346 903 σαι
368 832 535 921 φανερόν,
558 829 626 911 οἷος
648 836 723 914 περὶ
745 831 850 900 αύτόν
865 834 1045 921 ἐγενόμην·
1068 834 1160 921 οἶμαι
1183 837 1246 922 γάρ

292 932 367 1003 οὐδ’
383 930 427 1001 ἀν
441 933 502 1021 τὴν
518 931 638 1020 φωνὴν
653 930 741 1018 ὑμᾶς
754 929 958 1017 ἀνασχέσθαι
973 940 1041 999 τῶν
1055 931 1247 1002 ἀντιδίκων.

292 1043 356 1103 νύν
369 1037 405 1102 δέ
420 1032 460 1101 τά
476 1034 686 1120 χαλεπώτατα
698 1038 766 1098 τῶν
780 1033 817 1098 έν
830 1038 870 1119 τῇ
884 1040 1048 1121 θεραπείᾳ
1062 1034 1116 1101 καὶ
1129 1037 1249 1118 δυσχε-

292 1138 430 1222 ρέστατα
457 1136 510 1201 καὶ
537 1132 663 1211 πόνους
684 1129 910 1216 ἀηδεστάτους
933 1137 1050 1215 ἔχοντα
1074 1136 1130 1199 καὶ
1156 1140 1249 1200 πλεί-

293 1255 371 1319 στης
388 1236 571 1319 ἐπιμελείας
600 1226 754 1315 ἀερθέντ’
778 1226 841 1295 ούκ
856 1226 1027 1315 εύδιήγητ’
1044 1232 1143 1298 ἐστίν.
1174 1228 1247 1297 ἀλλ’

294 1332 387 1419 ὑμεῖς
402 1329 496 1399 αύτοὶ
512 1346 681 1415 σκοπεῖτε,
697 1326 778 1415 μετά
793 1327 909 1395 πόσων
922 1326 966 1394 ἀν
979 1356 1029 1407 τις
1048 1327 1276 1415 ἀγρυπνιῶνῑ)

293 1434 348 1501 καὶ
367 1438 601 1513 ταλαιπωριῶν
624 1434 778 1496 τοιοῦτον
798 1428 928 1512 νόσημα
949 1434 1111 1495 τοσοῦτον
1127 1429 1252 1513 χρόνον

245 1548 278 1601 29
294 1530 545 1612 θεραπεύσειεν.
585 1526 648 1612 έγῶ
674 1530 735 1612 μὲν
756 1524 820 1611 γάρ
843 1524 933 1592 οὕτω
952 1531 1061 1602 κακῶς
1081 1530 1250 1612 διετέθην,

293 1629 378 1697 ὥσθ’
396 1628 469 1697 ὅσοι
485 1655 547 1712 περ
560 1634 719 1713 είσηλθον
734 1634 802 1693 τῶν
816 1632 935 1710 φίλων,
948 1632 1078 1709 ἔφασαν
1090 1629 1250 1709 δεδιέναι,

291 1730 335 1817 μὴ
354 1726 447 1814 κάγῶ
469 1728 747 1813 προσαπόλωμαι,
772 1727 826 1793 καὶ
842 1725 1093 1811 συνεβούλευόν
1107 1752 1167 1811 μοι
1183 1752 1250 1812 φυ-

292 1831 488 1910 λάττεσθαι,
516 1831 685 1911 λέγοντες,
709 1823 754 1903 ῶς
773 1830 806 1893 ολ
826 1834 972 1891 πλεῖστοι
993 1832 1061 1892 τῶν
1076 1835 1250 1908 θεραπευ·

293 1929 425 1995 σάντων
445 1926 570 2010 ταύτην
593 1923 654 2010 τὴν
670 1925 774 1991 νόσον
800 1921 892 1991 αύτολ
915 1924 1251 2009 προσδιεφθάρησαν.

293 2023 376 2110 πρός
390 2022 449 2101 ούς
464 2021 528 2109 έγῶ
541 2021 666 2091 τοιαῦτ’
681 2021 929 2107 ἀπεκρινάμην,
942 2020 993 2089 ὅτι
1007 2020 1096 2089 πολύ
1110 2018 1156 2089 ἀν
1166 2030 1255 2090 θᾶτ-

293 2151 351 2192 τον
365 2126 500 2209 ἑλοίμην
512 2118 731 2209 ἀποθανεῑνῆ
745 2119 868 2189 ’κεῖνον
879 2127 1040 2205 περιιδεῖν
1051 2118 1099 2188 δι’
1113 2126 1252 2190 ἔνδειαν
1268 2151 1283 2189 ι

292 2231 352 2291 τοῦ
367 2222 638 2309 θεραπεύσοντος
653 2218 717 2306 πρό
737 2228 854 2307 μοίρας
868 2220 1120 2305 τελευτήσαντα.

243 2344 278 2397 30
378 2322 454 2401 (ιε’.)
479 2324 544 2389 Καὶ
569 2322 710 2411 τοιούτῳ
736 2347 791 2406 μοι
818 2324 1027 2411 γεγενημένῳ
1049 2320 1258 2407 τετόλμηκεν
1352 2333 1353 2360 ¹

292 2421 514 2509 ἀμφισβητεῖν
525 2429 593 2488 τῶν
604 2421 783 2506 χρημάτων
796 2418 814 2506 ἡ
828 2417 905 2505 μηδ’
918 2422 1162 2501 ἐπισκέψασθαι
1177 2421 1258 2487 πῶ·

294 2519 366 2589 ποτ’
382 2517 486 2589 αὐτόν
503 2518 686 2603 ἀξιώσασα,
706 2528 868 2586 τοσοῦτον
881 2518 944 2604 μέν
958 2518 1081 2604 χρόνον
1097 2517 1258 2608 ἀσθενή-

294 2643 409 2703 σαντα,
422 2621 663 2704 πυνθανομένη
677 2618 712 2705 δέ
726 2614 806 2685 καθ’
823 2618 965 2703 ἑκάστην
976 2615 1038 2701 τὴν
1051 2616 1190 2703 ἡμέραν,
1209 2618 1260 2698 ὡς

294 2720 450 2802 διέκειτο,
466 2720 583 2807 ῥᾳδίας
594 2714 627 2785 δ’
644 2715 747 2804 οὔσης
759 2715 844 2804 αύτη
856 2724 913 2801 της
924 2724 1068 2802 πορείας.
1101 2715 1168 2784 εἶτα
1180 2727 1258 2787 νῦν

294 2817 397 2887 αὐτόν
409 2818 597 2903 ἀδελφίζειν
610 2816 891 2903 ἐπιχειρήσουσιν,
908 2814 1019 2899 ῶσπερ
1033 2814 1094 2901 ούχ
1104 2816 1173 2907 όσρι
1186 2844 1259 2902 περ

293 2915 338 2986 ἀν
360 2918 564 3001 οἰκειότερον
583 2923 787 3000 προσείπωσι
808 2913 869 2984 τόν
888 2924 1073 2999 τεθνεῶτα,
1100 2917 1261 3010 τοσούτῳ

244 3032 273 3085 31
294 3017 461 3095 δόξονσαν
473 3013 579 3100 αὐτὴν
595 3020 692 3101 μείζω
703 3016 759 3081 καὶ
770 3012 933 3097 δεινότερ’
946 3018 1154 3100 ἐξαμαρτεῖν·
1176 3013 1261 3101 ἥτις
1277 3031 1294 3085 d

295 3112 371 3183 οὐδ’
387 3112 499 3200 ἐπειδὴ
522 3120 680 3181 τελευτῶν
703 3114 823 3199 ἤμελλε
844 3111 904 3180 τόν
924 3120 1016 3200 βίον,
1038 3111 1149 3199 ὁρῶσα
1170 3114 1261 3194 τούς
1348 3157 1349 3162 1

293 3221 428 3291 πολίτας
442 3210 521 3290 τούς
535 3210 730 3298 ἡμετέρους,
753 3210 827 3280 ὅσοι
848 3237 910 3294 περ
927 3205 1015 3298 ἦσαν
1029 3214 1066 3281 ἐν
1083 3218 1259 3297 Τροιζῆνι,
1348 3201 1349 3236 ³

294 3315 511 3390 διαπλέοντας
526 3318 571 3389 είς
584 3322 745 3397 Αἴγιναν,
762 3309 808 3377 ἵν’
822 3309 928 3379 αὐτόν
939 3311 1259 3399 συγκαταθάψειαυ,

294 3408 366 3479 οὐδ’
393 3416 439 3489 είς
465 3416 586 3477 τοῦτον
609 3408 669 3477 τὸν
689 3409 809 3493 καιρόν
836 3409 1035 3501 ἀπήντησεν,
1048 3409 1121 3478 ἀλλ’
1139 3410 1260 3493 οὕτως

295 3508 391 3594 ὠμῶς
407 3512 461 3575 καὶ
478 3517 631 3593 σηετλίως
649 3509 750 3595 εἶχεν,
776 3508 854 3579 ὥστ’
871 3514 923 3579 ἐπὶ
939 3511 1002 3596 μὲν
1017 3512 1055 3578 τό
1072 3517 1172 3599 κῆδος
1186 3512 1259 3582 οὐκ

294 3607 432 3690 ἠξίωσεν
443 3605 642 3693 ἀφικέσθαι,
656 3618 721 3676 τῶν
734 3610 768 3676 δέ
782 3615 1075 3687 καταλειφθέντων
1087 3608 1166 3677 ούδὲ
1180 3614 1255 3697 δέχ’
