2859 4334
283 410 345 473 144
570 412 954 492 εεοιινκνουερ)

281 598 335 641 ται
348 569 567 657 γιγνόμενον,
592 568 672 649 τούς
693 571 730 638 δὲ
748 570 873 650 τόπους
892 568 1043 653 ἅπαντας
1055 572 1136 652 τούς
1156 574 1243 660 πρὸς

279 664 342 740 τὸν
361 671 511 756 πόλεμον
531 671 768 756 συμφέροντας
790 675 950 757 πατρίδας
975 671 1062 741 εἶναι
1086 679 1244 760 υομίζονς

231 787 264 845 77
280 767 345 858 έγιδ
360 770 422 855 μὲν
442 766 507 854 γὰρ
523 766 613 855 οἶμαι
634 774 701 836 τῶν
716 766 829 855 λόγων
842 769 951 855 μόνον
967 773 1145 859 ῥηθέντων
1157 771 1243 839 τού·

279 894 348 936 των
362 870 417 936 καλ
431 868 683 952 διασπαρέντων
704 872 751 945 είς
770 865 850 947 τούς
865 867 1028 954 Ἕλληνας
1049 876 1096 949 είς
1109 866 1242 955 πολλὴυ

279 963 427 1055 ταραχὴυ
447 963 715 1054 καταστήσεσθαι
735 963 815 1045 τούς
836 964 980 1053 ἐχθρούς
997 964 1112 1055 ἡμῶν,
1139 972 1187 1035 έτι
1202 969 1242 1035 δὲ

279 1072 424 1152 μᾶλλον,
445 1060 490 1152 ἡν
506 1066 562 1133 καλ
574 1064 668 1143 τέλος
683 1066 852 1134 έπιθείναι
865 1064 998 1145 τούτοις
1012 1063 1243 1152 ἀναγκασθῶ-

279 1189 351 1251 μεν.
380 1170 455 1232 τίνα
469 1160 534 1250 γὰρ
550 1170 722 1252 οἰηθῶμεν
735 1161 860 1245 αύτούς
874 1163 1014 1251 γνύμην
1030 1166 1134 1252 ἕξειν,
1156 1163 1241 1233 ὅταν

280 1264 375 1334 οιύτολ
390 1268 453 1352 μὲν
466 1271 577 1343 κακῶς
593 1264 782 1352 πύσχωσιυ,
798 1262 885 1352 ἡμᾶς
899 1264 1052 1352 δέμηδέν
1067 1267 1240 1335 δύνωνται
1254 1277 1271 1330 ο

230 1377 265 1435 λδ
279 1377 405 1447 ποιείνς
427 1367 483 1432 καί
498 1360 557 1441 τὰς
573 1365 635 1449 μὲν
649 1361 763 1431 αὑτων
776 1366 891 1443 πόλεις
904 1368 1022 1434 ίδωσιν
1037 1370 1085 1445 είς
1098 1374 1240 1451 πολιορ-

277 1469 355 1531 κίαν
364 1467 626 1547 καθεστηκυίας,
647 1458 710 1549 τὴν
726 1458 757 1528 δ’
773 1459 939 1549 ἡμετέραν
953 1459 1044 1530 οὕτω
1061 1467 1240 1534 διεσκευα-

278 1565 406 1649 σμένην
424 1558 507 1628 ύστε
526 1562 642 1646 μηκέτι
663 1565 704 1649 τῇ
725 1567 885 1649 συμφορᾷ
900 1560 1007 1649 ταύτῃ
1026 1574 1239 1647 κεριπεσεῑνς

278 1668 326 1731 ἔτι
342 1660 379 1729 δὲ
392 1657 455 1745 τὴυ
467 1665 537 1727 τοῖν
550 1658 715 1745 σωμάτων
726 1657 858 1746 τροφὴν
871 1657 953 1746 ἡμῖν
966 1661 1029 1747 μὲν
1039 1663 1161 1752 ρμδίαν
1175 1655 1239 1730 οὖ-

278 1783 344 1831 σαν
359 1766 396 1829 έκ
412 1785 448 1827 τε
470 1766 539 1826 τῶν
553 1756 779 1844 ὑπαρχόντων
799 1760 855 1828 καὶ
873 1766 942 1826 τοῖν
959 1762 997 1827 έκ
1012 1767 1074 1828 τοῦ
1087 1765 1239 1848 πολέμου

277 1862 506 1947 γιγνομένων,
521 1855 635 1937 αὑτοίς
650 1858 687 1926 δὲ
702 1854 851 1946 χαλεπὴν
865 1855 921 1925 διὰ
936 1855 973 1926 τὸ
989 1856 1033 1945 μὴ
1049 1856 1175 1927 ταύτδυ
1189 1857 1239 1927 εδ-

277 1986 334 2027 ναι
348 1957 577 2044 στρατόπεδόν
590 1984 625 2025 τε
638 1964 794 2026 τοιοῦτον
806 1962 946 2025 διοικεῖν
960 1958 1016 2025 καλ
1026 1955 1107 2036 τούς
1117 1956 1238 2044 ὄχλους

229 2073 263 2130 79
277 2055 357 2137 τούς
366 2060 403 2125 έν
413 2072 485 2137 ταῖς
496 2056 615 2125 πόλεσι
626 2060 834 2143 διατρέφειυς
850 2053 871 2123 δ
882 2056 919 2123 δὲ
928 2055 1067 2123 πάντων
1077 2052 1238 2140 ύλγιστον
1248 2086 1266 2123 ο

277 2159 433 2240 ἐκείνοις,
446 2155 529 2225 ὅταν
539 2152 619 2235 τούς
629 2158 692 2242 μὲν
702 2153 884 2243 ἡμετέρους
894 2161 1039 2235 οίκείους
1050 2158 1087 2223 έν
1098 2163 1239 2233 πολλαῖς

277 2252 449 2341 εὐπορίαις
458 2255 703 2323 πυνθάνωνται
712 2256 974 2341 γεγενημένους,
985 2250 1065 2332 τούς
1077 2250 1109 2321 δ’
1121 2250 1237 2322 αὑτοῖν

276 2352 379 2441 ὁρῶσι
402 2352 484 2422 καθ’
501 2354 645 2440 ἑκάστην
659 2351 722 2441 τὴν
736 2352 865 2442 ἡμέραν
879 2360 948 2421 των
968 2351 1162 2440 ἀναγκαίων
1179 2353 1237 2419 έν-

276 2458 360 2532 δεεῑς
374 2450 489 2540 ὄντας,
507 2455 562 2522 καὶ
576 2450 655 2541 μηδ’
673 2456 892 2538 ἐπικουρῆσαι
905 2452 1074 2519 δύνωνται
1087 2464 1156 2529 τοῖς
1171 2476 1236 2519 κα·

275 2564 346 2629 κοῖς
354 2551 496 2637 τούτοις,
506 2548 579 2620 ἀλλ’
591 2549 806 2637 ἐργαζόμενοι
814 2551 876 2637 μὲν
885 2547 948 2636 τὴν
956 2575 1070 2636 χαραν
1078 2548 1119 2617 τοὶ
1130 2551 1235 2632 σπέρ-

274 2676 361 2737 ματα
371 2651 693 2735 προσαπολλύωσιυ,
708 2647 816 2736 ύργόν
827 2649 863 2717 δὲ
875 2655 1097 2736 περιορῶντες
1107 2650 1235 2736 μηδένα

225 2766 261 2822 θ)
274 2750 399 2836 χρόνον
413 2747 592 2836 ἀπαρκεῖν
607 2745 715 2817 οἷοίτ’
734 2741 827 2816 ὦσιν.
852 2749 944 2835 (λγ’.)
961 2744 1059 2817 Ἀλλᾶ
1072 2746 1138 2835 γὰρ
1154 2757 1235 2827 ἴσως

274 2846 517 2932 ἀθροισθέντες
542 2849 598 2917 καλ
616 2845 734 2917 κοινὸν
760 2848 981 2934 ποιησάμενοι
1005 2846 1264 2930 στρατόπεδουδ

273 2946 616 3033 παρακολουθήσουσι
633 2952 688 3015 καὶ
704 2946 920 3015 κωλύσουσιν
933 2943 1019 3033 ἡμᾶς
1036 2952 1233 3024 κακολςποι-

274 3058 325 3114 ελν
336 3039 469 3122 αύτούς.
492 3046 549 3112 καλ
558 3052 592 3114 τί
600 3041 644 3113 ἄν
655 3043 838 3132 εὐξαίμεθα
847 3052 977 3131 μᾶλλον
987 3040 1009 3131 ἡ
1019 3052 1136 3132 λαβεῖν
1146 3054 1233 3131 πλη-
1357 3105 1358 3122 ,

274 3142 448 3223 σιύζοντας
467 3145 522 3211 καλ
538 3150 852 3232 παρατεταγμένους
872 3147 928 3214 καὶ
949 3146 1025 3231 περὶ
1048 3141 1108 3223 τὰς
1127 3141 1233 3223 αύτᾶς
1357 3131 1358 3196 λ

273 3247 459 3328 δυσχωρίας
488 3239 570 3329 ἡμῖν
597 3240 999 3331 ἄντιστρατοπεδεύοντας
1025 3241 1233 3326 ἀνθρώπους

272 3339 435 3419 ιἰτύκτους
444 3344 499 3409 καλ
508 3340 651 3429 μιγύδας
661 3345 716 3412 καὶ
727 3351 863 3421 πολλοῖς
871 3340 1010 3427 ἄρχουσι
1020 3341 1232 3429 χρωμένουςς

273 3437 374 3509 οὐδὲν
387 3436 452 3526 γὰρ
464 3436 509 3509 οἲυ
518 3449 643 3531 πολλῆς
656 3448 881 3530 πραγματείας
892 3439 1058 3527 δεήσειεν,
1072 3436 1157 3509 ἀλλὰ
1167 3465 1230 3508 τα·
1242 3471 1261 3510 e

271 3539 353 3626 χέως
363 3532 407 3604 δν
418 3535 542 3618 αύτούς
553 3536 1141 3629 έξαυαγκύσαιμενέντολςὴμετέροις
1151 3563 1233 3608 και-

273 3647 343 3721 ροῖς
357 3631 441 3703 ύλλᾶ
455 3635 500 3725 μὴ
516 3652 584 3717 τοίς
596 3638 710 3708 αὑτῶν
723 3641 931 3727 ποιήσασθαι
943 3635 1023 3717 τούς
1033 3640 1228 3719 κινδύνους.
