2859 4334
422 388 844 447 ΠΑΝΑΘΗΝΑΙΚΟΣ
1062 385 1104 449 53

162 548 376 630 λοτριιότερου
401 553 519 632 ε’χομεν
534 544 617 629 πρός
638 543 723 630 ἡμᾶς
743 544 866 624 αὐτοὺς
889 542 910 633 ἢ
935 546 1018 633 πρὸς
1044 545 1130 627 οδςο

97 665 147 718 160
160 644 303 731 ἑκάτεροι
318 652 542 730 πολεμοῦντες
558 645 777 729 τυγχάνομεν.
797 657 934 731 σημεῖον
946 640 979 711 δ’
995 642 1036 711 οὐ
1046 672 1094 730 μι-

159 741 252 823 κρόν·
282 752 379 830 κοινη
390 747 452 828 μὲν
466 740 530 827 γάρ
545 739 624 809 οὐδὲ
636 744 711 826 περὶ
727 739 800 819 ένός
816 741 1006 827 πράγματος
1020 750 1101 828 βου-

160 841 342 925 λευόμεθα,
367 844 465 926 χειρίς
487 839 518 907 δ’
538 842 687 926 ἑκάτεροι
704 844 857 928 πρέσβεις
874 846 1044 927 πέμπομεν
1060 839 1103 918 ὡς

160 942 295 1021 ἐκεῖνον,
307 942 501 1025 ἐλπίζοντες,
513 939 685 1024 ὁποτέροις
691 935 735 1005 άν
742 940 944 1022 οἰκειότερον
952 946 1101 1027 διατεθῇ,

159 1045 292 1120 κυρίους
306 1037 446 1116 τούτους
460 1040 661 1125 γενησεσθαι
672 1044 729 1123 της
741 1040 776 1103 ἐν
787 1051 853 1114 τοῖς
859 1036 989 1125 Ἕλλησι
1002 1048 1102 1105 πλεο-

160 1141 279 1218 νεξίας,
303 1146 411 1216 κακῶς
433 1138 571 1221 εἰδότες,
599 1136 642 1216 ὡς
668 1136 746 1214 τούς
771 1138 833 1221 μὲν
852 1139 1103 1221 θεραπεύοντας

157 1234 258 1303 αὑτόν
269 1235 416 1323 ὑβρίζειν
426 1248 579 1323 εἰθισται,
587 1239 715 1321 πρόςδδ
722 1236 801 1315 τούς
809 1235 1103 1323 ἀντιταττομένους

156 1337 208 1401 καὶ
223 1345 519 1421 καταφρονοῦντας
529 1345 586 1423 της
598 1342 728 1404 ἐκείνου
741 1338 914 1422 δυνάμεως
929 1341 964 1404 ἐκ
976 1335 1100 1415 παντὸς

155 1435 281 1516 τρόπον
298 1435 495 1502 διαλύεσθαι
511 1444 661 1520 πειρᾶται
677 1432 736 1511 τάς
753 1436 924 1519 διαφοράς.
1113 1442 1132 1496 δ

91 1558 139 1611 [6]
235 1534 318 1612 (ἐξ.)
345 1542 455 1601 Ταῦτα
470 1535 506 1602 δὲ
528 1541 671 1620 διῆλθον
686 1533 748 1601 οὐκ
765 1533 908 1620 ἀγνοῶν,
924 1533 974 1603 ὅτι
992 1538 1100 1621 λέγειν

154 1631 241 1710 τινὲς
250 1635 485 1719 τολμήσουσιν,
504 1632 549 1711 ὡς
563 1640 625 1713 ἔξω
636 1641 693 1719 της
704 1632 898 1710 ὑποθέσεως
909 1648 977 1713 τοῖς
990 1634 1101 1719 λόγοις

153 1731 284 1809 τούτοις
308 1734 506 1818 ἐχρησάμην.
533 1731 597 1817 ἐγώ
624 1731 655 1798 δ’
678 1730 836 1799 οὐδέποτ’
860 1730 902 1798 όὶν
923 1730 1012 1818 οἶμαι
1033 1746 1103 1810 τοῖς

154 1838 407 1920 προειρημένοις
419 1838 639 1916 οἰκειοτέρους
658 1834 781 1919 λόγους
797 1837 943 1919 ρηθηναι
959 1834 1099 1917 τούτων,

153 1930 228 2000 οὐδ’
247 1936 280 2011 ἐξ
302 1924 350 1998 όν
371 1931 415 1997 άν
435 1960 483 2011 τις
504 1936 710 2018 σαφέστερον
732 1936 900 2011 ἐπιδείξειε
918 1931 996 2011 τοὺς
1016 1958 1100 2017 προ-

150 2032 276 2115 γόνους
294 2028 390 2116 ἡμῶν
405 2038 677 2117 φρονιμωτέρους
700 2031 799 2109 ὄντας
817 2033 892 2115 περὶ
907 2030 947 2097 τά
965 2035 1099 2117 μέγιστα

151 2138 221 2196 τῶν
236 2131 297 2216 τήν
311 2158 346 2197 τε
363 2132 463 2197 πόλιν
474 2130 535 2216 τὴν
552 2130 715 2217 ἡμετέραν
735 2132 788 2198 καὶ
804 2129 865 2215 τὴν
879 2139 1099 2215 Σπαρτιατῶν

150 2224 232 2311 μετά
252 2225 313 2293 τόν
334 2229 480 2313 πόλεμον
502 2226 562 2295 τόν
586 2228 669 2311 πρός
692 2231 818 2312 Ξέρξην
846 2228 1097 2311 διοικησάντων.

90 2335 138 2384 16⁶2
149 2316 250 2388 αὗται
263 2321 326 2405 μὲν
340 2322 405 2403 γόιρ
420 2316 462 2383 ἂν
475 2333 616 2402 φανεῖεν
631 2320 668 2385 έν
683 2319 820 2395 ἐκείνοις
833 2344 869 2384 τε
881 2331 951 2395 τοῖς
965 2317 1099 2403 χρόνοις
1112 2349 1127 2386 e

147 2417 389 2509 πρόςμὲντούς
401 2420 595 2507 βαρβάρους
611 2416 750 2505 εἰρήνην
766 2417 995 2504 ποιησάμεναι,
1010 2422 1099 2500 σφᾶς

147 2522 182 2591 δ’
204 2520 309 2601 αότάς
327 2526 383 2588 καί
402 2519 458 2598 τάς
472 2520 577 2598 άλλας
592 2518 702 2599 πόλεις
716 2518 959 2603 άπολλόουσαι,
977 2522 1044 2585 νῦν
1062 2543 1097 2584 τε
1109 2534 1156 2586 26⁷

146 2628 219 2693 τῶν
236 2624 299 2711 μὲν
313 2621 481 2707 Ἑλλήνων
498 2620 613 2709 άρχειυ
627 2620 791 2703 ἀξιοῦσαι,
811 2621 894 2707 πρὸς
909 2621 944 2687 δὲ
959 2618 1018 2686 τὸν
1031 2626 1094 2705 βα-

147 2728 245 2794 σιλέα
253 2726 406 2812 πρέσβεις
415 2725 604 2813 πέμπουσαι
613 2726 688 2809 περὶ
698 2723 875 2808 φιλίαςκαὶ
889 2729 1095 2806 συμμαχίας·

146 2832 184 2895 οί
195 2827 234 2896 δέ
247 2825 321 2895 τότε
334 2826 395 2911 τὴν
409 2825 508 2893 πόλιν
521 2831 694 2903 οἰκοῦντες
710 2821 814 2891 οὐδὲν
827 2820 957 2891 τούτων
972 2828 1093 2905 ἔπρατ-

90 2942 209 2997 .63τον
223 2926 309 2995 άλλόι
329 2933 397 2993 πᾶν
414 2924 631 2995 τούναντίον
651 2931 718 2993 τῶν
737 2924 798 3009 μὲν
816 2922 881 3009 γάρ
891 2921 1097 3009 Ἑλληνίδων

146 3031 283 3097 πόλεων
297 3025 404 3107 οὕτως
418 3027 534 3107 αὐτοῖς
549 3024 731 3112 ἀπέχεσθαι
746 3026 878 3112 σφόδρα
892 3026 1098 3110 δεδογμένου

144 3124 202 3219 ἦν,
222 3130 336 3218 ὥσπερ
356 3145 426 3209 τοῖς
444 3126 595 3215 εὐσεβέσι
613 3135 683 3196 τῶν
703 3132 739 3197 έν
757 3143 827 3206 τοῖς
845 3132 946 3211 ίεροῑς
961 3124 1097 3193 άνακει-

144 3236 279 3319 μένων,
302 3236 370 3299 τῶν
389 3231 426 3299 δέ
445 3231 600 3318 πολέμων
617 3227 857 3317 ὑπελάμβανον
871 3225 1097 3313 ἀναγκαιότα-

143 3362 208 3401 τον
226 3335 289 3421 μέν
308 3332 394 3401 εἶναι
412 3335 467 3400 καὶ
486 3330 696 3399 δικαιότατον
714 3332 771 3399 τὸν
784 3328 867 3416 μετά
882 3328 1020 3397 πάντων
1033 3325 1097 3396 άν-
1200 3383 1203 3394 .

144 3436 303 3523 θριόπιου
317 3436 401 3521 πρὸς
415 3435 477 3520 τὴν
490 3430 668 3518 α’γριότητα
683 3431 744 3517 τήν
758 3436 826 3499 τόν
839 3428 1095 3518 θηρίωνγιγνό·
1110 3451 1125 3503 b

144 3564 265 3623 μενον,
281 3536 442 3621 δεύτερον
455 3534 492 3603 δὲ
505 3533 565 3602 τόν
579 3535 661 3619 μετὰ
674 3530 1007 3617 τώνἘλλήνανπρδς
1018 3531 1098 3611 τούς

142 3638 345 3727 βαρβάρους
357 3638 437 3713 τούς
449 3639 504 3702 καί
520 3636 619 3718 φύσει
626 3643 805 3721 πολεμίους
814 3634 914 3712 ὄντας
925 3633 979 3701 καὶ
989 3632 1097 3701 πάντα
