2859 4334
466 418 821 485 ΑΙΓΙΝΗἸἿΚΟΣ.
1059 414 1123 478 223

171 581 307 667 οικήσας
320 593 390 659 ταῖς
405 574 521 657 αύταίς
531 578 645 664 τύχαις
658 577 819 665 ἐχρήσατο
833 587 889 647 καί
900 580 975 663 περί
986 578 1123 666 ταύτην,

140 698 158 749 9
172 675 291 754 αἷσπερ
310 682 365 747 καί
382 681 458 761 περὶ
468 676 531 764 τὴν
547 679 722 763 προτέραν.
747 674 828 763 μετά
841 677 878 745 δέ
888 674 982 743 ταῦτ’
1000 682 1122 763 ἔγημεν

171 782 207 847 ἐκ
224 783 378 867 Σερίφου
392 774 473 862 παρ’
490 775 686 861 ἀνθρώπων
700 772 790 845 πολύ
809 781 962 853 πλείονος
984 772 1087 855 άξίων
1101 771 1122 861 ἢ

172 878 254 946 κατά
281 876 343 964 τὴν
366 878 479 946 αύτῶν
500 878 616 961 πόλιν,
644 876 677 956 ἐξ
696 868 737 962 ἧς
750 877 880 962 ἐγένετο
899 876 1054 953 Σιόπολις
1067 876 1147 949 καὶι)

173 979 387 1064 Θρασύλοχος
412 980 467 1045 καὶ
492 976 647 1063 θυγάτηρ
673 974 693 1063 ἡ
719 984 785 1044 νῦν
810 978 881 1063 ἐμοὶ
904 982 1119 1044 συνοικοῦσα.

172 1077 367 1161 Θράσυλλος
380 1078 443 1162 μέν
460 1068 526 1143 ούν
539 1076 679 1155 τούτους
692 1076 820 1161 μόνους
830 1081 950 1156 παῖδας
964 1082 1123 1162 γνησίους

171 1172 362 1244 καταλιπων
380 1176 434 1243 καὶ
449 1173 680 1262 κληρονόμους
700 1182 768 1243 των
789 1172 897 1243 αὑτοῦ
916 1175 1122 1262 καταστήσας

170 1276 230 1345 τόν
246 1282 323 1364 βίον
339 1276 560 1361 ἐτελεύτησεν.

116 1404 152 1452 10
255 1376 325 1462 (γ’.)
345 1372 425 1460 Ἐγύ
449 1378 485 1441 δὲ
507 1377 561 1442 καί
581 1374 796 1460 Θρασύλοχος
818 1376 984 1463 τοσαύτην
1006 1382 1121 1460 φιλίαν

170 1475 260 1561 παρὰ
277 1482 345 1542 τῶν
365 1480 518 1560 πατέρων
539 1473 804 1561 παραλαβόντες,
819 1471 905 1560 ὅσην
920 1472 1021 1565 όλίγφ
1036 1472 1121 1559 πρό-

168 1600 268 1657 τερον
283 1574 512 1660 διηγησάμην,
537 1578 584 1641 ἐτι
601 1579 699 1659 μειξω
714 1580 772 1659 τῆς
785 1570 999 1660 ὑπαρχούσης
1014 1572 1121 1661 αὐτὴν

169 1673 379 1761 ἐποιήσαμεν.
404 1674 466 1751 ἕως
480 1672 543 1759 μὲν
558 1670 623 1757 γάρ
638 1676 753 1751 παῖδες
766 1664 861 1758 ἦμεν,
878 1675 952 1755 περὶ
967 1680 1119 1752 πλείονος
1133 1706 1147 1745 ι

168 1771 255 1861 ἡμᾶς
277 1769 401 1849 αύτούς
424 1767 601 1857 ἡγούμεθα
625 1765 647 1856 ἢ
669 1768 749 1849 τούς
769 1766 949 1858 άδελφούς,
967 1773 1023 1839 καλ
1043 1769 1121 1839 οὔτε

168 1878 296 1940 θυσίαν
317 1868 394 1937 ούτε
416 1875 566 1953 θεωρίαν
580 1866 653 1937 οὔτ’
682 1866 789 1954 άλλην
814 1867 933 1957 ἑορτὴν
959 1866 1121 1956 ούδεμίαυ

167 1974 267 2058 χωρὶς
278 1968 434 2058 άλλήλων
448 1967 590 2056 ἤγομεν·
613 1967 724 2056 ἐπειδὴ
742 1966 774 2035 δ’
789 1970 910 2054 άνδρες
923 1968 1120 2056 ἐγενόμεθα,

168 2070 272 2139 ούδέν
286 2067 416 2137 πώποτ’
435 2071 590 2137 ἐναντίου
603 2066 683 2155 ἡμῖν
695 2066 808 2147 αύτοίς
819 2068 1018 2154 ἐπράξαμεν,
1035 2065 1119 2136 άλλά

167 2173 223 2238 καὶ
239 2178 305 2236 τῶν
320 2172 416 2237 ίδίων
433 2169 681 2254 ἐκοινωνούμεν
696 2171 752 2235 καλ
765 2166 850 2254 πρός
864 2164 904 2234 τά
920 2174 978 2255 τῆς
991 2169 1120 2245 πόλεως

167 2269 291 2355 ὁμοίως
311 2272 503 2353 διεκείμεθα
530 2270 586 2335 καί
607 2274 715 2353 φίλοις
735 2270 790 2337 καί
806 2273 913 2348 ξένοις
925 2283 993 2347 τοῖς
1007 2265 1121 2346 αὐτοῖς

116 2386 146 2435 ιι
167 2368 352 2455 ἐχριόμεθα.
377 2369 431 2435 καὶ
452 2375 486 2434 τί
499 2371 552 2435 δεῖ
568 2368 678 2453 λέγειν
697 2366 757 2446 τάς
771 2378 856 2436 οίκοι
871 2369 1021 2455 χρήσειςς
1043 2364 1118 2437 ἀλλ’

166 2464 248 2534 ούδέ
262 2466 429 2552 φυγόντες
445 2464 504 2533 ἀπ’
521 2464 676 2552 ἀλλήλων
692 2464 880 2553 ἠξιώσαμεν
890 2470 1059 2553 γενέσθαι.
1079 2465 1117 2534 τδ

165 2567 204 2633 δὲ
221 2572 413 2632 τελευταῖον
428 2565 524 2653 φθόη
540 2566 705 2652 σχόμενον
722 2563 827 2634 αὐτὸν
841 2569 896 2634 καὶ
911 2564 1021 2634 πολύν
1037 2567 1119 2653 χρό-

166 2692 230 2734 νον
247 2662 499 2751 άσθενησαντα,
528 2668 583 2733 καλ
604 2673 664 2733 τοῦ
684 2670 747 2753 μὲν
760 2664 910 2753 ἀδελφοῦ
923 2667 1148 2747 Σωπόλιδοςδ

165 2763 258 2856 αύτῷ
286 2765 450 2849 πρότερον
474 2765 760 2852 τετελευτηκότος,
783 2774 840 2852 τῆς
865 2768 902 2834 δὲ
927 2766 1051 2853 μητρός
1066 2779 1120 2837 καί

163 2871 226 2952 τῆς
241 2862 391 2952 ἀδελφῆς
402 2862 498 2933 ούπω
509 2872 702 2952 παρουσῶν,
717 2866 798 2950 μετά
811 2866 974 2952 τοσαύτης
985 2872 1121 2952 ἐρημίας
1229 2951 1233 2958 ⁵

164 2966 353 3052 γενόμενον
367 2964 475 3046 οὕτως
488 2966 655 3043 ἐπιπόνως
668 2967 724 3033 καὶ
741 2971 850 3042 καλῶς
873 2963 978 3032 αὐτὸν
998 2966 1121 3051 ἐθερά-

164 3084 287 3149 πευσα,
303 3061 383 3131 ὥστ’
401 3067 530 3132 ἐκείνου
543 3062 588 3151 μὴ
604 3070 750 3150 νομίζειν
766 3060 862 3143 άξίαν
876 3088 933 3149 μοι
950 3062 1119 3131 δύνασθαι

111 3180 146 3230 12
165 3165 269 3251 χάριν
284 3160 471 3233 ἀποδοῦναι
485 3171 554 3231 τῶν
574 3167 828 3250 πεπραγμένων.
851 3159 942 3249 ὅμως
964 3160 995 3228 δ’
1020 3160 1120 3230 οὐδὲν

163 3266 331 3347 ἐνέλιπεν,
346 3259 421 3330 ἀλλ’
439 3260 550 3349 ἐπειδὴ
566 3263 722 3349 πονήρως
737 3263 876 3330 διέκειτο
891 3263 946 3329 καὶ
960 3260 1120 3348 οὐδεμίαν

162 3360 275 3432 ἐλπίδ’
294 3359 358 3450 εἶχε
375 3369 436 3429 τοῦ
452 3369 539 3449 βίου,
558 3365 790 3447 παρακαλέσας
803 3361 974 3448 μάρτυρας
988 3362 1074 3434 υίόν
1080 3357 1117 3447 μ’
1130 3386 1146 3425 e

162 3462 347 3548 ἐποιήσατο
363 3464 417 3528 καλ
433 3460 494 3547 τὴν
508 3459 658 3547 ἀδελφὴν
669 3458 731 3547 τὴν
742 3458 848 3527 αὑτοῦ
860 3463 914 3527 καί
926 3457 989 3544 τὴν
1001 3456 1120 3527 ούσίαν

162 3567 303 3629 ἔδωκεν.
328 3566 386 3627 καί
397 3585 451 3645 μοι
469 3560 548 3647 λαβὲ
563 3557 621 3637 τάς
639 3558 812 3644 διαθήκας.
