2859 4334
410 403 542 461 ΠΡΟΣ
563 397 924 458 ΚΑΛΛΙΜΑΧΟΝ.
1080 393 1142 455 21³

77 640 78 647 χ
188 570 377 651 δοκίμησεν.
403 558 486 647 πρὸς
501 560 563 647 μὲν
578 558 642 645 γάρ
658 555 720 625 τόν
734 558 883 642 πόλεμον
896 561 1015 627 πολλαί
1030 560 1143 636 πόλεις

188 658 234 731 ἀν
244 660 417 747 εὑρεθεῖεν
427 667 536 738 καλῶς
546 656 782 744 ἠγωνισμέναι,
790 658 865 738 περὶ
876 658 913 724 δὲ
923 656 1069 735 στάσεως
1080 653 1144 724 οὐκ

187 770 278 831 ἔστιν
299 758 340 847 ἣν
354 758 397 827 άν
411 784 460 837 τις
475 759 666 837 ἐπιδείξειεν
677 752 818 841 ἄμεινον
835 762 893 840 τῆς
910 753 1071 842 ἡμετέρας
1085 762 1143 842 βε·

132 882 172 937 32
189 862 429 950 βουλευμίνην.
468 863 514 925 ἔτι
539 857 575 924 δὲ
596 864 663 923 τῶν
683 857 745 941 μὲν
759 856 923 922 τοιούτων
937 860 1061 942 ἔργων,
1080 852 1143 922 ὅσα

187 958 269 1046 μετά
287 956 458 1026 κινδύνων
472 956 674 1039 πέπρακται,
697 950 735 1020 τὰ
751 961 906 1022 πλείστου
923 950 967 1021 άν
980 979 1030 1031 τις
1043 955 1143 1039 μέρος

187 1066 227 1147 τη
238 1060 320 1146 τύχη
331 1059 502 1143 μεταδοίη·
522 1058 579 1138 τῆς
593 1050 625 1120 δ’
640 1058 685 1131 είς
698 1050 784 1139 ἡμᾶς
796 1048 920 1130 αύτούς
930 1050 1142 1137 μετριότητος

188 1154 297 1235 οὐδεὶς
322 1151 365 1222 ἀν
391 1149 464 1223 ἀλλ’
482 1148 504 1237 ἢ
520 1149 581 1238 τὴν
597 1148 762 1237 ἡμετέραν
782 1151 922 1236 γνώμην
947 1150 1140 1218 αίτιάσαιτο.

188 1250 267 1323 ὥστ’
284 1250 346 1320 ούκ
363 1251 458 1332 άξιον
471 1249 636 1333 προδότας
650 1250 772 1334 ταύτης
788 1256 844 1335 τῆς
862 1247 959 1334 δόξης
971 1250 1169 1336 γενέσθαιε

133 1380 173 1435 33
273 1354 358 1437 (ιδ’.)
382 1352 445 1418 Καὶ
463 1352 577 1436 μηδείς
593 1346 791 1434 ἡγείσθωμ
820 1344 1044 1435 ὑπερβάλλειν
1058 1347 1142 1434 μηδὲ

187 1458 285 1539 μείζω
299 1452 419 1537 λε’γειν,
438 1445 489 1516 ότι
504 1452 602 1533 δίκην
616 1452 704 1516 ίδίαν
719 1447 857 1533 φεύγων
870 1446 1011 1525 τούτους
1026 1457 1141 1533 είρηκα

186 1548 266 1629 τούς
287 1552 416 1636 λόγους.
456 1546 497 1614 ού
517 1544 582 1633 γάρ
598 1548 706 1632 μόνον
723 1548 797 1627 περὶ
818 1553 885 1612 τῶν
900 1547 1141 1633 ἐπιγεγραμμέ·

187 1676 259 1717 νων
281 1649 459 1735 χρημάτων
485 1648 574 1713 ἐστίν
598 1636 696 1721 οὗτος
716 1640 735 1710 ὀ
759 1641 870 1729 ἀγόν,
897 1642 970 1712 ἀλλ’
988 1646 1060 1730 ἐμοὶ
1079 1649 1142 1730 μὲν

187 1749 421 1833 περὶτούτων,
438 1743 518 1832 ὑμῖν
534 1746 569 1813 δὲ
585 1747 659 1828 περὶ
673 1750 741 1811 τῶν
755 1739 856 1833 ὀλίγφ
870 1741 1036 1828 πρότερον
1052 1750 1140 1829 είρη-

186 1850 313 1935 μένων·
331 1846 416 1931 ὑπὲρ
433 1839 482 1913 ὦν
496 1843 605 1924 οὐδεὶς
620 1840 692 1911 οὔτ’
711 1840 755 1909 άν
770 1848 874 1911 είπείν
888 1840 985 1923 ἀξίως
1003 1843 1141 1911 δύναιτο

131 1981 168 2034 34
186 1944 259 2014 οὔτ’
282 1942 325 2012 ἀν
346 1953 460 2031 τίμημ’
489 1941 609 2012 ίκανόν
624 1944 853 2029 ἐπιγράψαιτο.
896 1950 1058 2011 τοσοῦτον
1075 1942 1140 2029 γάρ

185 2044 269 2130 αὕτη
285 2048 435 2131 διαφέρει
450 2052 517 2112 τῶν
537 2042 648 2112 ἀλλων
663 2046 782 2127 δικῶν,
808 2041 891 2109 ὥστε
907 2050 974 2110 τῶν
996 2044 1057 2128 μὲν
1073 2057 1141 2121 τοῖς

185 2144 442 2231 ἀγωνιζομένοις
459 2145 566 2231 μόνον
581 2144 758 2229 προσήκει,
788 2144 892 2231 ταύτῃ
914 2143 950 2210 δὲ
964 2140 1000 2209 τό
1020 2140 1168 2211 κοινόνδ

185 2253 243 2330 τῆς
258 2244 385 2321 πόλεως
410 2243 677 2329 συγκινδυνεύει.
709 2246 784 2327 περὶ
799 2242 920 2328 ταύτης
934 2229 991 2309 δύ’
1018 2239 1141 2326 ὀρκους

186 2342 367 2429 ὀμόσαντες
380 2344 536 2427 δικάζετε,
547 2338 607 2408 τόν
618 2343 689 2427 μὲν,
703 2340 808 2425 όνπερ
821 2343 870 2409 ἐπὶ
885 2356 954 2420 ταῖς
966 2340 1081 2419 ἀλλαις
1093 2351 1140 2409 εί-

186 2455 300 2531 θισθε,
311 2442 412 2511 τόνδ’
428 2444 469 2512 ὃν
479 2445 531 2511 ἐπὶ
540 2458 610 2521 ταῖς
619 2444 807 2529 συνθήκαις
818 2443 1030 2529 ἐποιήσασθε.
1057 2442 1130 2510 ταύ-

185 2572 247 2631 την
262 2542 385 2622 ἀδίκως
398 2544 536 2630 γνόντες
548 2540 590 2609 ού
600 2539 679 2621 τοὺς
688 2550 746 2628 τῆς
757 2544 884 2621 πόλεως
895 2543 1002 2629 μόνον
1015 2544 1140 2628 νόμους

185 2642 334 2712 ἀλλὰκαὶ
348 2641 426 2722 τούς
443 2640 602 2710 ἁπάντων
617 2640 752 2719 κοινούς
770 2644 1013 2730 παραβήσεσθε.
1056 2640 1136 2710 ὥστ’

185 2742 248 2810 οὐκ
256 2740 434 2822 άξιονούτε
446 2740 528 2810 κατά
536 2742 633 2827 χάριν
641 2739 718 2809 οὔτε
726 2738 792 2807 κατ’
803 2739 1064 2810 ἐπιείκειανοῦτε
1071 2736 1137 2808 κατ’

184 2838 262 2907 ἀλλ’
275 2834 491 2926 ούδὲνῆκατά
499 2837 578 2916 τούς
585 2837 706 2919 ὅρκους
714 2840 788 2922 περὶ
797 2835 908 2904 αὐτῶν
915 2846 1137 2925 ψηφίσασθαι.
1151 2866 1167 2901 e

136 2966 171 3021 35
272 2938 353 3024 (ιε’.)
371 2934 428 3015 Ὡς
438 2927 572 3025 μὲνοῦν
581 2932 622 3008 ού
630 2938 927 3027 χρηκαὶσυμφέρει
935 2937 991 3006 καὶ
1010 2942 1139 3005 δίκαιον

184 3035 272 3124 ὑμᾶς
284 3038 372 3103 ἐστίν
382 3035 470 3103 οὕτω
482 3039 557 3120 περὶ
568 3042 635 3103 τῶν
646 3042 828 3121 συνθηκῶν
841 3033 1050 3121 γιγνάσκειν,
1063 3034 1137 3104 οόδ’

184 3131 290 3202 αὐτόν
306 3132 449 3222 ἡγοῦμαι
462 3142 674 3221 Καλλίμαχον
689 3132 859 3219 ἀντερεῖν·
884 3132 973 3220 οἶμαι
989 3131 1021 3201 δ’
1034 3132 1139 3202 αύτόν

184 3235 381 3316 ὀδυρεῖσθαι
404 3232 466 3320 την
486 3241 661 3319 παροῦσαν
675 3242 795 3301 πενίαν
809 3236 863 3299 καὶ
880 3230 942 3319 τὴν
959 3239 1138 3320 γεγενημέ-

184 3360 252 3419 μην
266 3329 357 3421 αὑτῷ
373 3330 565 3419 συμφοράν,
581 3334 633 3399 καὶ
646 3333 764 3416 λέξειν,
777 3328 821 3409 ὡς
835 3329 929 3398 δεινά
941 3333 995 3400 καὶ
1009 3334 1139 3418 σχέτλια
1156 3339 1207 3397 378

184 3438 347 3517 πείσεται,
367 3438 397 3500 εί
412 3440 480 3499 τεόν
496 3434 690 3518 χρημάτων,
718 3422 767 3499 τόν
794 3434 846 3499 ἐπί
869 3440 926 3518 τῆς
952 3430 1140 3520 ὀλιγαρχίας

183 3529 353 3619 ἀφηρέθη,
365 3533 495 3598 τούτων
507 3534 543 3597 ἐν
555 3534 758 3618 δημοκρατίᾳ
771 3528 833 3616 τὴν
841 3533 1024 3617 ἐπωβελίαν
1037 3530 1137 3619 ὀφλή-

183 3652 252 3709 σει,
271 3631 323 3695 καὶ
342 3634 372 3696 εί
380 3629 458 3696 τότε
469 3630 531 3715 μὲν
546 3629 598 3696 διὰ
610 3628 672 3715 τὴν
686 3625 806 3696 οὐσίαν
819 3628 881 3716 την
897 3627 1003 3697 αὑτοῦ
1017 3648 1139 3718 φυγεῖν
