2859 4334
455 420 832 481 ΠΑΝΗΓΤΡΙΚΟΣ.
1085 419 1127 484 75

167 591 348 678 συνθήκαις
367 591 506 672 ἕκδοτός
525 593 632 680 ἐστιν,
656 596 762 662 οίιιῶν
779 592 819 663 δλ
835 599 943 682 νῆσον
959 591 1044 662 ιιατιλ
1062 594 1125 681 μλν

166 691 333 761 δῶλατταν
343 693 674 782 προδεδυστόχηκεν,
687 691 778 783 ὑπὲρ
786 693 825 764 δδ
833 699 893 782 τῆς
907 695 1018 783 χῶρας
1032 716 1124 780 τρισ-

166 799 289 880 χιλίους
302 799 371 881 ἔχει
382 793 490 882 μόνον
499 794 698 881 πελταστὰς,
712 794 790 865 ἄλλ’
802 793 892 883 ὅμως
906 796 997 865 οὕτω
1008 821 1124 865 ταπει-
1143 810 1177 862 λο

164 899 221 981 ιῆς
233 895 415 983 δυνάμεως
428 891 469 964 οό
484 895 630 966 δυύαται
642 897 877 984 περιγενέσθαι
885 897 1048 986 βασιλεῦς
1061 922 1123 966 πο-

164 1000 286 1082 λεμῶν,
299 995 376 1065 ἀλλ’
393 995 460 1084 ἤδη
472 996 537 1083 μλν
552 999 586 1080 ἓξ
602 1003 659 1086 ἔτη
673 997 897 1087 διατίτριφεν,
914 1006 947 1068 εί
962 997 1000 1067 δλ
1014 1003 1069 1068 δελ
1082 996 1124 1066 τό

163 1099 326 1184 μέλλοντα
338 1111 410 1177 τοϊς
419 1100 655 1187 γεγενημένοις
663 1107 916 1187 τεκμαίρεσθαι,
930 1103 1016 1169 πολύ
1027 1107 1124 1170 πλεί-

164 1225 207 1267 ον
225 1201 324 1278 ἐλπίς
338 1201 428 1269 ἐστιν
445 1201 564 1287 ἕτερον
578 1196 767 1286 ἀποστῆναι
779 1200 862 1289 πρὶν
877 1203 1008 1270 ἐκείνου
1023 1205 1124 1270 ἐνπο-

163 1305 396 1388 λιοραηθῆναι·
420 1305 572 1369 τοιαῦται
593 1304 801 1390 βραδυτῆτος
826 1303 864 1371 ἐν
887 1315 963 1382 ταλς
987 1301 1126 1389 πράξεσι

114 1410 150 1460 1ss
162 1415 230 1482 ταῖς
244 1403 410 1489 βασιλέως
425 1406 556 1471 ἔνεισιν.
577 1404 614 1470 ἐν
628 1402 666 1470 δὲ
680 1407 728 1492 τῷ
742 1402 878 1494 πολίμςο
894 1403 943 1496 τῷ
961 1403 1038 1489 περὶ
1052 1401 1118 1472 Ῥό·
1194 1431 1197 1438 ·

162 1507 220 1571 δον
233 1508 324 1590 ἔχων
331 1501 395 1590 μδν
407 1499 489 1582 τους
498 1507 775 1590 Λακεδαιμονίων
788 1501 986 1591 συμμάχους
1001 1502 1124 1584 εὔνους

161 1604 212 1672 διὰ
230 1605 297 1691 τὴν
311 1602 519 1692 χαλεπότητα
532 1608 601 1672 τῶν
614 1609 800 1690 πολιτειῶν,
814 1603 985 1693 χρῶμενος
998 1604 1037 1674 δδ
1050 1618 1123 1686 ταῖς
1140 1618 1158 1669 b

162 1705 362 1792 ὑπηρεσίαις
377 1719 454 1784 ταῖς
471 1701 553 1791 παρ’
568 1703 677 1792 ἡμῶν,
696 1708 967 1794 στρατηγοῦντος
980 1703 1015 1774 δ’
1031 1702 1124 1796 αὐτῷ

164 1805 340 1892 Κόνωνος,
358 1801 396 1886 ὃς
412 1797 458 1893 ἦν
475 1808 730 1893 ἐπιμελέστατος
747 1805 810 1894 μἐν
826 1811 896 1876 τῶν
915 1809 1124 1894 στρατηγῶν,

163 1905 359 1987 πιστότατος
369 1906 657 1996 δδτολςἚλλησιυ,
668 1907 903 1995 ἐμπειρότατος
911 1908 1027 1977 δὲτῶν
1040 1908 1125 1997 πρός

161 2010 218 2078 τόν
231 2009 385 2097 πόλεμον
400 2006 611 2097 [κινδόνιου],
628 2014 785 2078 τοιοῦτον
798 2009 913 2096 λοβῶν
932 2030 1123 2094 συναγωνι-

161 2109 241 2198 στὴν
256 2117 336 2196 τρία
349 2108 413 2198 μἐν
426 2115 483 2198 ἔτη
497 2115 644 2197 περιεῖδε
656 2111 694 2179 τὸ
712 2110 873 2180 ναυτικόν
886 2110 925 2178 τό
939 2101 1124 2201 προκινδυ-

159 2217 263 2281 νεῶον
275 2209 366 2297 ὑπὲρ
379 2208 556 2298 τῆςἎσίας
566 2208 634 2280 ὑπό
646 2212 792 2300 τριήρων
805 2211 925 2282 ἑκατόν
935 2212 1051 2300 μόνων
1060 2239 1120 2282 πο-

161 2312 417 2401 λιορκούμενον,
431 2317 672 2382 πεντεκαίδεκα
686 2313 725 2382 δὲ
733 2319 851 2402 μηνῶν
864 2313 945 2394 τούς
960 2307 1122 2403 στρατιῶῖ

158 2442 214 2496 τας
226 2412 291 2482 τόν
303 2411 431 2500 μισθόν
445 2407 683 2502 α’πεστέρησεν,
704 2412 788 2484 ῶστε
801 2413 839 2483 τό
855 2415 918 2502 μὲν
936 2413 989 2484 ἐπ’
1006 2418 1123 2508 ἐκείνη)

158 2512 321 2595 πολλάκις
332 2511 377 2582 ἂν
386 2514 608 2604 διελύθησαν,
622 2514 797 2584 διόδδτόν
808 2519 978 2603 ἐφεστῶτα
989 2514 1118 2606 [κίνδυ-
1142 2546 1157 2580 e

158 2614 231 2705 νον]
247 2614 381 2704 καλιὴν
394 2624 591 2704 συμμαχίαν
603 2615 666 2704 τήν
678 2617 755 2704 περὶ
763 2617 937 2705 Κόρινθον
950 2623 1125 2686 συστᾶσαν

108 2728 145 2778 143
158 2718 253 2806 μόλις
263 2720 521 2804 ναυμαχοῦντες
531 2719 702 2805 ἐνίκησαν.
718 2720 774 2786 καὶ
784 2717 881 2785 ταῦτ’
895 2719 1017 2787 ε’στλτὰ
1024 2725 1120 2805 βασι-

158 2817 325 2888 λικῶταια
348 2820 406 2887 καλ
431 2818 617 2906 σεμνότατα
637 2825 707 2887 τῶν
727 2822 846 2911 ἐκείνῳ
865 2821 1123 2908 πεπραγμένων,

156 2921 213 2990 παλ
228 2920 308 3008 περὶ
323 2909 372 2988 ῶν
385 2914 552 2989 οόδίποτε
564 2919 732 2989 παύονται
745 2919 900 3006 λέγοντες
913 2922 1123 3010 οίβουλόμε·

155 3049 208 3091 νοι
224 3022 268 3090 τὰ
285 3020 551 3109 τῶνβαρβάρων
568 3021 698 3108 μεγόλα
715 3034 834 3090 ποιεῖν.
862 3018 936 3110 (μ’.)
944 3019 1040 3092 Ὦστ’
1060 3019 1121 3092 οὐ·

157 3122 228 3205 δελς
241 3119 287 3190 ἆυ
301 3127 371 3208 ἔχοι
383 3120 478 3190 τοῦτ’
495 3129 617 3207 εἰπεῖν,
637 3121 683 3202 ῶς
699 3120 741 3191 οὐ
758 3127 897 3203 δικαίως
909 3126 1040 3212 χρῶμαι
1053 3138 1124 3206 τοῖς

156 3229 442 3312 παραδείγμασιν,
455 3219 533 3291 οὐδ’
546 3223 592 3304 ῶς
608 3225 662 3291 ἐπὶ
675 3239 807 3310 μικροῖς
817 3229 977 3311 διατρίβω
990 3220 1049 3304 τοὶς
1061 3251 1120 3313 με·

107 3337 140 3387 λλί
155 3333 273 3411 γίστας
289 3329 360 3392 τῶν
376 3322 531 3412 πράξεων
549 3331 784 3412 παραλείπων·
804 3325 943 3412 φεόγοιν
955 3326 1022 3412 γὰρ
1039 3353 1123 3395 ταυ-
1140 3338 1157 3390 d

154 3454 217 3514 την
229 3427 293 3514 τὴν
311 3434 427 3496 αἰτίαν
442 3424 484 3494 τὰ
501 3425 662 3494 κάλλιστα
679 3431 749 3493 τῶν
764 3433 873 3513 ἔργον
887 3430 1042 3514 διῆλθον,
1059 3422 1124 3496 οόπ

156 3522 368 3616 όμνημονῶν
380 3518 458 3596 οὐδ’
470 3531 622 3615 ἐκείνων,
635 3524 687 3596 ὅτι
696 3533 909 3615 Δερκυλίδας
918 3526 981 3615 μὲν
993 3537 1125 3616 χιλίους

157 3635 245 3716 ἔχων
259 3626 402 3707 ὁπλίτας
414 3633 473 3714 τῆς
481 3633 643 3708 Αἰολίδος
652 3630 787 3717 ἐπῆρχε,
801 3625 991 3717 Δρόνοιυδ
1003 3629 1123 3719 Ἀταρ-

155 3730 217 3798 νέα
229 3728 434 3815 παταλαβῶν
441 3732 498 3798 καλ
507 3738 713 3817 τρισχιλίους
720 3730 906 3808 πελταστὰς
915 3733 1077 3812 συλλέξας
1083 3731 1121 3798 τδ
