2859 4334
460 417 833 478 ΠΛΝΗΓΤΡΙΚΟΣ
1081 419 1122 482 δδ

172 591 238 658 ταῖς
251 590 373 664 ψυχαῖς
387 584 545 654 νικῶντες
561 587 630 654 τοῖς
647 577 799 662 σύμασιν
819 576 979 667 ἀπεῖπον,
1002 576 1043 648 ού
1058 577 1123 664 γὰρ

171 674 209 762 δὴ
223 673 325 744 τοῦτό
338 701 378 764 γε
391 676 490 760 δέμις
505 679 621 760 εἰπεῖν,
639 672 685 754 ὥς
698 672 909 762 ἡττήθησαν·
930 674 1040 758 ούδείς
1055 677 1121 763 γὰρ
1134 687 1151 742 δ

170 771 280 842 αύτων
302 787 425 860 φυγεῖν
437 769 594 860 ἠξίωσεν·
616 776 651 841 οί
664 769 696 840 δ’
713 769 867 860 ἡμέτεροι
884 774 942 854 τὰς
958 776 1020 862 μὲν
1035 775 1121 858 πρό-

169 881 272 952 τλους
286 874 457 958 ένίαησαν,
472 870 586 957 ἐπειδὴ
601 868 634 940 δ’
649 871 801 960 ἥκουσαν
810 880 869 960 τῆς
879 877 1033 962 παρόδου
1043 874 1121 954 τοὺς

167 976 346 1056 πολεμίους
366 977 591 1058 κρατοῦντας,
612 975 727 1040 οἶκαδε
748 974 1036 1054 καταπλεύσαντες
1057 977 1122 1060 [καί

167 1069 474 1149 κατασκευάσαντες
487 1066 527 1138 τὰ
543 1073 618 1155 περί
632 1067 695 1156 τὴν
708 1072 820 1154 πόλιν]
839 1071 945 1151 οὕτως
960 1073 1120 1160 ἐβουλεύ-

167 1189 267 1236 σαντο
282 1169 359 1253 περὶ
373 1175 440 1235 τῶν
453 1171 592 1252 λοιπῶν,
611 1167 696 1236 ὥστε
710 1175 846 1236 πολλῶν
860 1174 915 1239 καί
930 1181 1042 1240 καλῶν
1057 1169 1121 1240 αύ-

167 1282 233 1347 τοῑς
248 1266 546 1353 προειργασμένων
562 1268 600 1334 έν
615 1281 684 1345 τοῖς
700 1273 902 1347 τελευταίοις
918 1277 985 1336 τῶν
1002 1270 1122 1338 κινδύ-

128 1384 156 1436 93
166 1392 235 1432 νων
249 1370 299 1432 ἔτι
313 1366 416 1432 πλέον
430 1362 620 1452 διήνεγκαν.
642 1363 785 1452 ἀθύμως
797 1363 862 1452 γὰρ
880 1365 1040 1436 ἁπάντων
1054 1377 1122 1437 τῶν

166 1464 351 1551 συμμάχων
364 1467 593 1551 διακειμένων,
608 1467 663 1531 καὶ
675 1471 959 1550 Πελοποννησίων
969 1468 1032 1552 μὲν
1046 1470 1119 1534 δια·

166 1563 374 1648 τειχιζόντων
393 1560 453 1630 τόν
466 1559 601 1648 Ἰσθμόν
615 1565 670 1629 καὶ
687 1561 876 1648 ζητούντων
897 1568 987 1632 ίδίαν
1007 1563 1147 1644 αὑτοίςε

164 1668 343 1748 σωτηρίαν,
350 1657 1060 1749 τῶνδ’ἄλλωνπόλεωνύπδτοϊςβαρβάροις
1068 1688 1124 1746 γε·

163 1762 361 1847 γενημένωυ
372 1764 427 1828 καί
436 1761 755 1844 συστρατευομένων
765 1760 921 1847 ἐκείνοις,
933 1759 1022 1846 πλην
1033 1768 1067 1827 εί
1073 1784 1123 1838 τις

165 1857 219 1929 διὰ
239 1858 423 1945 μικρότητα
439 1857 677 1945 παρημελήδη,
693 1866 957 1943 προσπλεονσῶν
975 1861 1011 1928 δὲ
1029 1857 1122 1945 τριη·

164 1985 236 2044 ρων
247 1963 431 2026 διακοσίων
441 1960 496 2025 καί
505 1962 621 2043 χιλίων
630 1959 686 2022 καί
698 1961 796 2042 πεζῆς
808 1965 964 2042 στρατιᾶς
975 1954 1122 2041 ἀναριθ-

163 2058 272 2146 μήτου
289 2055 475 2142 μελλούσης
491 2061 537 2134 είς
550 2053 613 2141 τὴν
623 2052 775 2141 Ἀττικήν
795 2056 998 2144 είσβύλλειν,
1022 2054 1123 2125 ούδε-
1136 2075 1171 2130 ⁶⁰

162 2165 242 2242 μιᾶς
268 2161 432 2241 σωτηρίας
454 2151 567 2233 αύτοῑς
590 2151 880 2241 ὑποφαινομένης,
907 2151 981 2225 ἄλλ’
1006 2162 1122 2244 ἔρημοι

162 2255 351 2342 συμμάχων
366 2255 581 2340 γεγενημένοι
595 2255 729 2322 καὶτῶν
741 2257 884 2322 ἐλπίδων
895 2253 1037 2324 ἁπασῶν
1048 2260 1123 2344 διη-
1202 2295 1204 2300 ·

117 2373 148 2427 94
161 2354 385 2440 μαρτηκότες,
413 2350 489 2434 έξδν
512 2349 626 2431 αύτοτς
649 2350 694 2439 μὴ
721 2351 829 2438 μόνον
848 2351 928 2434 τούς
952 2355 1122 2441 παρόντας

161 2452 348 2530 κινδύνους
369 2455 548 2539 διαφυγεῖν
567 2449 725 2520 ἀλλὰκαὶ
746 2453 842 2539 τιμὰς
859 2456 1045 2540 ἐξαιρέτους
1059 2463 1121 2524 λα-

161 2558 248 2637 βεῖν,
266 2546 306 2628 ἃς
321 2544 434 2628 αύτοῑς
449 2553 562 2618 έδίδου
575 2549 732 2637 βασιλεύς
745 2548 949 2638 ἡγούμενος,
968 2557 999 2620 εί
1010 2550 1048 2620 τό
1063 2559 1122 2639 τῆς

162 2649 295 2729 πόλεως
314 2648 501 2738 προσλάβοι
521 2648 699 2734 ναυτικόν,
723 2657 923 2737 παραχρῆμα
942 2654 997 2720 καὶ
1011 2659 1121 2719 Πελο-

161 2748 340 2836 ποννήσου
354 2749 543 2835 κρατήσειν,
558 2746 620 2834 ούχ
632 2747 817 2835 ὑπέμειναν
825 2746 885 2827 τὰς
895 2745 976 2831 παρ’
989 2754 1121 2818 ἐκείνου

163 2844 311 2933 δωρεὰς,
328 2843 403 2914 οὐδ’
420 2844 636 2933 ὀργισθέντες
649 2861 718 2926 τοῖς
725 2846 889 2933 Ἕλλησιν,
906 2845 957 2915 ότι
972 2845 1149 2934 προύδόο

160 2960 289 3034 θησαν,
296 2943 448 3033 ἀσμένως
458 2949 512 3016 έπί
521 2944 581 3025 τός
592 2944 772 3033 διαλλαγὰς
782 2944 841 3024 τὰς
852 2943 936 3033 πρός
946 2945 1026 3027 τούς
1037 2956 1121 3035 βαρ-

117 3063 147 3118 95
162 3046 293 3131 βάρους
309 3041 480 3130 ὥρμησαν,
496 3041 571 3113 ἀλλ’
584 3041 679 3112 αύτοί
689 3047 752 3130 μὲν
763 3043 848 3130 ὑπὲρ
859 3053 917 3131 τῆς
928 3049 1123 3132 ἐλευθερίας

161 3153 323 3230 πολεμεῖν
334 3143 632 3230 παρεσκευάζοντο,
643 3158 712 3222 τοῖς
724 3141 756 3209 δ’
767 3141 881 3222 ἄλλοις
891 3142 953 3230 την
965 3150 1122 3214 δουλείαν
1235 3194 1240 3202 -

161 3245 380 3329 αίρουμένοις
395 3243 600 3329 συγγνύμην
614 3240 711 3327 εἶχον.
733 3239 879 3328 ἡγοῦντο
894 3240 960 3328 γδρ
974 3257 1044 3321 ταῖς
1058 3243 1121 3330 μὲν
1166 3234 1218 3319 εἶ’

160 3354 334 3419 ταπειναῖς
353 3348 422 3408 τῶν
437 3341 568 3409 πόλεων
588 3341 771 3427 προσήκειν
791 3345 827 3408 έκ
849 3339 973 3420 παντὸς
992 3342 1121 3427 τρόπον

161 3447 272 3528 ζητεῖν
282 3437 345 3526 τὴν
358 3445 536 3526 σωτηρίαν,
550 3454 621 3518 ταῖς
631 3442 668 3508 δέ
682 3439 884 3524 προεστάναι
899 3446 956 3525 τῆς
964 3437 1122 3523 Ἑλλάδος

160 3537 336 3619 ύξιούσαις
345 3534 407 3625 ούχ
415 3533 489 3606 οίόυ
499 3536 529 3605 τ’
540 3537 625 3606 εἶναι
635 3538 834 3624 διαφεύγειν
841 3536 920 3618 τούς
925 3539 1119 3623 κινδύνους,
1131 3572 1147 3608 α

160 3635 238 3708 ἀλλ’
254 3635 367 3721 οἵσπερ
378 3644 447 3704 τῶν
458 3635 595 3719 ἀνδρῶν
606 3651 672 3715 τοῖς
683 3645 797 3715 καλοῖς
807 3633 970 3720 κύγαδοις
981 3637 1121 3722 αίρετύ-
