2859 4334
418 408 534 465 ΠΕΡΙ
555 406 899 466 ΑΝΤΙΔΟΣΕΩΣ
1076 400 1137 462 100

172 592 248 652 μου
270 566 338 656 [καὶ
352 567 413 633 τοῦ
422 563 573 633 πλούτου
580 564 637 631 καὶ
645 564 706 630 τού
715 557 870 647 πλήθους
882 552 1134 644 τάνμαθητῶυ]

174 666 317 748 φθόνου
338 664 442 733 άπασι
457 679 526 743 τοῖς
542 664 729 732 ἀκούουσιν
747 665 954 749 ἐμποιήσειν,
976 667 1063 730 ἐκδὲ
1078 669 1135 749 τὴς

172 767 252 847 περὶ
275 761 315 831 τά
336 764 530 849 δικαστήρια
544 770 768 848 πραγματείας
783 768 830 842 είς
846 759 952 848 ὀργὴν
968 764 1023 829 καί
1040 775 1163 847 μίσοςσ

174 860 267 950 ὑμᾶς
280 865 513 949 καταστήσειν·
537 861 623 947 άπερ
639 861 722 929 ὅταν
736 864 894 931 πάθωσιν
909 867 941 930 οί
954 870 1135 947 κρίνοντες,

176 961 402 1048 χαλεπώτατοι
417 977 484 1039 τοῖς
498 959 754 1047 ἀγωνιζομένοις
768 967 859 1029 εἰσίν.

265 1061 347 1139 (ιδ.)
361 1058 420 1139 Ὡς
437 1054 503 1127 ούν
516 1059 558 1128 τά
573 1066 635 1147 μὲν
652 1066 749 1145 μείζω
767 1068 828 1127 τοῦ
843 1062 1071 1148 προσήκοντος
1088 1072 1136 1129 εί-

177 1186 278 1246 ρηκε,
304 1156 344 1225 τά
368 1156 400 1225 δ’
423 1158 508 1238 ὅλως
527 1159 700 1242 ψεύδεται,
728 1162 850 1247 ῥαδίως
871 1158 961 1245 οἶμαι
984 1159 1135 1246 φανερὸν

120 1278 158 1330 ³2
177 1260 341 1345 ποιήσειν.
378 1255 459 1337 ἀξιῶ
473 1256 505 1325 δ’
522 1257 609 1344 ὑμᾶς
623 1273 692 1336 τοῖς
706 1260 769 1343 μὲν
784 1258 896 1342 λόγοις
907 1254 956 1337 οἷς
971 1259 1134 1343 πρότερον

177 1356 345 1446 ἀκηκόατε
365 1366 445 1440 περί
462 1385 528 1444 μου
551 1365 618 1426 τῶν
640 1366 850 1445 βλασφημεῖν
870 1361 924 1426 καὶ
942 1359 1134 1446 διαβάλλειν

177 1462 397 1544 βουλομένων
417 1457 461 1545 μὴ
483 1461 656 1544 προσέχειν
677 1484 738 1525 τον
760 1464 861 1543 νοῦν,
889 1459 972 1544 μηδὲ
999 1458 1135 1525 πιστεύ-

178 1585 231 1626 ειν
250 1573 318 1636 τοίς
338 1560 419 1644 μήτε
440 1556 510 1643 μετ’
535 1562 671 1643 ἐλέγχου
690 1558 771 1644 μήτε
795 1556 876 1643 μετά
891 1564 1029 1641 κρίσεως
1044 1563 1163 1642 elon-e

178 1663 307 1743 μένοις,
334 1660 417 1742 μηδὲ
437 1672 508 1735 ταῖς
528 1658 638 1737 δόξαις
659 1664 805 1743 χρῆσθαι
829 1670 899 1735 ταῖς
924 1654 1045 1735 ἀδίκως
1070 1653 1130 1723 ὑπ’

179 1760 319 1824 ἐκείνων
340 1754 421 1841 ὑμῖν
442 1758 733 1842 ἐγγεγενημέναις,
756 1752 829 1823 ἀλλ’
848 1753 962 1834 ὁποῖός
975 1782 1024 1834 τις
1038 1752 1082 1821 ἀν
1097 1758 1133 1823 ἐκ

178 1863 236 1941 τῆς
250 1861 450 1941 κατηγορίας
462 1863 521 1941 τῆς
537 1863 603 1922 νύν
617 1858 671 1923 καί
685 1863 742 1940 τῆς
757 1853 936 1940 ἀπολογίας
952 1864 1133 1942 φαίνωμαι,

178 1961 336 2023 τοιοῦτον
358 1952 447 2021 εἷναί
463 1981 504 2040 με
521 1960 682 2039 νομίζειν·
705 1952 795 2021 οὕτω
812 1952 877 2039 γάρ
891 1955 1134 2040 γιγνώσκοντες

178 2051 278 2122 αύτοί
294 2080 329 2121 τε
351 2056 463 2135 δόξετε
487 2062 595 2131 καλῶς
615 2060 743 2137 κρίνειν
767 2055 821 2119 καί
836 2061 1000 2139 νομίμως,
1019 2054 1084 2140 ἐγώ
1099 2081 1133 2121 τε
1150 2064 1200 2122 ³17

179 2153 333 2238 τεύξομαι
351 2152 488 2222 πάντων
503 2161 572 2220 τῶν
587 2158 733 2220 δικαίων.

124 2270 161 2325 33
264 2252 343 2339 (ιε’.)
366 2249 437 2319 Ὅτι
453 2254 515 2337 μὲν
527 2246 591 2318 ούν
606 2249 716 2328 ούδεὶς
733 2249 813 2318 οὔθ’
829 2249 894 2317 ὑπὸ
910 2258 967 2336 τῆς
982 2253 1134 2338 δεινότη-

176 2378 233 2429 τος
245 2358 303 2436 τῆς
318 2353 397 2437 ἐμῆς
411 2348 492 2419 οὔδ’
510 2349 574 2417 ὑπὸ
588 2356 657 2417 τάν
668 2350 938 2436 συγγραμμάτων
952 2355 1133 2438 βέβλαπται

177 2456 244 2517 τῶν
263 2457 428 2534 πολιτῶν,
452 2446 511 2516 τδυ
525 2451 688 2516 ἐνεστῶτα
703 2452 866 2515 κίνδυνον
881 2446 1025 2535 ἡγοῦμαι
1040 2452 1127 2536 μέγι-

177 2570 258 2617 στον
268 2546 354 2616 εἶναι
364 2549 552 2634 τεκμήριον.
576 2555 606 2615 εί
615 2548 680 2633 γάρ
691 2574 741 2625 τις
754 2540 798 2634 ἡν
813 2545 1021 2634 ἠδικημένος,
1040 2556 1071 2617 εί
1079 2550 1134 2619 καὶ

178 2647 236 2715 τόν
249 2646 353 2715 άλλον
366 2648 490 2733 χρόνον
504 2646 645 2733 ἡσυχίαν
660 2646 763 2733 εἶχεν,
783 2646 844 2715 ούκ
860 2644 905 2715 ἀν
918 2647 1060 2735 ἠμέλησε
1072 2641 1134 2717 τού

179 2752 298 2829 καιροῦ
319 2752 379 2811 τοῦ
397 2745 578 2831 παρόντος,
605 2743 679 2813 ἀλλ’
698 2740 806 2832 ἡλθευ
827 2742 872 2813 ἀν
895 2746 968 2833 ἡτοι
990 2774 1133 2834 κατηγο·

180 2846 290 2930 ρὴσων
301 2840 649 2932 ἡκαταμαρτυρὴσωυ.
672 2843 760 2913 ὅπου
769 2848 834 2932 γάρ
850 2844 867 2913 ὁ
883 2846 962 2933 μηδ’
982 2846 1163 2934 ἀκηκοάςδ

179 2944 282 3032 μηδὲν
293 2945 427 3011 πάποτε
437 2952 591 3029 φλαῦρον
601 2950 647 3023 είς
656 2942 770 3032 ἀγῶνά
781 2972 822 3030 με
831 2952 1043 3032 τηλικουτονί
1054 2974 1133 3015 κατ-

180 3050 331 3130 έστησεν,
349 3037 370 3128 ἡ
389 3068 456 3111 που
473 3042 596 3129 σφόδρ’
609 3040 652 3110 ἀν
663 3050 697 3111 οί
705 3051 815 3124 κακῶς
826 3046 1131 3125 πεπονθότεςέπει-

134 3166 166 3219 34
182 3139 280 3230 ρῶυτ’
303 3137 347 3208 άν
369 3145 467 3227 δίκην
488 3139 567 3225 παρ’
591 3145 674 3227 ἐμοῦ
696 3142 888 3228 λαμβάνειν.
928 3141 970 3210 ού
996 3144 1062 3228 γάρ
1091 3144 1131 3231 δὴ

179 3244 275 3312 τοῦτό
290 3238 324 3331 γ’
340 3247 430 3313 ἐστὶν
444 3239 517 3309 οὔτ’
535 3238 622 3319 είκός
635 3238 714 3308 ούτε
729 3239 893 3326 δυνατὸν,
909 3243 965 3327 ἐμὲ
980 3245 1043 3328 μὲν
1058 3245 1132 3326 περὶ

180 3342 323 3423 πολλούς
332 3342 575 3431 ἡμαρτηκέναι,
593 3337 672 3419 τούς
684 3340 720 3407 δὲ
730 3353 801 3419 ταῖς
814 3356 1002 3426 συμφοραῖς
1016 3340 1061 3409 δι’
1078 3346 1134 3427 ἐμὲ

182 3443 469 3529 περιπεπτωκότας
491 3439 632 3528 ἡσυχίαν
652 3445 740 3525 ἐχειν
762 3441 817 3509 καί
831 3437 876 3525 μὴ
894 3446 1020 3525 τολμᾶν
1034 3442 1135 3527 έγκα-

181 3539 353 3618 λείυ,άλλά
375 3543 582 3627 πραοτέρους
604 3542 642 3607 ἐν
664 3552 733 3617 τοῖς
755 3542 844 3624 ἐμοῖς
860 3535 944 3604 εἶναι
961 3538 1133 3619 κινδύνοις

183 3647 245 3706 τῶν
265 3640 370 3723 μηδὲν
391 3637 617 3724 ἠδικημένων,
644 3634 720 3717 ἐξόν
741 3633 854 3714 αὐτοῖς
875 3635 1081 3720 δηλύσαοιυ,
1110 3638 1157 3706 δι
