2859 4334
443 414 863 477 namfflvmoz.
1088 408 1127 471 1³

619 711 684 779 12.

429 826 878 897 ΠΑΝΑΘΗΝΑΙΚΟΣ.

577 970 728 979 -ο--ι

258 1067 329 1152 (α’.)
350 1060 529 1152 Νεώτερος
538 1069 601 1153 μὲν
614 1063 662 1132 dv
674 1067 895 1153 προῃρούμην
904 1066 1048 1151 γράφειν
1059 1072 1127 1131 τών
1144 1081 1195 1133 2³2

173 1182 284 1269 λόγων
296 1181 337 1251 ού
348 1181 427 1260 τοῦς
440 1181 611 1269 μυθώδεις
622 1175 701 1245 οὐδὲ
712 1176 790 1255 τοῦς
801 1185 967 1261 τερατείας
979 1180 1033 1245 καὶ
1044 1190 1128 1256 ψευ-

173 1286 327 1368 δολογίας
342 1278 500 1369 μεστούς,
523 1275 571 1357 οἷς
592 1283 625 1345 οί
643 1281 760 1345 πολλοὶ
776 1284 903 1362 μᾶλλον
918 1270 1127 1362 χαίρουσινῆ

171 1394 240 1458 τοῖς
255 1382 401 1466 περὶτῆς
417 1386 530 1448 αυτών
544 1383 706 1462 σωτηρίας
722 1380 928 1461 λεγομένοις,
951 1373 1029 1443 οὐδὲ
1050 1372 1128 1451 τοῦς

172 1478 231 1558 τῦς
245 1478 386 1557 παλαιὰς
400 1480 535 1565 πράξεις
549 1479 603 1545 καὶ
617 1474 696 1554 τοῦς
711 1479 877 1562 πολέμους
890 1472 1127 1558 τοῦςἘλληνι-

173 1574 255 1655 κοῦς
269 1580 527 1664 ἐξηγουμένους,
543 1583 661 1656 καίπερ
678 1572 773 1651 είδώς
788 1578 922 1650 δικαίως
935 1569 1085 1650 αῦτοῦςέ
1109 1611 1128 1620 -

172 1679 412 1761 αιυουμένους,
435 1671 509 1742 οὐδ’
528 1666 666 1750 αύτούς
683 1670 965 1757 ἁπλωςείρῆσθαι
983 1674 1126 1736 δοκοῦν·
1144 1685 1196 1739 2³3

171 1802 230 1853 τας
240 1776 295 1841 καὶ
305 1778 465 1859 μηδεμιᾶς
477 1770 684 1858 κομψότητος
696 1772 900 1854 μετέχοντας,
913 1767 972 1846 οῦς
982 1772 1016 1835 οί
1024 1768 1127 1835 δεινοὶ

173 1876 248 1958 περὶ
262 1870 340 1951 τοῦς
356 1871 488 1957 δγώνας
499 1876 701 1956 παραινοῦσι
713 1884 782 1947 τοῖς
792 1872 965 1953 νεωτέροις
976 1873 1126 1951 μελετᾶν,

145 1986 266 2058 θείπερ
290 1973 469 2061 βούλονται
496 1973 597 2038 πλέον
622 1974 707 2053 ἔχειν
732 1974 798 2034 τῶν
823 1965 1017 2045 ἀντιδίκων,
1043 1962 1125 2032 ἄλλα

173 2074 301 2151 πάντας
317 2072 457 2149 τούτους
470 2070 569 2147 έόσας
582 2068 657 2152 περὶ
673 2070 819 2143 ἐκείνους
831 2063 1127 2151 ἐπραγματευόμην

173 2168 253 2249 τοῦς
267 2173 343 2254 περὶ
359 2178 426 2237 τῶν
439 2169 682 2255 συμφερόντων
696 2174 736 2255 τῇ
749 2193 784 2234 τε
800 2167 894 2233 πόλει
909 2168 963 2233 καί
984 2180 1051 2243 τοῖς
1068 2165 1127 2232 ἄν

175 2267 383 2355 λοιςἝλλησι
399 2270 708 2357 συμβουλεύοντας,
731 2269 785 2333 καί
800 2273 933 2333 πολλῶν
948 2266 1009 2351 μὲν
1025 2267 1130 2332 ένθυ-

175 2368 335 2457 μημώτων
356 2372 533 2454 γέμοντας,
560 2364 622 2432 οῦκ
644 2364 767 2450 ὀλίγων
791 2363 822 2431 δ’
845 2362 1050 2433 ἀντιθέσεων
1074 2368 1155 2431 καὶο

176 2468 394 2550 παρισώσεων
411 2468 466 2533 καλ
486 2472 554 2532 τών
569 2462 680 2532 ἄλλων
696 2468 796 2531 ίδεών
809 2471 877 2531 τών
895 2467 932 2532 έν
945 2478 1016 2542 ταῖς
1030 2467 1130 2550 ῥητο-

176 2572 278 2649 ρείαις
298 2568 557 2652 διαλαμπουσῦν
578 2566 632 2631 καὶ
652 2559 732 2640 τοῦς
752 2560 937 2640 αἰκούοντας
956 2564 1130 2647 ἐπισημαί-

175 2673 294 2731 υεσθαι
317 2665 372 2732 καὶ
395 2670 560 2747 θορυβεῖν
586 2661 863 2747 ώναγκαζονσών·
902 2666 968 2728 νῦν
993 2657 1024 2728 δ’
1053 2656 1127 2728 οὐδ’

147 2782 164 2833 3
177 2761 333 2829 ὁπωσοῦν
347 2760 426 2841 τοῦς
440 2762 623 2841 τοιούτους.
644 2760 790 2848 ἡγοῦμαι
805 2759 869 2846 γὰρ
882 2758 942 2846 οὐχ
953 2758 1130 2845 ἁρμόττειν

177 2862 253 2931 οὔτε
269 2878 337 2942 τοῖς
357 2869 442 2931 ἔτεσι
463 2877 531 2942 τοῖς
549 2864 750 2950 ἐνενήκοντα
770 2865 824 2929 καὶ
845 2863 1031 2946 τέτταρσιν,
1057 2858 1128 2947 διγώ

177 2960 329 3047 τνγχώνω
345 2957 508 3047 γεγονώς,
531 2958 611 3030 οὔθ’
630 2960 715 3041 ὅλως
734 2975 803 3039 τοῖς
820 2958 884 3046 ἥδη
900 2957 1017 3039 πολιᾶς
1032 2967 1129 3046 ἔχοντ

177 3083 231 3127 σιν
246 3065 375 3129 ἐκείνου
392 3057 452 3128 τόν
473 3060 599 3143 τρόπον
620 3068 667 3129 ἔτι
682 3065 809 3145 λέγειν,
832 3057 905 3127 ἀλλ’
923 3056 967 3137 ὡς
985 3058 1129 3137 ἅπαντες

177 3162 238 3245 μὲν
253 3154 296 3225 ῦν
308 3163 494 3241 έλπίσειαν,
512 3167 542 3228 εί
553 3167 772 3247 βουληθεῖεν,
788 3157 898 3237 οὐδεὶς
915 3157 947 3226 δ’
965 3155 1008 3226 ῦν
1026 3163 1155 3243 δυυη-α

176 3265 251 3343 θείη
266 3261 388 3347 ῥηιδίως
403 3256 490 3345 πλὴν
510 3266 577 3327 τών
592 3276 710 3329 πονεῖν
725 3260 913 3329 ἐθελόντων
927 3262 982 3327 καὶ
995 3258 1127 3344 σφόδρα

148 3358 410 3441 επροσεχόντων
425 3356 485 3425 τόν
501 3366 594 3426 νοῦν.
621 3359 745 3428 τούτου
760 3356 792 3426 δ’
814 3360 911 3425 ἕνεκα
926 3364 1028 3424 ταῦτα
1044 3379 1129 3441 προ·

175 3470 284 3537 είπον,
301 3455 348 3523 ἵν’
362 3456 406 3545 ἥν
420 3479 507 3525 τισιν
524 3456 541 3527 ὁ
557 3463 687 3546 μέλλων
702 3457 940 3543 δειχθήσεσθαι
954 3455 1053 3541 λόγος
1064 3481 1128 3540 μα·

176 3554 361 3642 λογιώτερος
376 3552 424 3623 ών
439 3563 598 3643 φαίνηται
609 3566 677 3625 τών
692 3558 857 3638 πρότερον
873 3558 1127 3638 διαδεδομένων,

174 3650 218 3741 μὴ
238 3656 476 3741 παραβώλλωσι
497 3654 579 3739 πρὸς
601 3654 662 3742 την
683 3658 821 3722 ἐκείνων
835 3660 1020 3735 ποικιλίαν,
1044 3650 1126 3721 ἀλλὰ
