2859 4334
465 423 732 484 011111111022
1019 419 1077 484 117

133 613 165 654 τι
188 589 351 670 πλείστην
369 581 601 669 ἀφορίσασθαι
618 585 675 652 καλ
695 587 868 670 διαλαβεῖν
881 580 944 670 τήν
955 579 1077 668 Ἀσίαν,

133 710 160 762 ις
174 683 318 768 λέγουσί
327 705 432 766 τινες,
448 678 514 748 ἀπὸ
527 686 679 760 Κιλικίας
693 683 789 768 μέχρι
803 679 981 766 Σινύπής,
995 675 1080 766 πρὸς

133 784 150 850 ὲ
165 778 302 859 τούτοις
315 785 424 848 κτίσαι
441 777 555 858 πόλεις
569 780 622 848 ἐπὶ
635 779 746 871 τούτῳ
762 787 809 871 τῷ
823 779 914 871 τύπφ
929 781 984 850 καὶ
998 805 1079 848 κατ-

133 887 241 950 ικίσαι
260 876 342 958 τούς
360 885 427 946 νύν
439 881 682 964 πλανωμένους
695 876 742 948 δι’
760 882 894 948 ένδειαν
906 884 976 948 τῶν
993 875 1075 947 καθ’
1089 902 1106 942 ε

133 981 247 1067 μέραυ
259 980 316 1048 καί
329 982 598 1066 λυμαινομένους
619 973 669 1059 οἷς
684 974 729 1048 ἄν
748 978 940 1066 έυτύχωσιυ.
971 976 1032 1058 οὐς
1051 983 1082 1047 εί

134 1079 157 1166 ή
174 1079 355 1165 παύσομεν
369 1074 633 1165 ἀθροιζομένους
650 1086 729 1167 βίον
748 1077 861 1159 αὐτοῖς
881 1078 1001 1149 ίκανδν
1015 1101 1081 1146 πο-

134 1186 287 1263 ίσαντες,
303 1176 466 1265 λήσονσιν
479 1174 566 1264 ἡμᾶς
579 1185 736 1248 τοσούτοι
749 1179 928 1265 γενόμενοι
941 1203 979 1246 το
993 1181 1081 1263 πλή-

133 1304 180 1356 ·ος
204 1275 293 1345 ὥστε
316 1277 422 1363 μήδδν
445 1268 548 1363 ἧττον
567 1274 694 1356 αὐτούς
715 1275 801 1346 εἶναι
823 1274 992 1367 φοβερούς
1010 1289 1080 1354 τοῖς

133 1371 305 1462 δλλησινή
325 1388 395 1454 τοις
413 1375 612 1464 βαρβάροις·
636 1369 686 1445 δυ
706 1374 868 1464 οὐδεμίαν
888 1375 1081 1462 ποιούμεθα
1098 1387 1146 1448 Ιθλ

133 1473 297 1560 τρόνοιαν,
309 1471 384 1543 ἄλλ’
396 1471 718 1562 άχνοοῦμευκοιυδυ
728 1475 840 1564 φόβον
850 1477 906 1546 καλ
916 1478 1080 1544 κίνδυνον

134 1594 245 1642 πασιν
265 1569 348 1659 ἡμῖν
371 1570 612 1660 αὐξανόμενον.
646 1581 738 1644 έστιν
763 1568 827 1644 οὐν
851 1572 975 1661 άνδρδς
994 1577 1080 1660 μέγα

133 1682 334 1762 »ρονούντος
342 1677 399 1744 καλ
409 1680 609 1764 φιλέλληνος
617 1680 674 1747 καὶ
681 1680 958 1766 πορρωτέρωτύν
966 1674 1080 1746 ἄλλον

133 1785 153 1864 ᾖ
166 1780 304 1864 διανοίᾳ
313 1783 542 1863 καθορῶντες,
549 1773 830 1865 ἀποχρησάμενον
840 1790 909 1858 τοῖς
916 1775 1081 1855 τοιούτοις

134 1874 201 1960 ρός
221 1872 304 1952 τούς
324 1873 518 1962 βαρβάρους
537 1878 594 1945 καλ
612 1874 728 1962 χάραν
748 1873 1003 1964 άποτεμύμενον
1022 1899 1077 1941 το-

133 1975 264 2061 αύτην,
283 1972 369 2059 ὅσην
382 1969 484 2064 ὐλίχφ
500 1974 666 2062 πρότερον
681 1974 878 2063 εἰρήκαμεν,
893 1971 1081 2054 ἀπαλλάξαι

133 2100 147 2141 ε
162 2069 246 2151 τούς
257 2074 530 2160 ξενιτευομίυους
543 2079 612 2140 τῶν
625 2080 741 2142 κακῶν
757 2065 806 2141 δν
817 2070 917 2141 αὐτοί
923 2070 954 2141 τ’
967 2078 1081 2160 έχουσι

134 2176 167 2241 αλ
179 2185 253 2250 τοῖς
263 2170 378 2252 ἄλλοις
387 2175 579 2260 παρέχουσι,
592 2178 647 2242 καλ
658 2173 773 2252 πόλεις
784 2175 816 2254 ἐξ
828 2170 941 2242 αὐτῶν
953 2179 1107 2260 συστῇ-ο

134 2302 170 2340 αι
191 2273 250 2340 καλ
264 2272 402 2352 ταύταις
415 2269 527 2359 ὁρίσαι
545 2270 608 2359 τήν
616 2270 760 2343 Ἐλλάδα
780 2276 836 2342 καί
849 2273 1081 2360 προβαλέσθαι

134 2371 181 2456 ῑρδ
194 2369 360 2440 ἁπάντων
369 2368 475 2460 ἡμῶν.
493 2380 598 2440 ταῦτα
607 2371 674 2460 γάρ
686 2372 813 2458 πράξας
823 2368 866 2439 οὐ
876 2371 984 2458 μόνον
996 2372 1082 2438 έκεί-

136 2497 199 2549 ους
220 2467 424 2557 εὐδαίμονας
444 2471 596 2558 ποιήσεις
616 2469 702 2540 ὐλλᾶ
724 2474 779 2539 καὶ
795 2471 922 2548 πάντας
935 2469 1023 2558 ήμδς
1038 2474 1083 2548 είς

134 2569 310 2656 ’σφάλειαυ
323 2569 549 2657 καταστήσεις.
571 2565 617 2657 ἢν
627 2567 658 2638 δ’
672 2560 737 2638 οὐν
748 2570 878 2638 τούτων
888 2570 1082 2656 διαμάρτῃς,

134 2668 192 2738 ‘M'
209 2668 321 2738 έκετνύ
340 2695 380 2757 χε
399 2672 523 2760 ῥᾳδίως
542 2667 708 2756 ποιήσεις,
732 2666 791 2748 τὰς
810 2668 925 2748 πόλεις
943 2665 1002 2746 τὰς
1021 2664 1084 2752 τήν

134 2775 228 2837 ίσίαυ
246 2768 469 2848 κατοικούσας
485 2767 735 2854 ἐλευθερώσεις.
765 2765 786 2833 ὅ
799 2793 830 2835 τι
845 2763 877 2833 δ’
894 2761 939 2834 δν
952 2765 1083 2834 τούτων

135 2874 243 2952 τριλξαι
263 2871 416 2957 διαιήθῇς
429 2862 453 2955 ἢ
466 2869 522 2936 καὶ
538 2867 646 2954 μόνον
671 2864 897 2953 ἐπιχειρήσῃς,
924 2861 987 2932 οὐκ
1007 2860 1084 2933 ἔσθ’

135 2967 211 3046 ’ποις
225 2963 269 3034 οὐ
275 2973 405 3053 μᾶλλον
411 2973 482 3056 τῶν
492 2965 606 3036 ἄλλων
617 2964 859 3053 εὐδοκιμήσεις,
872 2966 927 3034 καὶ
937 2969 1112 3052 δικαίως,ε

135 3068 161 3133 ’ν
174 3092 241 3150 περ
255 3064 357 3146 αὐτός
369 3063 400 3135 τ’
417 3068 471 3136 ἐπὶ
483 3063 588 3134 ταῦθ’
602 3063 753 3154 δρμήσχς
767 3066 824 3133 καλ
836 3062 1084 3151 τούςἝλληνας

135 3169 323 3253 εροτρέιδρς.
350 3166 442 3246 (κατ’.)
457 3163 547 3234 Ἐπεί
560 3172 628 3232 νῦν
639 3191 679 3251 με
691 3170 742 3243 τίς
756 3161 818 3232 οὐκ
834 3158 878 3231 δν
893 3164 1028 3240 εἰκότως
1043 3159 1083 3231 τά

135 3261 358 3350 ὐμβεβηκύτα
378 3263 568 3350 θαυμάσειε
587 3266 643 3331 καλ
665 3263 955 3349 καταφρονήσειεν
975 3258 1083 3346 ἡμῶν,

135 3361 208 3429 ’που
223 3358 315 3446 παρὰ
327 3363 390 3450 μέν
403 3376 473 3441 τοις
486 3362 689 3451 βαρβάροις,
704 3358 765 3439 οὐς
775 3357 1009 3446 ὑπειλήφαμεν
1019 3384 1084 3444 μα-

135 3459 338 3541 .ακούςείναι
345 3465 565 3548 καὶπολέμου
575 3459 734 3545 ὐπείρους
746 3461 801 3527 καὶ
813 3460 1084 3546 διεφθαρμένους

136 3558 187 3628 ιπδ
198 3568 258 3646 τῆς
268 3569 417 3647 τρυφῆς,
432 3559 555 3645 ἄνδρες
569 3557 798 3646 έχγεγόνασιν,
815 3563 851 3625 οδ
863 3563 920 3642 τῆς
927 3553 1085 3636 Ἑλλάδος

136 3659 236 3745 ἵρχειυ
249 3657 406 3745 ἠξίωσαν,
422 3667 491 3726 τῶν
503 3656 535 3725 δ’
543 3655 713 3741 Ἑλλήνων
725 3653 835 3733 οὐδεὶς
849 3660 1011 3722 τοσούτου
1022 3666 1113 3724 ττι-δ
