2859 4334
300 352 359 412 118
575 354 756 411 ΙΣΟΚΡΑ
766 355 823 412 TO
833 356 893 412 ΤΣ
909 362 973 426 (15)

244 529 279 587 ες
293 514 507 598 γνωσμένοις.
532 502 626 580 ούτοι
640 513 702 595 μὲν
719 510 783 596 γάρ
799 509 836 578 τό
854 513 1037 597 λεγόμενον
1058 510 1249 599 ὁμολογού-

294 638 398 697 μενον
413 610 463 678 ἀεὶ
477 618 523 700 τῷ
539 613 770 700 προειρημένῳ
784 614 839 679 καλ
851 614 1131 696 συγκεκλειμένον
1148 619 1278 696 ἔχου-δ

294 730 360 792 σιν,
379 713 415 775 έν
430 709 467 776 δὲ
480 710 588 799 τούτῳ
602 706 817 776 τούναντίον·
840 706 1011 786 ἀπολύσας
1024 706 1089 795 γάρ
1104 706 1171 775 άπό
1185 714 1247 775 τοῦ

294 815 459 896 προτέρου
479 814 534 877 καλ
554 814 652 895 χωρὶς
675 809 785 894 ῶσπερ
806 808 846 875 τά
868 810 1058 894 καλούμενα
1080 810 1248 893 κεφάλαια

294 912 434 997 ποιήσας
449 915 615 995 πειρῶμαι
631 907 685 976 διά
702 911 854 995 βραχέων
872 910 1013 974 ἕκαστον
1031 900 1078 975 ῶν
1092 916 1247 993 συμβου-

244 1023 278 1076 69
295 1012 383 1080 λεύω
400 1008 548 1095 φράζειν,
572 1010 695 1075 τούτου
716 1004 748 1073 δ’
773 1009 870 1074 ἕνεκα
892 1007 1019 1092 ταύτην
1039 1008 1247 1091 ἐποιησάμην

293 1110 355 1197 τήν
369 1107 554 1189 ὑπόθεσιν,
582 1104 768 1192 ἡγούμενος
793 1107 829 1171 ἐκ
854 1110 915 1171 τοῦ
936 1118 1113 1187 παραινεῖν
1134 1105 1197 1187 τήν
1212 1129 1247 1170 τε

295 1208 451 1274 διάνοιαν
476 1203 539 1291 τήν
569 1207 699 1271 ἐκείνου
727 1199 858 1288 μάλιστ’
890 1198 1077 1289 ὠφελήσειν
1106 1206 1160 1269 καὶ
1186 1199 1247 1268 τόν

295 1308 421 1389 τρόπον
437 1303 498 1372 τόν
513 1306 658 1389 ἐμαυτοῦ
680 1302 814 1386 τάχιστα
836 1301 1008 1385 δηλώσειν.
1032 1299 1087 1368 διά
1103 1298 1165 1386 τήν
1182 1299 1248 1367 αύ-

295 1405 356 1492 τήν
370 1406 406 1473 δὲ
424 1403 550 1490 ταύτην
578 1402 750 1488 πρόφασιν
770 1403 823 1467 καὶ
845 1408 910 1467 νυν
927 1398 1032 1468 αύτόν
1046 1400 1127 1487 ὑμῖν
1143 1406 1276 1481 δεῖξαιε

295 1506 509 1590 προειλόμην,
523 1500 583 1587 οὐχ
596 1499 640 1580 ὡς
654 1500 771 1584 άριστα
783 1508 850 1566 τῶν
865 1507 991 1566 λοιπῶν
1004 1503 1248 1586 γεγραμμένον,

295 1601 369 1671 ἀλλ’
388 1601 432 1680 ῶς
446 1606 481 1669 ἐκ
498 1602 621 1669 τούτου
637 1601 778 1685 μάλιστα
795 1598 943 1682 φανερὸς
958 1600 1192 1684 γενησόμενος,
1206 1594 1249 1664 δν

299 1703 427 1784 τρόπον
443 1713 591 1786 είθισμαι
608 1701 744 1777 καὶτοῖς
759 1700 905 1776 ἰδιώταις
920 1701 973 1766 καί
989 1713 1057 1778 τοῖς
1068 1700 1251 1775 δυνάσταις

251 1820 283 1872 70
296 1803 502 1887 πλησιάζειν·
528 1802 719 1886 φανήσομαι
744 1795 807 1884 γάρ
830 1796 914 1883 πρός
937 1795 1042 1864 αὐτόν
1060 1801 1250 1878 ἐλευθέρως

297 1904 351 1969 καλ
365 1908 422 1985 τής
436 1900 564 1976 πόλεως
579 1897 676 1979 άξίως
697 1902 935 1984 διειλεγμένος,
956 1902 1010 1965 καί
1027 1896 1069 1963 ού
1085 1898 1144 1964 τόν
1159 1901 1248 1965 ἐκεί-
1264 1911 1310 1964 ³⁴³

300 2027 360 2067 νου
376 2006 523 2066 πλούτου
540 1995 618 2065 οὐδὲ
630 1995 692 2082 τήν
704 1999 850 2084 δύναμιν
863 1996 1066 2079 θεραπεύων
1084 1993 1166 2064 ἀλλά
1180 2010 1251 2073 τοῖς

297 2095 491 2182 ἀρχομένοις
504 2094 697 2183 ίααμύνων,
715 2097 770 2163 καὶ
787 2094 1050 2178 παρασκευάζων
1066 2090 1145 2160 καθ’
1163 2092 1250 2159 ὅσον

296 2195 473 2281 ἠδυνάμην
494 2193 555 2281 τήν
577 2202 748 2262 πολιτείαν
772 2193 884 2272 αὐτοῖς
899 2193 944 2273 ῶς
962 2189 1035 2263 οἷόν
1050 2220 1083 2261 τε
1098 2193 1250 2274 πραοτά-

297 2321 367 2376 την.
392 2293 479 2361 ὅπου
494 2293 529 2360 δὲ
547 2302 676 2380 βασιλεῖ
695 2295 931 2380 διαλεγόμενος
954 2292 1039 2379 ὑπὲρ
1055 2300 1115 2360 τοῦ
1137 2292 1249 2377 δήμου

296 2392 375 2472 τούς
389 2392 510 2477 λόγους
525 2393 719 2477 ἐποιούμην,
734 2387 825 2479 ήπου
835 2408 904 2471 τοῖς
915 2396 952 2461 ἐν
968 2398 1172 2478 δημοκρατίᾳ
1183 2415 1249 2456 πο-

297 2498 521 2577 λιτευομένοις
548 2490 671 2575 σφόδρ’
697 2488 741 2559 άν
770 2500 1083 2577 παρακελευσαίμην
1104 2490 1141 2557 τό
1162 2497 1250 2573 πλή-

250 2606 278 2659 71
296 2603 360 2669 θος
373 2588 587 2672 θεραπεύειν.
626 2591 711 2668 (κέ.)
723 2588 775 2659 Ἐν
791 2595 853 2678 μὲν
869 2587 930 2659 οδε
948 2600 993 2679 τῷ
1008 2598 1172 2681 προοιμίῳ
1188 2594 1244 2657 καί

296 2705 364 2768 τοῖς
379 2690 520 2774 πράτοις
535 2694 728 2776 λεγομένοις
741 2694 878 2777 ἐπιτιμῶ
894 2707 963 2772 ταῖς
972 2698 1178 2777 μοναρχίαις,
1194 2688 1276 2757 Sub

298 2792 375 2857 δέου
386 2785 508 2865 αύτούς
519 2785 581 2872 τήν
595 2789 764 2876 φρόνησιν
777 2790 892 2857 ἀσκεῖν
903 2800 1031 2876 μᾶλλον
1042 2799 1109 2859 τῶν
1122 2790 1247 2870 ἄλλων,

296 2904 408 2975 χεῖρον
423 2888 637 2955 παιδεύονται
654 2895 722 2955 τῶν
737 2894 887 2956 ἰδιωτῶν.
915 2892 1098 2974 διαλεχθείς
1121 2891 1158 2956 δὲ
1173 2890 1249 2969 περί

298 2988 427 3054 τούτων
441 2995 594 3067 παραινῶ
613 2996 657 3077 τῷ
673 2997 835 3055 Νικοκλεῖ
846 2988 890 3076 μή
902 2992 1069 3077 ῥᾳθυμεῖν
1080 2984 1159 3073 μηδ’
1178 2984 1246 3053 ῶσ-

299 3111 361 3167 περ
382 3085 569 3169 ίερωσύνην
594 3087 751 3170 εἰληφότα
771 3084 832 3172 τήν
854 3093 1044 3172 βασιλείαν,
1074 3084 1163 3152 οὕτω
1186 3082 1248 3167 τήν

298 3182 435 3269 γυῶμηυ
450 3189 552 3267 ἐχειν,
574 3181 657 3250 άλλά
673 3190 741 3250 τῶν
761 3182 895 3268 ἡδονῶν
910 3182 1120 3269 ἀμελήσαντα
1139 3201 1248 3267 προσ-

251 3301 284 3354 ῖκ
299 3287 385 3367 ε’χειν
396 3278 454 3347 τόν
467 3288 552 3348 νοῶν
563 3296 629 3359 τοῖς
644 3284 846 3369 πράγμασιν.
870 3286 1022 3369 ἐπιχειρῶ
1034 3284 1070 3350 δὲ
1081 3283 1135 3349 καὶ
1147 3288 1246 3347 τοῦτο

298 3388 430 3449 πείθειν
444 3376 558 3461 αὐτόν,
575 3379 619 3457 ὡς
628 3380 688 3467 χρή
702 3381 815 3449 δεινόν
826 3388 983 3469 νομίζειν,
997 3380 1078 3449 όταν
1089 3379 1153 3468 ὁρᾷ
1167 3378 1272 3457 τούςε

298 3477 430 3555 χείρους
454 3477 524 3541 τῶν
548 3476 731 3560 βελτιόνων
757 3474 921 3561 ἄρχοντας
947 3476 1001 3545 καί
1028 3478 1110 3559 τούς
1141 3476 1241 3561 άνοη-

301 3570 451 3642 ῑθτὲοθυς
465 3579 533 3642 τοῖς
551 3576 815 3652 φυονιμωτέροις
832 3584 1108 3661 προστάττοντας,
1127 3578 1246 3662 λέγων.
