2859 4334
403 346 524 403 ΠΕΡΙ
536 344 695 403 ΑΝΤΙΔ
706 342 880 400 ΟΣΕΩΣ.
1061 341 1119 401 155

163 501 253 591 ἡμᾶς
267 502 340 572 οὔτ’
357 503 613 590 ἐπιτηδεύοντας
622 498 699 569 οὔτε
712 503 870 585 λέγοντας
881 499 955 569 οὔτ’
970 500 1114 568 ἀσκούν.

161 631 225 681 τας
245 597 330 671 οὔθ’
353 599 658 687 ὑπισχνουμένους·
686 596 760 665 ἀλλ’
784 596 864 666 οὐδὲ
881 597 960 678 τοῦς
974 602 1110 686 πλησιά.

162 708 281 782 ζοντας
301 698 371 766 τῶν
388 693 504 765 αύτῶν
523 696 689 779 ἑκατέροις
714 700 812 765 ἕνεκα
827 698 1009 777 συνόντας·
1033 696 1116 766 ἀλλὰ

160 797 246 877 τοῦς
259 801 322 885 μὲν
336 798 540 881 ἀλαζονείας,
552 795 631 875 τοῦς
641 796 677 867 δὲ
688 802 839 873 παιδείας
848 812 1022 883 μετασχεῖν
1033 806 1117 883 βου-

161 902 335 984 λομένους.
360 897 443 987 πρὸς
458 901 492 966 δὲ
511 898 643 975 τούτοις
657 894 759 965 ῖδοιτ’
774 891 819 962 ἀν
833 894 912 976 τοῦς
927 899 990 982 μὲν
1010 903 1114 964 δικαί-

162 1024 210 1077 ως
244 990 288 1064 ἀν
317 995 535 1082 μισηθέντας
554 993 696 1074 άπάσαις
712 1009 783 1073 ταῖς
792 993 958 1081 Ἑλληνίσι
978 996 1117 1064 πόλεσιν

162 1101 385 1183 ἐνοχλοῦντας
400 1098 454 1164 καὶ
469 1102 657 1181 ζητοῦντας,
672 1092 829 1173 οὕστινας
841 1096 1115 1182 ἐξαπατησουοιν,

161 1198 218 1264 ἐπὶ
232 1196 268 1263 δὲ
282 1192 362 1273 τοῦς
382 1192 630 1280 ἀληθεστέρους
651 1195 705 1260 καλ
727 1195 1009 1276 σπουδαιοτέρους
1027 1197 1059 1273 ἐξ
1074 1193 1115 1260 ἁ-

161 1296 302 1361 πάντων
328 1299 395 1360 των
423 1293 535 1363 τόπων
557 1288 680 1371 αύτούς
703 1293 873 1370 πλέοντας.
909 1293 984 1374 περὶ
1002 1284 1050 1359 ἀν
1071 1289 1115 1358 ἀν

162 1392 269 1480 ἡδέως
284 1393 479 1479 Λυσιμάχου
498 1399 689 1477 πυθοίμην,
711 1398 785 1458 τίνα
799 1392 879 1458 ποτὲ
895 1392 1034 1477 γνύμην
1050 1398 1115 1479 ἔχει

161 1496 239 1578 περὶ
254 1502 322 1562 τῶν
337 1498 372 1563 ἐκ
388 1500 542 1570 Σικελίας
561 1494 614 1560 καλ
626 1499 686 1558 τοῦ
697 1490 833 1559 Πόντου
849 1493 902 1558 καὶ
919 1497 987 1556 τῶν
1000 1489 1112 1557 ἀλλων
1134 1511 1182 1564 ιοε

161 1594 276 1661 τόπων
299 1599 399 1675 δεῦρο
420 1592 592 1661 πλεόντων
608 1588 651 1669 ὡς
671 1588 769 1677 ἡμᾶς,
790 1594 847 1659 ἵνα
870 1597 1111 1660 παιδευθῶσιν.

161 1694 308 1776 πότερον
331 1688 454 1769 αύτούς
486 1701 590 1759 οίεται
622 1696 840 1770 σπανίζοντας
864 1693 933 1758 ἐκεῖ
954 1698 1113 1776 πονηρῶν

161 1789 358 1875 ἀνθρώπων
370 1788 493 1858 ἐνθάδε
506 1798 674 1857 ποιεῖσθαι
690 1786 752 1875 την
764 1796 919 1875 πορείαν;
930 1787 1013 1858 ἀλλά
1026 1816 1113 1856 παν-

161 1897 265 1975 ταχοῦ
287 1886 415 1974 πολλὴν
435 1884 607 1973 ἀφθονίαν
625 1886 719 1974 εῦροι
734 1915 784 1967 τις
798 1883 842 1954 ἀν
856 1897 925 1956 τῶν
939 1910 1113 1975 συμπονη-

89 2012 142 2064 2νό
163 1990 328 2072 ρεύεσθαι
355 1991 409 2057 καὶ
436 1988 742 2073 συνεξαμαρτάνειν
776 1991 1000 2075 βουλομένων.
1036 1986 1111 2057 ἀλλ’

161 2094 221 2159 ἵνα
236 2089 510 2175 κακοπράγμονες
522 2091 576 2156 καλ
591 2089 802 2174 συκοφάνται
815 2090 989 2174 γένωνται,
1004 2087 1110 2156 πολλὰ

161 2190 312 2275 χρήματα
337 2196 545 2268 τελέσαντεςς
570 2186 653 2255 ἀλλά
683 2194 817 2271 πρῶτον
842 2187 904 2273 μὲν
929 2192 963 2255 οἱ
987 2189 1112 2274 ταύτην

163 2296 292 2374 ἔχοντες
307 2286 367 2373 τὴν
383 2286 521 2373 γνύμηυ
531 2286 618 2354 πολύ
631 2282 674 2352 ἀν
686 2285 783 2372 ἥδιον
794 2283 834 2352 τά
849 2293 917 2353 τῶν
928 2284 1040 2354 ἀλλων
1050 2287 1112 2355 λά-

163 2394 257 2471 βοιεν
276 2380 297 2472 ἢ
319 2391 410 2455 δοῖεν
431 2388 554 2470 ἑτέροις
574 2382 690 2452 ὁτιοῦν
709 2392 778 2453 τῶν
795 2390 966 2470 σφετέρων
982 2384 1110 2454 αὐτων·

163 2483 260 2551 ἔτιδὲ
275 2490 360 2561 τίνες
375 2480 419 2551 ἀν
434 2482 518 2565 ὑπὲρ
530 2490 691 2569 πονηρίας
707 2482 874 2568 ἀργύριον
888 2482 1111 2569 ἀναλόσειαυ,

164 2581 239 2664 ἐξόν
250 2579 361 2663 αὐτοῖς
371 2584 475 2669 μηδὲν
487 2588 731 2668 δαπανηθεῖσιν
744 2580 829 2650 εἶναι
842 2584 1016 2670 τοιούτοις,
1029 2580 1112 2651 ὁπό-

163 2710 226 2749 ταν
243 2690 477 2769 βουληθῦσινς
507 2680 548 2749 ού
569 2681 633 2767 γάρ
656 2694 781 2769 μαθεῖν
808 2681 884 2750 ἀλλ’
908 2687 1112 2770 ἐπιχειρῆσαι

91 2806 144 2859 226
161 2781 270 2867 μόνον
287 2784 339 2849 δεῖ
347 2794 414 2858 τοῖς
431 2782 595 2859 τοιούτοις
612 2788 680 2847 τῶν
691 2787 809 2867 έργων.
833 2780 917 2850 ἀλλά
942 2788 1045 2870 δῆλον
1061 2782 1111 2851 ὅτι

163 2882 219 2948 καὶ
233 2881 370 2947 πλέουσι
390 2880 445 2946 καὶ
465 2881 613 2965 χρήματα
634 2880 765 2947 διδόασι
781 2885 836 2949 καὶ
851 2883 960 2950 πάντα
977 2891 1111 2951 ποιοῦσι

164 2983 351 3063 νομίζοντες
370 2974 467 3044 αῦτοί
488 3004 522 3045 τε
548 2985 697 3065 βελτίους
721 2979 924 3066 γενησεσθαι
951 2983 1007 3049 καὶ
1033 2980 1112 3060 τοῦς

164 3074 287 3145 ἐνθάδε
302 3076 521 3154 παιδεύοντας
541 3076 628 3144 πολῦ
650 3081 923 3163 φρονιμωτέρους
940 3079 1025 3148 εἶναι
1045 3090 1111 3148 τῶν

164 3177 254 3258 παρὰ
269 3181 385 3259 σφίσιν
396 3171 524 3253 αὐτοῖς·
548 3172 602 3262 ἐφ’
625 3170 674 3255 οἷς
695 3174 790 3255 ἀξιον
809 3170 853 3263 ἦν
870 3176 1018 3257 ἅπαντας
1033 3178 1112 3261 τούς

164 3279 299 3351 πολίτας
323 3280 569 3359 φιλοτιμεῖσθαι
603 3276 656 3344 καὶ
689 3277 765 3359 περὶ
789 3285 917 3344 πολλοῦ
941 3290 1110 3347 ποιεῖσθαι

164 3365 381 3447 τοῦςαίτίους
396 3378 435 3457 τη
455 3370 550 3439 πόλει
572 3379 628 3457 τῆς
651 3373 748 3458 δόξης
763 3374 884 3459 ταύτης
897 3379 1107 3461 γενομένους.

97 3485 148 3538 ῖλλ
166 3467 250 3538 ἀλλά
262 3467 326 3554 γάρ
343 3466 431 3537 οὕτω
445 3472 533 3548 τινὲς
550 3469 755 3558 ἀγνωμόνως
771 3479 904 3557 ἔχουσιν
920 3472 997 3541 ὥστ’
1022 3480 1090 3546 είδό

169 3596 219 3645 τες
242 3571 295 3635 καὶ
316 3566 394 3646 τοῦς
420 3571 536 3649 ξένους
554 3570 633 3649 τοῦς
655 3569 925 3655 ἀφικνουμένους
953 3577 1007 3641 καὶ
1035 3579 1113 3659 τοῦς
