2859 4334
305 417 364 481 178
581 421 901 480 ΙΣΟΚΡΑΤΟΤΣ
935 428 979 481 Ιῦι

749 635 813 701 16.

536 766 651 833 ΗΕΡί
674 767 775 832 ΤΟΥ
797 766 1030 834 ΖΕῬΓΟΤΣ

385 1085 454 1165 (α’.)
472 1077 571 1168 Περὶ
589 1084 651 1169 μὲν
666 1075 731 1149 ούν
748 1089 809 1150 τοῦ
825 1080 964 1168 ζεύγους
977 1089 1046 1149 των
1059 1085 1190 1167 ἵππων,
1217 1082 1265 1163 ὥς
1281 1105 1324 1158 341

301 1183 364 1252 ούκ
381 1180 621 1269 α’φελόμενοςὸ
640 1180 889 1268 πατὴρΤεισίαν
905 1179 992 1266 εἶχεν
1012 1178 1096 1250 άλλίι
1112 1184 1264 1269 πριάμε-

300 1310 357 1363 νος
370 1280 460 1366 παρά
476 1288 533 1367 τῆς
548 1281 676 1359 πόλεως
689 1288 747 1367 τῆς
759 1278 933 1365 Ἀργείων,
948 1286 1017 1345 τῶν
1031 1305 1066 1347 τε
1082 1285 1264 1369 πρέσβεων

299 1388 367 1450 τῶν
391 1380 522 1449 ’ἐκεῖθεν
542 1377 696 1467 ἡκόντων
722 1380 777 1446 καί
802 1385 871 1445 τῶν
888 1376 1001 1446 ἄλλων
1025 1386 1094 1446 τῶν
1117 1381 1263 1449 εἰδότων

300 1478 464 1568 ἀκηκόατε
474 1480 754 1564 μαρτυρούντων·
772 1476 833 1545 τόν
844 1473 950 1544 αύτδν
961 1479 997 1545 δέ
1007 1479 1135 1563 τρόπον
1144 1478 1259 1549 ἅπαν-

272 1583 355 1658 ετές
369 1584 453 1647 εἰσιν
469 1577 653 1663 εἰθισμένοι
664 1604 704 1663 με
714 1590 949 1663 συκοφαντεῖν.
978 1576 1037 1656 τὰς
1051 1581 1113 1664 μὲν
1128 1579 1194 1666 γάρ
1206 1586 1264 1650 δί-

302 1705 364 1757 κας
380 1675 466 1762 ὑπὲρ
484 1683 552 1744 τω”ν
565 1682 661 1746 ἰδίων
677 1678 892 1764 ἐγκλημάτων
908 1677 1129 1764 λαγχάνουσι,
1146 1678 1206 1759 τάς
1226 1683 1291 1749 δὲο

301 1785 497 1865 κατηγορίας
509 1775 593 1862 ὑπὲρ
607 1783 676 1845 τοῖν
687 1784 743 1864 τῆς
755 1778 883 1856 πόλεως
897 1774 1103 1863 πραγμάτων
1114 1787 1262 1847 ποιοῦν-
1359 1795 1360 1808 *

301 1904 365 1962 ται,
377 1879 432 1946 καὶ
443 1884 544 1947 πλείω
555 1877 680 1964 χρόνον
692 1882 898 1963 διατρίβουσι
910 1873 971 1943 τόν
977 1878 1101 1962 πατέρα
1113 1904 1180 1965 μου
1186 1882 1260 1947 δια-

300 1979 479 2065 βάλλοντες
502 1973 523 2063 ἢ
549 1979 623 2061 περὶ
650 1968 698 2045 όν
723 1974 925 2061 ἀντώμοσαν
946 1974 1174 2061 διδάσκοντες,
1201 1984 1261 2048 καί.

300 2085 464 2146 τοσοῦτον
484 2082 735 2163 καταφρονοῦσι
756 2082 825 2142 τῶν
844 2074 977 2160 νόμων,
1002 2073 1086 2142 ὥστε
1108 2080 1184 2161 περὶ
1205 2072 1262 2146 τόν

301 2174 388 2262 ὑμᾶς
398 2172 457 2242 ὑπ’
475 2178 606 2244 ἐκείνου
621 2178 725 2260 φασὶν
738 2171 936 2259 ἠδικῆσθαι,
953 2173 1082 2240 τούτων
1095 2171 1189 2242 αὐτοὶ
1203 2179 1257 2243 δί·

271 2298 366 2366 σκην
380 2276 460 2364 παρ’
480 2281 562 2365 ἐμοῦ
579 2285 694 2364 λαβεῖν
709 2275 870 2357 ἀξιοῦσιν.
904 2273 967 2361 ἐγώ
984 2273 1016 2342 δ’
1032 2272 1177 2362 ἡγοῦμαι
1192 2276 1261 2360 μὲν

301 2376 401 2447 ούδέν
412 2377 594 2464 προσήκειν
605 2374 663 2455 τὰς
673 2372 788 2454 κοινάς
800 2380 904 2453 αἰτίας
917 2387 986 2451 τοῖς
1001 2378 1096 2453 ἰδίοις
1110 2371 1258 2459 άγῶσιν·

301 2475 413 2562 ἐπειδὴ
438 2476 611 2549 δέΤεισίας
625 2475 786 2550 πολλάκις
809 2469 959 2552 όνειδιζει
977 2498 1033 2557 μοι
1057 2469 1119 2558 τὴν
1140 2469 1286 2557 φυγὴνρ

300 2573 361 2662 τὴν
383 2581 445 2642 τοῦ
467 2572 590 2656 πατρὸς
613 2574 665 2641 καί
685 2578 815 2657 μᾶλλον
835 2568 921 2653 ὑπὲρ
946 2577 1015 2638 τῶν
1042 2568 1212 2655 ὑμετέρων
1235 2566 1260 2658 ἢ

301 2682 370 2743 των
381 2670 487 2741 αὑτοῦ
498 2672 675 2753 σπουδάζει
687 2670 903 2757 πραγμάτων,
915 2667 1045 2756 άνάγκη
1057 2668 1142 2752 πρὸς
1151 2677 1260 2737 ταῦτα

302 2771 364 2861 τήν
374 2771 558 2860 ἀπολογίαν
570 2782 756 2841 ποιεῖσθαι·
779 2771 834 2838 καί
845 2769 909 2855 γάρ
920 2764 964 2837 άν
976 2775 1210 2855 αἰσχυνοίμην,
1227 2779 1264 2837 εἰ

301 2900 346 2964 τῳ
362 2872 492 2960 δόξαιμι
504 2879 571 2940 τῶν
583 2878 727 2939 πολιτῶν
737 2862 839 2957 ἧττον
854 2876 1042 2956 φροντίζειν
1056 2878 1113 2957 τῆς
1124 2875 1259 2940 ἐκείνου

301 2974 398 3060 δόξης
410 2968 432 3059 ἢ
446 2980 513 3039 των
524 2974 670 3056 ἐμαυτοῦ
684 2971 865 3037 κινδύνων.

268 3086 284 3137 4
382 3070 454 3160 (δ.)
471 3068 562 3155 Πρὸς
573 3072 635 3158 μὲν
647 3062 711 3136 ούν
722 3068 801 3147 τούς
816 3073 1063 3155 πρεσβυτέρους
1073 3066 1198 3156 βραχύς
1209 3065 1257 3138 άν

298 3172 425 3260 ἐξήρκει
443 3172 558 3256 λόγος·
574 3168 719 3245 ἅπαντες
733 3167 797 3254 γάρ
811 3178 939 3251 ίσασιν,
958 3165 1009 3236 ότι
1025 3166 1080 3235 διά
1097 3166 1176 3246 τούς
1190 3166 1257 3236 αύ-
1357 3237 1358 3240 ,

298 3266 378 3348 τούς
398 3267 525 3353 ἄνδρας
548 3264 619 3353 ἥτε
637 3270 842 3352 δημοκρατία
859 3264 1030 3351 κατελύθη
1049 3262 1201 3345 κάκείνος
1218 3270 1268 3355 ἐκ,

298 3376 355 3457 τῆς
368 3368 496 3445 πόλεως
510 3367 676 3446 ἐξέπεσεν·
699 3373 768 3433 τῶν
783 3366 820 3433 δέ
831 3368 1004 3448 νεωτέρων
1013 3368 1127 3456 ἕνεκα,
1142 3373 1176 3435 οἳ
1184 3373 1253 3433 τῶν
1261 3383 1282 3435 -δ

298 3470 361 3555 μὲν
372 3466 577 3552 πραγμάτων
588 3462 723 3547 ὕστεροι
734 3466 910 3552 γεγόνασι,
927 3470 995 3531 τεόν
1006 3467 1042 3532 δὲ
1055 3466 1255 3552 διαβαλλόν-

299 3593 366 3635 των
383 3566 541 3643 πολλάκις
556 3562 737 3651 άκηκόαοι,
763 3564 1030 3648 πορρωτέρωθεν
1045 3561 1183 3649 ἄρξομαι
1202 3569 1255 3631 δι·

299 3665 446 3731 δάσκειν.
