2859 4334
297 386 359 447 238
439 334 443 340 ·
579 384 898 446 ΙΣΟΚΡΑΤΟΤΣ
913 385 979 459 (1⁰)

187 590 191 599 ·
298 540 1256 633 κύλλουςγάρπλείστονμέροςμετέσχεν,όσεμνότατονταί

296 645 496 734 τιμιύτατον
506 647 561 713 καί
571 644 750 713 θειότατον
759 651 827 712 τῶν
836 640 946 711 ὄντων
959 646 1058 713 ἐστίν.
1086 645 1208 734 όάδιον
1222 643 1257 711 δέ

299 753 427 831 γνῶναι
437 742 500 832 τὴν
511 744 658 831 δύναμιν
669 740 791 811 αὐτοῦ·
802 748 871 811 τόν
876 740 1010 829 μένγοὶρ
1022 737 1193 830 άνδρίαςῆ
1205 762 1257 810 oo·

298 838 412 929 φίαςῆ
430 841 646 929 δικαιοσύνης
661 838 707 930 μὴ
724 841 932 929 μετεχόντων
945 840 1052 911 πολλά
1069 842 1257 927 φανήσεται
1267 864 1285 901 e

298 941 467 1029 τιμιύμενα
480 948 609 1029 μᾶλλον
622 936 643 1028 ἢ
658 940 788 1009 τούτων
803 943 960 1024 ἕκαστον,
979 947 1048 1009 τῶν
1059 942 1096 1010 δέ
1112 942 1259 1019 κάλλους

298 1038 575 1127 ἀπεστερημένων
596 1037 698 1109 οὐδέν
721 1036 909 1127 εὑρήσομεν
928 1037 1152 1128 ἀγαπώμενον
1171 1036 1258 1109 ἄλλά

298 1138 407 1209 πάντα
427 1139 749 1226 καταφρονούμενα,
773 1136 862 1227 πλὴν
883 1137 947 1207 ὅσα
961 1140 1084 1226 ταύτης
1096 1146 1155 1228 τῆς
1168 1143 1259 1216 ἰδέας

299 1236 535 1325 κεκοινώνηκε,
550 1238 606 1305 καί
619 1235 682 1324 τὴν
697 1234 820 1323 άρετίην
835 1234 891 1304 διά
903 1245 1001 1306 τοῦτο
1011 1236 1144 1325 μάλιστ’
1158 1235 1258 1307 εύδο-

298 1344 481 1423 κιμοῦσαν,
504 1332 555 1404 ότι
572 1334 752 1404 κάλλιστον
773 1342 841 1403 τῶν
861 1337 1135 1425 ἐπιτηδευμάτων
1154 1338 1257 1407 έστίν.

251 1454 284 1505 55
299 1442 397 1524 γνοίη
413 1432 444 1503 δ’
463 1432 507 1503 ἄν
524 1460 573 1513 τις
588 1431 765 1518 κάκεδθεν,
783 1432 867 1502 ὅσον
881 1438 1033 1523 διαφέρει
1049 1443 1119 1504 τῶν
1135 1434 1257 1516 όντων,
1275 1443 1325 1495 ²1⁷

298 1538 331 1618 έξ
353 1528 401 1604 ύν
422 1533 518 1603 αύτοί
539 1537 762 1620 διατιθέμεθα
780 1529 866 1620 πρός
885 1535 1027 1602 ἕκαστον
1044 1530 1166 1603 αύτῶν.
1188 1539 1259 1602 τῶν

298 1637 360 1722 μὲν
371 1630 438 1719 γάρ
448 1630 572 1720 άλλων,
589 1623 638 1700 ύν
649 1627 693 1699 άν
704 1634 743 1701 έν
751 1638 847 1722 χρείη
857 1632 1054 1719 γενόμεθα,
1070 1646 1182 1721 τυχεῖν
1192 1632 1259 1719 μό-

299 1759 361 1801 νον
381 1729 592 1820 βουλόμεθα,
615 1731 800 1815 περαιτέρω
817 1730 854 1799 δέ
875 1733 951 1818 περὶ
971 1728 1085 1799 αὐτῶν
1100 1728 1204 1799 ούδὲν
1218 1737 1259 1818 τῇ

298 1838 388 1921 ψυχῇ
401 1829 727 1917 προσπεπόνθαμεν·
744 1836 813 1898 τῶν
827 1830 864 1898 δὲ
878 1838 992 1899 καλεῖν
1007 1838 1091 1917 έρως
1104 1829 1186 1919 ἡμῖν
1202 1833 1259 1917 ἐγ·

297 1939 463 2020 γίγνεται,
478 1930 627 2021 τοσούτφ
639 1936 738 2017 μείζω
752 1936 814 1998 τοῦ
827 1931 1014 2019 βούλεσθαι
1029 1932 1147 2020 όιάμην
1160 1936 1258 2017 ἔχων,

252 2043 286 2097 56
300 2030 368 2122 όσμ
390 2054 452 2113 περ
473 2031 528 2097 καί
548 2026 585 2097 τό
601 2035 738 2116 πρᾶγμα
753 2028 906 2115 κρεῖττόν
923 2030 1023 2097 ἐστιν.
1045 2029 1102 2097 καί
1114 2042 1184 2108 τοίς
1197 2028 1260 2116 μέν

299 2127 381 2198 κατά
404 2129 544 2197 σύνεσιν
563 2124 585 2216 ἢ
608 2123 680 2196 κατ’
697 2126 779 2197 ἄλλο
798 2154 830 2197 τι
849 2132 1029 2216 προέχουσι
1046 2134 1260 2215 φθονοῦμεν,

301 2225 344 2319 ἢν
360 2228 405 2317 μὴ
421 2236 466 2320 τῷ
487 2242 596 2297 ποιεῖν
616 2225 703 2317 ἡμᾶς
724 2221 765 2296 εύ
785 2224 867 2296 καθ’
883 2228 1028 2315 έιιάστην
1047 2223 1111 2315 τὴν
1128 2225 1288 2315 ἡμέρανθ

300 2325 581 2414 προσαγάγωνται
595 2330 650 2395 καί
661 2330 814 2413 στέργειν
823 2333 913 2412 σφᾶς
923 2323 1049 2407 αύτούς
1058 2324 1260 2413 ἀναγκάσω-

300 2450 350 2495 σι·
366 2441 435 2505 τοῖς
446 2426 482 2494 δὲ
493 2435 607 2505 καλοίς
618 2423 726 2505 εύθύς
737 2427 867 2505 ἰδόντες
878 2418 972 2494 εύνοι
981 2427 1188 2513 γιγνόμεθα,
1202 2430 1259 2495 καί

300 2527 426 2613 μόνους
440 2521 565 2603 αύτούς
579 2522 690 2612 ὥσπερ
707 2521 787 2604 τούς
801 2523 907 2605 θεούς
922 2523 986 2594 ούκ
1000 2524 1258 2615 άπαγορεύομεν

252 2636 285 2688 57
299 2625 565 2714 θεραπεύοντες,
583 2623 658 2695 ἀλλ’
674 2624 774 2713 ἥδιον
789 2627 998 2714 δουλεύομεν
1010 2640 1080 2707 τοῖς
1092 2627 1258 2706 τοιούτοις

300 2723 402 2816 ἧττόν
414 2724 527 2794 ἄλλων
537 2722 694 2813 ἄρχομεν,
706 2732 810 2795 πλείω
819 2726 919 2813 χάριν
930 2732 1061 2813 ἔχοντες
1069 2739 1139 2806 τοίς
1149 2724 1257 2794 πολλά

301 2826 567 2913 προστάττουσιν
579 2821 602 2913 ἦ
616 2839 685 2905 τοῖς
698 2825 804 2913 μηδὲν
818 2827 1090 2912 ἐπαγγέλλουσιν.
1112 2823 1169 2893 καί
1178 2822 1258 2903 τούς

301 2925 363 3010 μέν
377 2922 438 2994 ὑπ’
455 2922 540 3013 άλλη
556 2925 621 2993 τινί
638 2924 782 3011 δυνάμει
802 2924 1022 3010 γιγνομένους
1035 2926 1258 3009 λοιδοροῦμεν

302 3024 356 3091 καί
369 3023 514 3101 κόλακας
528 3019 776 3109 άποκαλούμεν,
791 3017 871 3100 τούς
884 3024 921 3090 δέ
931 3027 978 3111 τῷ
989 3019 1105 3091 κάλλει
1115 3020 1258 3106 λατρεύ·
1268 3044 1287 3080 c

301 3148 401 3202 οντας
425 3120 631 3207 φιλοκάλους
656 3123 712 3190 καί
736 3120 945 3208 φιλοπόνους
965 3118 1050 3189 εἰναι
1069 3126 1255 3207 νομίζομεν.

252 3238 285 3292 58
299 3221 445 3309 τοσαύτη
462 3217 493 3287 δ’
512 3218 664 3311 εὐσεβείᾳ
683 3223 740 3289 καί
758 3224 902 3308 προνοίμ
921 3218 1081 3306 χράμεθα
1101 3222 1178 3302 περί
1195 3216 1258 3307 την

301 3321 394 3389 ἰδέαν
408 3317 470 3407 τὴν
484 3318 654 3407 τοιαύτην,
672 3317 756 3387 ὥστε
771 3321 826 3386 καί
839 3324 908 3385 τῶν
922 3316 1070 3403 ἑχόντων
1082 3313 1119 3384 τό
1135 3315 1258 3395 κάλλος

301 3417 379 3497 τούς
392 3420 455 3505 μέν
469 3419 767 3506 μισθαρνησαντας
778 3419 834 3485 καί
844 3423 955 3494 κακῶς
965 3417 1258 3504 βουλευσαμένους

300 3523 375 3602 περὶ
389 3524 447 3605 τῆς
461 3513 574 3585 αὐτῶν
587 3513 718 3605 ἡλικίας
731 3525 861 3604 μᾶλλον
874 3511 1075 3603 ότιμάζομεν
1087 3510 1108 3603 ἢ
1121 3511 1200 3593 τούς
1211 3520 1256 3594 εἰς

301 3618 340 3683 τά
356 3622 424 3684 τῶν
440 3613 553 3685 ἄλλων
570 3614 696 3703 σάματ’
714 3614 973 3704 έξαμαρτόντας·
996 3610 1071 3682 ὅσοι
1088 3610 1121 3680 δ’
1136 3608 1182 3682 άν
1195 3609 1258 3698 τὴν
