2859 4334
299 424 360 487 κισ
583 426 980 500 mmmmm)

261 663 263 675 ‚
299 614 372 671 γειν
386 586 466 658 ούδέ
478 588 549 655 δύω
561 587 650 672 λόγω
662 587 819 669 περὶτῶν
830 582 944 653 αύτων
954 588 1160 673 πραγμάτων
1175 586 1269 653 ἀντ·

299 701 414 768 ειπείν,
424 690 459 754 οί
466 690 502 753 δέ
512 685 689 765 διεξιόντες
701 679 746 761 ὥς
754 681 875 765 ἀνδρία
886 688 941 754 καλ
950 688 1116 771 σοφίακαλ
1127 691 1272 754 δικαιο-

212 778 217 793 ’
297 787 385 872 σύνη
395 782 520 852 ταύτόν
531 786 616 868 ἐστι,
631 784 686 850 καλ
702 782 804 867 φύσει
815 785 877 868 μέν
888 781 991 852 ούδέν
1000 782 1113 853 αὐτῶν
1125 791 1300 871 έχομεν,ο

298 892 356 972 μία
374 880 405 950 δ’
428 880 590 967 ἐπιστήμη
610 877 692 949 καθ’
711 877 872 947 ἁπάντων
889 884 994 951 ἐστίν·
1017 882 1114 951 ἄλλοι
1127 884 1164 952 δδ
1179 888 1270 967 περὶ

297 982 355 1061 τάς
380 985 492 1066 ἐριδας
519 984 728 1067 διατρίβουσι
750 980 809 1058 τάς
833 976 935 1049 ούδδν
961 981 1024 1067 μέν
1048 978 1268 1066 ὠφελούσας,

298 1085 475 1170 πράγματα
492 1082 529 1150 δέ
549 1082 704 1165 παρέχειν
724 1093 792 1157 τοῖς
818 1080 1034 1165 πλησιάζουσι
1054 1083 1265 1166 δυναμένας.

272 1183 366 1271 ηίβ.)
382 1179 463 1266 'M
476 1176 507 1247 δ’
522 1185 553 1248 εί
561 1176 622 1265 μέν
636 1178 752 1263 έάρων
763 1180 881 1245 νεωστλ
891 1175 953 1264 τὴν
965 1185 1158 1265 περιεργίαν
1171 1180 1266 1247 ταύ-

297 1308 359 1368 την
371 1284 407 1348 ἐν
424 1292 493 1357 τοῖς
507 1278 620 1363 λόγοις
640 1279 905 1363 ἐγγεγενημένην
919 1280 974 1346 καλ
991 1279 1134 1357 τούτους
1147 1281 1200 1347 ἐπλ
1217 1286 1265 1365 τῇ

298 1378 468 1464 καινότητι
489 1383 557 1443 τῶν
573 1372 770 1461 εὑρημένων
790 1379 1110 1463 φιλοτιμουμένους,
1133 1375 1196 1445 ούκ
1211 1373 1266 1445 ἀν

299 1479 420 1566 δμοίως
440 1476 631 1563 ἐθαύμαζον
658 1472 787 1542 αὐτῶν
822 1483 889 1543 νῦν
911 1477 948 1545 δέ
968 1483 1017 1557 τίς
1036 1479 1127 1545 ἐστιν
1147 1474 1264 1555 οὕτως

299 1578 486 1666 ὀψιμαθὴς,
509 1574 599 1653 ὅστις
613 1572 676 1642 ούιι
691 1570 760 1642 οίδε
773 1576 1005 1663 Πρωταγόραν
1019 1578 1074 1646 καλ
1088 1576 1167 1654 τούς
1179 1575 1259 1644 κατ’
1275 1607 1292 1643 ε

293 1692 422 1757 ἐκείνον
435 1680 496 1753 τόν
509 1681 634 1770 χρόνον
644 1679 849 1768 γενομένους
863 1674 1035 1764 σοφιστάς,
1050 1672 1102 1744 ότι
1113 1675 1172 1745 καλ
1183 1701 1260 1747 τοι·

292 1794 379 1857 αὐτα
396 1777 453 1854 κοιλ
477 1784 564 1853 πολύ
583 1784 716 1852 τούτων
734 1779 1061 1867 πραγματωδέστερα
1076 1777 1260 1864 συγγράμ·

272 1902 383 1973 δματα
403 1884 582 1949 κατέλιπον
602 1882 698 1966 ἡμῑν;
726 1887 797 1959 πως
816 1905 881 1965 γαρ
898 1882 942 1947 ἀν
963 1906 1012 1959 τις
1031 1879 1258 1968 ὑπερβάλοιτο

255 2042 271 2059 ,
301 1988 445 2069 Γοργίαν
459 1978 519 2047 τόν
530 1979 740 2065 τολμήσαντα
751 1981 878 2063 λέγειν,
896 1975 941 2057 ἀς
951 1975 1053 2047 οὐδέν
1067 1988 1135 2046 τοῖν
1145 1977 1259 2048 όντων

299 2088 398 2165 λοτιν,
414 2076 436 2166 ἢ
448 2080 590 2165 Ζήνωνα
601 2074 662 2143 τόν
671 2073 776 2144 ταύτὰ
787 2074 914 2144 δυνατά
926 2079 980 2145 καὶ
990 2077 1094 2145 πάλιν
1103 2075 1257 2147 ἀδύνατα

298 2177 506 2264 τειρόμενον
521 2173 740 2261 ἀποφαίνειν,
757 2172 780 2261 ἢ
798 2179 983 2259 Μέλισσον,
1001 2173 1201 2259 όςάπείρων
1214 2177 1254 2245 τό
1268 2180 1287 2234 d

298 2286 428 2365 πλῆθος
439 2277 641 2362 πεφυκότων
652 2283 721 2343 τῶν
731 2276 936 2361 πραγμάτων
946 2272 989 2355 άις
1002 2275 1077 2356 ένός
1087 2273 1185 2356 ὄντος
1194 2285 1257 2345 τοῦ

273 2374 423 2455 ιπαντός
438 2379 648 2463 ἐπεχείρησεν
662 2373 846 2456 ἀποδείξεις
861 2374 1046 2459 εὖρίσκεινε
1074 2376 1146 2463 (γ’.)
1164 2373 1256 2445 Ἀλλ’

256 2557 259 2561 ,
298 2476 388 2565 ὅμως
399 2474 488 2543 οὕτω
499 2482 653 2561 φανερῶς
663 2476 803 2542 ἐκείνων
814 2474 1060 2558 ἐπιδειξάντων,
1073 2470 1125 2542 ότι
1134 2476 1257 2564 βάδιόυ

299 2580 384 2660 ἐστι,
402 2576 478 2658 περὶ
493 2564 541 2640 ἀν
555 2570 598 2639 ἀν
612 2598 661 2651 τις
675 2572 860 2657 πρόθηται,
878 2578 986 2659 ψευδῆ
996 2572 1256 2659 μηχανήσασθαι

299 2676 419 2762 λόγον,
435 2678 481 2741 ἔτι
497 2675 571 2757 περὶ
587 2669 648 2739 τόν
664 2672 770 2737 τόπον
784 2677 906 2738 τοῦτον
921 2674 1167 2758 διατρίβουσιν·
1197 2670 1259 2751 οὓς
1275 2680 1325 2734 ²0⁹

299 2777 398 2859 ἐχρῆν
418 2770 606 2857 ἀφεμένους
626 2768 748 2854 ταύτης
770 2776 827 2855 τῆς
847 2774 1038 2855 τερθρείας,
1064 2776 1122 2856 τῆς
1135 2771 1173 2837 έν
1192 2770 1258 2856 μὲν

299 2885 366 2948 τοῖς
382 2868 495 2954 λόγοις
510 2870 689 2953 ἐξελέγχειν
699 2869 1007 2954 προσποιουμένης,
1022 2870 1060 2936 έν
1070 2869 1107 2937 δλ
1118 2881 1187 2947 τοῖς
1198 2872 1258 2953 έρ-

298 2996 370 3057 γοις
385 2966 493 3035 πολὺν
507 2966 571 3053 ἤδη
585 2968 710 3054 χρόνον
729 2970 998 3055 ἐξεληλεγμένης,
1012 2965 1075 3054 τήν
1088 2966 1257 3056 ἀλήθειαν

273 3094 286 3141 5
299 3065 451 3148 διάκειν,
472 3067 527 3131 καλ
543 3068 618 3147 περὶ
633 3062 691 3145 τάς
707 3066 859 3151 πράξεις,
877 3067 914 3134 ἐν
929 3062 982 3144 αἱς
994 3065 1256 3153 πολιτευόμεθα,

299 3163 378 3243 τούς
392 3162 558 3241 συνόντας
574 3165 765 3251 παιδεύειν,
780 3167 835 3233 ιιαλ
846 3166 922 3251 περὶ
932 3161 994 3253 τὴν
1008 3166 1183 3251 ἐμπειρίαν
1192 3164 1257 3253 τὴν
1349 3181 1350 3186 ’

299 3262 429 3331 τούτων
443 3258 642 3347 γυμνάζειν,
659 3262 952 3349 ἐνθυμουμένους,
975 3260 1026 3330 ὅτι
1040 3261 1129 3331 πολὺ
1145 3276 1257 3346 κρείτ·
1348 3275 1349 3302 ¹

299 3360 359 3429 τόν
375 3362 442 3427 ἐστι
456 3359 532 3444 περὶ
548 3368 615 3426 τῶν
628 3365 799 3447 χρησίμων
813 3363 965 3439 ἐπιεικεῖς
979 3360 1129 3442 δοξάζειν
1143 3355 1166 3446 ἢ
1180 3364 1259 3444 περλ
1347 3375 1348 3418 λ

181 3540 186 3551 Ι
300 3466 367 3528 τῶν
381 3457 554 3547 ἀχρήστων
572 3457 718 3547 ἀκριβῶς
731 3463 947 3540 ἐπίστασθαι,
966 3462 1020 3527 καὶ
1034 3456 1157 3545 μικρὸν
1172 3464 1287 3543 προ-δ
1346 3475 1347 3532 ι

302 3566 386 3645 ἐχειν
410 3561 446 3626 ἐν
465 3572 533 3635 τοις
553 3560 710 3645 μεγάλοις
726 3566 855 3645 μᾶλλον
874 3556 897 3646 ἢ
916 3558 1003 3627 πολύ
1023 3558 1198 3643 διαφέρειν
1218 3557 1258 3625 έν
1345 3583 1346 3646 χ

302 3670 367 3733 τοῖς
384 3670 513 3739 μικροῖς
528 3660 583 3724 καί
596 3669 664 3734 τοῖς
674 3660 779 3743 μηδὲν
792 3654 878 3739 πρός
887 3654 950 3724 τόν
963 3661 1039 3741 βίον
1053 3653 1254 3739 άφελούσιν.
1344 3689 1345 3760 χ
