2859 4334
630 896 695 966 11.
767 891 770 898 ’

473 1014 856 1087 ΒΟΤΣΙΡΙΣ.

269 1237 341 1323 (α’.)
367 1210 448 1319 Τήν
459 1234 521 1317 μὲν
532 1235 710 1300 ἐπιείκειαν
721 1230 783 1319 τὴν
793 1230 868 1319 σὴν,
881 1225 908 1300 ιδ
913 1232 1139 1317 Πολύκρατες,
1154 1244 1204 1299 221

184 1337 239 1404 καὶ
252 1333 314 1423 τὴν
328 1344 389 1404 τοῦ
403 1346 480 1425 βίον
495 1336 682 1425 μεταβολὴν
698 1336 779 1423 παρ’
792 1337 904 1407 ἀλλων
919 1335 1139 1421 πυνθανόμε-

185 1462 243 1515 νος
258 1434 348 1505 οἶδα·
370 1445 438 1506 τιόν
453 1438 489 1506 δὲ
504 1439 616 1523 λόγων
631 1436 741 1521 τινάς,
765 1430 814 1505 ἀν
830 1443 1015 1525 γέγραφας,
1038 1431 1139 1511 αάτδς

183 1534 385 1622 ἀνεγνωκως
394 1535 512 1626 ἥδιστα
524 1539 586 1625 μὲν
597 1537 640 1606 ἀν
652 1558 705 1605 σοι
717 1539 793 1619 περὶ
803 1536 882 1623 ὅλης
892 1532 1137 1622 έπαρρησιασά-
1157 1557 1158 1564 “

183 1661 252 1719 μην
265 1642 322 1721 τῆς
338 1637 561 1722 παιδεύσεως,
582 1638 657 1720 περὶ
674 1632 718 1722 ἣν
734 1634 920 1722 ἡνάγκασαι
939 1641 1136 1721 διατρίβειν·

182 1734 329 1822 ἡγοῦμαι
355 1733 419 1821 γάρ
440 1751 507 1815 τοῖς
528 1734 670 1816 ἀναξίως
692 1736 754 1821 μὲν
776 1742 1016 1822 δυστυχοῦσιν,
1045 1736 1080 1801 ἐκ
1102 1737 1137 1801 δὲ

184 1840 384 1920 φιλοσοφίας
411 1842 668 1923 χρηματίζεσθαι
700 1842 853 1920 ζητοῦσιν
881 1834 1030 1911 ἅπαντας
1058 1829 1137 1909 τούς

183 1942 287 2003 πλείω
307 1941 665 2023 πεπραγματευμένους
685 1939 740 2005 καὶ
757 1944 885 2023 μᾶλλον
902 1934 1137 2022 ἀπηκριβωμέ-

184 2060 267 2113 νους
282 2036 464 2121 προσήκειν
479 2035 659 2116 ἐθελοντάς
673 2044 793 2104 τοῦτον
809 2041 975 2122 είσφέρειν
986 2033 1046 2103 τδν
1058 2040 1136 2118 ἔρα-

156 2148 264 2199 ννον·
285 2130 397 2218 ἐπειδὴ
413 2130 445 2199 δ’
459 2132 553 2200 οὔπω
564 2136 867 2220 περιτετυχηκαμεν
878 2132 1048 2220 ἀλληλοις,
1063 2134 1139 2216 περὶ

182 2232 246 2317 μὲν
266 2238 334 2299 τῶν
354 2230 481 2319 ἀλλων,
508 2231 551 2321 ἦν
568 2230 642 2299 ποτ’
660 2239 706 2311 είς
721 2230 844 2300 ταάτδυ
862 2240 1033 2317 ἔλθωμεν,
1060 2228 1136 2299 τόθ’

183 2329 266 2417 ἡμῖν
278 2334 402 2412 ἐξέσται
414 2330 469 2401 διά
481 2332 648 2401 πλειόνων
658 2334 864 2418 ποιήσασθαι
873 2328 1138 2417 τὴνσυνουσίαν,

182 2428 206 2497 ἀ
217 2427 249 2497 δ’
259 2432 296 2497 έν
307 2438 353 2520 τῷ
364 2431 505 2516 παρόντι
518 2435 685 2517 δυναίμην
697 2428 741 2497 ἀν
752 2429 967 2516 εὐεργετῆσαί
976 2452 1024 2517 σε,
1036 2439 1138 2498 ταῦτα

182 2526 216 2597 δ’
230 2525 347 2619 μ’ήθην
360 2537 480 2616 χρῆναι
492 2532 543 2599 σοί
558 2532 620 2616 μὲν
636 2534 830 2613 ἐπιστεῖλαι,
845 2528 928 2614 πρδς
942 2534 978 2599 δὲ
989 2537 1067 2608 τοὺς
1078 2528 1139 2598 άλ-

153 2638 265 2707 nove
291 2627 335 2707 ὡς
358 2624 432 2698 οἷόν
451 2656 487 2699 τε
507 2627 639 2716 μάλιστ’
657 2628 929 2714 ἀποκρύψασθαι.
963 2628 1139 2716 γιγνώσκω

183 2730 245 2814 μὲν
261 2722 341 2813 οὖν,
366 2729 416 2798 ὅτι
429 2745 498 2809 τοῖς
512 2738 677 2809 πλείστοις
691 2737 759 2798 τῶν
779 2732 1060 2814 νουθετουμένων
1081 2735 1140 2814 ἔμ-

182 2828 294 2913 φυτόν
311 2830 379 2895 ἐστι
396 2826 440 2915 μὴ
456 2827 541 2912 πρὸς
559 2826 617 2907 τάς
636 2827 796 2915 ἀφελείας
814 2827 1032 2914 ἀποβλέπειν,
1054 2825 1138 2896 ἀλλά
1156 2842 1206 2893 222

182 2924 333 3016 τοσούτῳ
354 2928 585 3012 χαλεπώτερον
603 2926 742 2996 ἀκούειν
759 2935 827 2995 τῶν
842 2931 1048 3012 λεγομένων,
1071 2926 1139 3017 ὅσοι

183 3047 245 3109 περ
260 3018 305 3091 ἀν
320 3021 431 3091 αὐτῶν
446 3052 495 3103 τις
506 3022 742 3113 ἀκριβέστερον
754 3024 883 3113 έξετάξη
893 3024 951 3103 τάς
962 3023 1138 3110 ἁμαρτίας·

183 3121 275 3209 ὅμως
289 3120 321 3190 δ’
334 3121 397 3191 οὐκ
413 3121 573 3212 ὀκνητέον
588 3122 770 3211 ὑπομένειν
784 3121 846 3210 τὴν
861 3123 1043 3210 ἀπέχθειαν
1057 3126 1139 3193 ταύ-

183 3248 245 3309 την
256 3238 324 3299 τοῖς
337 3220 496 3302 εὐνοϊκῶς
506 3224 590 3308 πρός
601 3251 694 3302 τινας
706 3231 850 3310 ἔχουσιν,
868 3221 950 3292 ἀλλά
963 3230 1139 3308 πειρατέον

183 3319 384 3405 μεθιστάναι
405 3319 467 3408 την
488 3322 590 3402 δόξαν
608 3331 676 3389 των
693 3322 781 3390 οὕτω
797 3321 880 3405 πρδς
894 3322 972 3401 τούς
988 3330 1149 3409 συμβου-,

153 3417 344 3497 δίεύοντας
355 3423 583 3505 διακειμένων.
609 3422 682 3507 (β’.)
698 3420 910 3505 Αίσθόμενος
920 3414 984 3486 οὖν
994 3417 1055 3505 οὐχ
1063 3418 1139 3505 ἥκι-

183 3517 245 3585 στά
261 3538 299 3584 σε
314 3519 632 3604 μεγαλαυχούμενον
644 3523 699 3587 ἐπί
707 3547 742 3587 τε
753 3526 793 3607 τη
805 3523 1003 3603 Βουσίριδος
1014 3516 1138 3587 ἀπολο·

180 3624 238 3705 γίρι
264 3620 319 3685 καὶ
343 3625 383 3707 τη
405 3620 609 3704 Σωκράτους
634 3626 834 3708 κατηγορίᾳ,
860 3617 1062 3703 πειράσομαί
1085 3633 1166 3685 σοιν

281 3728 437 3769 ιεοοεατεε.
458 3714 490 3767 11.
979 3715 994 3768 1
