2859 4334
304 414 365 478 100
580 418 661 477 1Σο
672 417 897 476 ΚΡΑΤΟΤΣ
912 424 973 488 (14)

302 576 409 663 ἥνπερ
425 575 517 645 αύτοί
534 576 743 663 τυγχάνομεν
755 581 800 653 είς
814 571 900 660 ὑμᾶς
916 573 1132 660 ὑπάρξαντες.
1165 583 1229 659 (κδ
1234 590 1251 657 .)

255 699 290 754 58
303 682 346 743 Εί
359 673 390 743 δ’
410 669 475 744 ούν
498 678 553 743 καλ
572 674 677 762 μηδὲν
692 672 773 760 ὑμῖν
787 680 855 741 τῶν
871 677 1034 759 σωμάτων
1051 685 1121 743 των
1134 675 1257 764 ἡμετέ-

303 801 373 862 ρων
387 778 539 844 δέδοκται
551 780 751 862 φροντίζειν,
767 772 850 842 άλλά
866 772 927 860 τήν
939 800 977 860 γε
987 776 1101 861 χεόραν
1113 774 1155 843 οὐ
1169 776 1281 858 πρόςε

303 874 399 963 ὑμεῖν
421 878 509 944 ἐστίν
531 874 709 961 άνέχεσθαι
733 876 1010 959 πεπορθημένην,
1026 877 1064 941 έν
1080 866 1101 962 ᾖ
1115 878 1258 960 μέγιστα

304 989 422 1060 σημεῖα
438 983 496 1061 τῆς
515 973 634 1060 άρετῆς
648 981 706 1060 τῆς
721 970 880 1057 ὑμετέρας
894 973 948 1038 καὶ
966 979 1035 1039 των
1053 971 1168 1040 άλλων
1186 982 1257 1041 των
1336 996 1337 1001 ’

254 1085 289 1141 59
304 1076 630 1159 συναγωνισαμένων
651 1078 895 1139 καταλείπεται·
923 1067 962 1137 τά
991 1073 1054 1156 μὲν
1078 1071 1143 1158 γάρ
1169 1072 1257 1143 ἄλλα

304 1174 446 1256 τρόπαια
460 1174 555 1241 πόλει
579 1170 662 1255 πρός
683 1172 785 1239 πόλιν
807 1173 963 1256 γέγονεν,
989 1176 1098 1239 ἐκεῖνα
1118 1171 1149 1239 δ’
1166 1170 1256 1259 ὑπὲρ

304 1271 435 1360 ἁπάσης
450 1281 507 1361 της
515 1271 672 1351 Ἑλλάδος
686 1269 771 1355 πρὸς
786 1268 870 1356 ὅλην
885 1267 946 1356 τὴν
959 1272 995 1337 έκ
1004 1278 1061 1356 τῆς
1069 1268 1178 1350 Ἀσίας
1191 1274 1256 1339 δύ·

304 1400 407 1458 ναμιν
431 1376 577 1460 ἕστηκεν.
609 1369 631 1440 ά
650 1378 791 1458 Θηβαῖοι
805 1372 867 1455 μέν
884 1370 1019 1449 εἰκότως
1043 1368 1255 1455 ἀφανίζουσι,
1272 1382 1313 1436 ³⁰8

305 1469 344 1539 τά
362 1470 426 1556 γάρ
441 1486 582 1558 μνημεῖα
596 1479 664 1538 τῶν
679 1472 753 1538 τότε
767 1471 960 1556 γενομένων
970 1471 1110 1558 αἰσχύνη
1121 1471 1255 1549 τούτοις

305 1572 405 1653 ἐστὶν,
421 1567 502 1655 ὑμῖν
523 1571 558 1637 δὲ
580 1567 740 1656 προσήκει
763 1567 952 1662 διασῴζειν·
982 1571 1015 1648 ἐξ
1033 1572 1169 1639 ἐκείνων
1186 1570 1254 1657 γάρ

256 1683 292 1739 6⁰
304 1676 372 1736 τῶν
388 1675 497 1754 ἔργων
511 1666 671 1756 ἡγεμόνες
685 1671 859 1754 κατέστητε
881 1664 1135 1755 τῶνἙλλήνων.
1156 1668 1254 1749 άξιον

306 1769 342 1834 δὲ
359 1770 413 1834 καί
425 1774 492 1833 τῶν
503 1775 596 1835 θεῶν
607 1769 661 1836 καί
672 1774 741 1835 τῶν
751 1764 873 1851 ἡρώων
883 1777 1076 1855 μνησθῆναι
1089 1778 1156 1837 τάν
1167 1772 1254 1839 έκεῖ-

306 1893 368 1934 νον
382 1865 443 1934 τὸν
462 1867 567 1934 τόπον
588 1867 795 1952 κατεχόντων
816 1868 870 1933 καί
892 1863 936 1953 μὴ
956 1875 1117 1954 περιορᾶν
1130 1868 1189 1947 τάς
1204 1896 1254 1937 τι-

305 1963 371 2051 μάς
384 1962 497 2033 αὐτῶν
511 1967 770 2049 καταλυομένας,
783 1959 832 2043 οἷς
848 1961 942 2050 ὑμεῖς
956 1967 1254 2052 καλλιερησάμενοι

306 2071 460 2132 τοιοῦτον
477 2062 638 2151 ὑπέστητε
649 2068 822 2147 κίνδυνον,
839 2062 876 2143 δς
888 2067 942 2132 καί
953 2066 1095 2147 τούτους
1105 2069 1160 2135 καὶ
1175 2065 1255 2145 τούς

305 2159 428 2239 άλλους
447 2161 596 2240 ἅπαντας
610 2160 771 2247 Ἕλληνας
791 2159 1036 2247 ἠλευθέρωσεν.
1060 2164 1122 2251 χρὴ
1146 2166 1182 2232 δέ
1200 2167 1255 2234 καὶ

305 2268 373 2328 τῶν
393 2260 572 2347 προγόνων
596 2262 807 2347 ποιήσασθαί
830 2287 905 2328 τινα
933 2262 1099 2344 πρόνοιαν
1131 2268 1186 2332 καλ
1208 2262 1281 2351 μῆῑ)

261 2376 291 2433 61
306 2367 538 2447 παραμελησαι
559 2362 641 2446 μηδὲ
664 2368 721 2444 τῆς
743 2362 818 2445 περὶ
841 2362 990 2439 ἐκείνους
1011 2360 1196 2450 εὐσεβείας,
1225 2371 1258 2431 οἳ

308 2466 378 2539 πῶς
388 2454 434 2526 άν
449 2464 645 2540 διατεθελεν,
665 2468 698 2525 εί
710 2486 760 2537 τις
777 2456 842 2541 άρα
853 2475 922 2538 τοῖς
932 2462 1002 2528 ἐκεῖ
1013 2462 1177 2548 φρόνησίς
1189 2466 1256 2531 ε’στι

307 2562 464 2642 περὶτῶν
481 2559 606 2627 ἐνθάδε
616 2561 835 2644 γιγνομένων.
852 2564 883 2627 εί
890 2570 1018 2644 κυρίων
1035 2558 1132 2647 ὑμῶν
1149 2559 1257 2630 ὄντων
1339 2624 1340 2639 ,

228 2650 229 2654 “
307 2668 483 2727 αίσθοιντο
498 2655 578 2736 τούς
592 2659 654 2744 μέν
669 2658 846 2725 δουλεύειν
864 2673 932 2737 τοῖς
952 2662 1136 2747 βαρβάροις
1156 2660 1257 2743 ἄξιά-

307 2777 430 2835 σαντας
447 2756 610 2836 δεσπότας
626 2764 693 2824 τῶν
705 2755 817 2824 ἄλλων
828 2762 1106 2846 καθισταμένους,
1124 2759 1210 2847 ἡμᾶς
1221 2762 1257 2827 δὲ

307 2854 387 2935 τούς
397 2854 482 2940 ὑπὲρ
496 2865 554 2942 τῆς
569 2859 763 2938 ἐλευθερίας
777 2860 1116 2944 συναγωνισαμένους
1132 2861 1257 2946 μόνους

307 2963 375 3023 των
381 2954 550 3041 Ἑλλήνων
562 2953 769 3034 ἀναστάτους
778 2959 1032 3042 γεγενημένους,
1044 2960 1098 3024 καὶ
1107 2954 1188 3037 τούς
1198 2960 1282 3050 [avc

307 3062 375 3121 τῶν
386 3055 748 3138 συγκινδυνευσάντων
757 3056 885 3138 τάφους
896 3054 941 3143 μὴ
953 3056 1181 3143 τυγχάνοντας
1191 3063 1258 3125 τῶν

308 3156 535 3240 νομιζομένων
556 3154 677 3221 σπάνει
697 3160 766 3221 τῶν
787 3154 1008 3243 έποισόντων,
1032 3164 1202 3244 Θηβαίους
1222 3158 1258 3225 δὲ

307 3250 386 3332 τούς
407 3250 566 3321 τάναντία
584 3257 877 3339 παραταξαμένους
898 3262 1103 3342 κρατοῦντας
1122 3255 1255 3344 τηςχύ-

259 3370 294 3426 σλ
309 3380 369 3438 ρας
384 3354 528 3436 ἐκείνηςς
549 3353 754 3438 ἐνθυμεῖσθε
777 3350 809 3420 δ’
832 3352 883 3421 ότι
903 3359 1178 3440 Λακεδαιμονίων
1198 3380 1257 3440 με-

307 3461 425 3540 γίστην
441 3454 609 3519 ἐποιεῖσθε
619 3460 833 3540 κατηγορίαν,
849 3452 901 3520 ὅτι
913 3461 1072 3540 Θηβαίοις
1083 3448 1252 3539 Ιχαριζόμε-

309 3580 363 3621 νοι
377 3566 445 3629 τοϊς
456 3549 700 3638 τῶνἙλλήνων
710 3554 889 3636 προδόταις
899 3550 985 3640 ἡμᾶς
994 3550 1072 3630 τούς
1084 3549 1257 3637 εὐεργέτας

311 3655 519 3735 διέφθειραν.
535 3649 579 3737 μὴ
591 3659 709 3717 τοίνυν
722 3651 839 3737 ἐάσητε
850 3652 972 3729 ταύτας
982 3649 1039 3727 τάς
1048 3657 1257 3736 βλασφημίας
