2859 4334
278 361 320 425 ον
559 365 882 425 mmmm
901 368 966 441 αι)

278 521 338 593 τόν
349 539 418 603 τοίς
428 524 483 595 διά
495 526 557 611 μὲν
567 521 604 592 τῦ
618 529 725 601 καλῶς
735 524 789 591 καί
798 529 969 608 φρονίμως
977 525 1231 612 βουλεύσασθαι

278 631 333 693 καί
346 622 512 703 πλούτους
527 622 692 709 μεγάλους
707 625 761 689 καὶ
777 622 874 700 δόξας
888 622 990 702 καλάς
1002 630 1232 711 κτησαμένοις,

278 718 332 791 διά
347 724 383 789 δὲ
398 718 456 799 τάς
470 719 657 808 ὑπερβολὰς
672 718 730 797 τάς
744 720 873 787 τούτων
887 719 1116 807 ὑπερηφάνοις
1131 750 1231 810 γενο-

277 824 390 905 μένοις
404 823 457 889 καί
472 819 533 907 τὴν
547 820 714 906 φρόνησιν
726 825 942 905 διαφθαρεῑσι
953 826 1007 889 καί
1019 833 1231 907 κατενεχθεί-

277 939 333 987 σιν
345 927 390 998 εἰς
400 927 498 1005 χείρω
509 921 684 1006 πράγματα
696 921 751 986 καί
762 918 977 1000 ταπεινότερα
988 927 1056 987 τῶν
1065 922 1231 1006 πρότερον

213 1020 258 1075 ¹97
277 1017 389 1097 αὐτοῖς
411 1019 646 1105 ὑπαρχόντων,
669 1015 753 1086 άλλά
774 1018 882 1084 πάντα
900 1016 939 1083 τὰ
955 1026 1090 1087 τοιαῦτα
1105 1023 1233 1104 διαφν-

277 1118 394 1203 γόντες
413 1122 587 1205 ἐνέμειναν
607 1132 673 1195 τοῖς
692 1116 814 1205 ἤθεσιν
836 1112 885 1197 οἷς
906 1116 995 1202 εἰχον
1011 1117 1065 1186 διίι
1082 1118 1119 1186 τὸ
1135 1128 1262 1189 πολι-ο
1353 1132 1354 1137 ’

277 1218 435 1285 τεύεσθαι
451 1225 575 1300 καλῶς,
592 1223 703 1302 μεῖζον
718 1224 923 1301 φρονοῦντες
938 1218 990 1285 ἐπὶ
1004 1226 1043 1306 τῇ
1058 1225 1114 1303 τῆς
1126 1226 1233 1304 ψυχῆς

277 1318 340 1395 ἕξει
359 1317 413 1383 καί
431 1329 499 1393 ταῖς
515 1320 677 1392 διανοίαις
693 1330 764 1394 ταῖς
779 1313 891 1381 αὑτων
905 1310 926 1401 ἢ
942 1330 1011 1393 ταῖς
1029 1317 1146 1402 μάχαις
1161 1332 1232 1395 ταῖς

278 1417 530 1499 γεγενημέναις,
554 1417 608 1483 καί
623 1422 752 1499 μᾶλλον
768 1412 833 1481 ὑπὸ
851 1422 917 1482 τῶν
932 1415 1044 1485 ἄλλων
1058 1417 1232 1503 θαυμαζό-

279 1540 373 1599 μενοι
390 1512 444 1580 δια
460 1510 522 1597 τὴν
543 1520 720 1598 καρτερίαν
741 1514 866 1599 ταύτην
886 1516 940 1581 καί
962 1516 1188 1601 σωφροσύνην
1210 1512 1232 1601 ἢ

279 1607 333 1677 διά
351 1608 412 1695 τὴν
428 1608 570 1693 ἀνδρίαν
587 1610 649 1697 τὴν
666 1615 703 1678 ἐν
720 1625 787 1689 τοῖς
804 1611 975 1690 κινδύνοις
995 1610 1107 1692 αὐτοῖς
1123 1639 1230 1699 παρα·

215 1718 262 1773 198
279 1712 478 1796 γενομένην·
498 1710 613 1795 ἑάρων
627 1707 691 1795 γάρ
708 1711 828 1789 πάντες
843 1709 904 1796 την
918 1710 979 1797 μὲν
996 1709 1157 1797 εὐψυχίαν
1171 1710 1233 1797 τὴν

279 1805 462 1893 πολεμικὴν
477 1808 621 1889 πολλοῦς
636 1816 769 1895 ἔχοντας
785 1812 838 1877 καί
854 1818 921 1877 τείν
935 1826 1004 1889 ταῖς
1019 1820 1234 1897 κακουργίαις

281 1904 571 1993 ὑπερβαλλόντων,
587 1916 644 1993 τῆς
659 1911 694 1977 δὲ
709 1916 869 1994 χρησίμης
884 1912 935 1977 ἐπὶ
948 1917 1027 1977 πᾶσι
1040 1913 1093 1978 καί
1104 1912 1262 1989 πάνταςδ
1357 1919 1358 1975 λ

281 2012 469 2093 δυναμένης
484 2004 627 2093 ὠφελεῖν
641 2006 683 2075 ού
697 2017 945 2088 κοινωνοῦντας
959 2007 1037 2087 τοῦς
1052 2007 1233 2095 πονηρούς,
1357 2014 1358 2035 ’

280 2102 363 2175 ἄλλά
376 2106 493 2192 μόνοις
504 2108 744 2192 ἐγγιγνομένην
753 2122 820 2185 τοῖς
832 2117 939 2186 καλῶς
950 2107 1104 2194 γεγονόσι
1116 2111 1170 2175 καί
1178 2134 1231 2176 τε·

280 2203 485 2289 θραμμένοις
493 2206 840 2290 καίπεπαιδενμίνοις,
849 2204 934 2287 άπερ
941 2214 1070 2292 προσῆν
1080 2220 1148 2285 τοῖς
1158 2206 1235 2273 τότε

281 2300 342 2388 τὴν
354 2302 452 2371 πόλιν
464 2307 627 2371 διοικοῦσι
637 2306 691 2371 καὶ
702 2310 770 2369 τῶν
780 2308 963 2389 εἰρημένων
975 2302 1115 2389 ἀγαθῶν
1127 2302 1239 2371 ἁπόν-

279 2428 346 2469 των
361 2407 475 2480 αἰτίοις
493 2410 701 2472 καταστᾶσιν.

198 2505 265 2592 ,199
366 2499 438 2586 (κ’.)
466 2496 552 2579 Τοῦς
566 2500 628 2585 μέν
645 2494 710 2566 οῦν
728 2498 849 2577 ἄλλους
866 2497 936 2582 ὁρῶ
951 2500 1025 2585 περί
1043 2499 1081 2567 τά
1097 2504 1233 2586 με’γιστα

280 2606 348 2667 νῦν
364 2605 472 2685 ἔργων
488 2600 542 2667 καί
558 2598 699 2683 μάλιστα
716 2599 1062 2685 μνημονευθησόμενα
1078 2594 1156 2676 τοὺς
1174 2597 1233 2666 λό-

280 2725 361 2784 γους
373 2698 613 2776 καταλύοντας,
624 2695 688 2783 ἐγόν
700 2699 735 2766 δὲ
748 2712 938 2783 σωφρονεῖν
949 2694 1011 2783 μὲν
1022 2702 1143 2782 νομίζω
1154 2695 1235 2774 τοῦς

281 2804 384 2865 ταῦτα
397 2795 645 2883 γιγνώσκοντας
656 2798 709 2863 καὶ
723 2796 944 2880 πράττοντας,
960 2792 1002 2863 οῦ
1012 2792 1079 2881 μὴν
1091 2801 1264 2881 συμβαί-ιε

282 2922 333 2962 νει
347 2922 403 2981 μοι
418 2893 542 2965 ταῦτδν
558 2910 667 2965 ποιεῖν
683 2899 838 2980 ἐκείνοις,
855 2892 928 2964 ἀλλ’
943 2900 989 2963 ἔτι
1005 2896 1113 2980 λέγειν
1129 2890 1235 2976 ύναγ-

283 2991 430 3079 κάζομαι.
460 2990 521 3078 τὴν
542 2990 573 3059 δ’
588 2998 712 3071 αἰτίαν,
733 2989 777 3059 δι’
794 2989 854 3077 ἣν,
871 2988 985 3076 ὀλίγον
1003 2986 1143 3074 ὕστερον
1158 2992 1234 3073 ἐροῦ,

282 3089 384 3178 μικρά
406 3089 497 3163 πάνυ
516 3092 783 3176 προδιαλεχθείς.

214 3204 266 3256 σοί)
369 3194 465 3277 (μα’.)
484 3191 725 3277 Ἐπηυωρθουν
739 3184 801 3275 μέν
812 3187 875 3274 γάρ
887 3188 946 3257 τόν
958 3186 1060 3273 λόγον
1070 3183 1129 3253 τόν
1140 3186 1234 3271 με’χρι

283 3297 350 3360 τῶν
376 3288 663 3377 ἀναγνωσθέντων
690 3291 919 3375 γεγραμμένον
944 3286 1024 3372 μετὰ
1052 3291 1234 3369 μειρακίων

284 3397 386 3475 τριῶν
402 3386 420 3477 ἢ
432 3391 597 3475 τεττάρων
611 3396 680 3455 τιῦν
691 3390 894 3472 εἰθισμένων
905 3409 961 3471 μοι
973 3388 1235 3469 συνδιατρίβειν·
1254 3400 1303 3456 275

285 3488 397 3575 ἐπειδη
410 3492 446 3557 δὲ
458 3493 637 3569 διεξιοῦσιν
647 3484 727 3574 ἡμῖν
738 3487 845 3553 ἐδόκει
857 3492 965 3561 καλῶς
976 3484 1123 3568 ἔχεινκαὶ
1134 3500 1235 3565 προσ-

285 3592 415 3653 δεῖσθαι
431 3594 582 3667 τελευτῆς
593 3586 711 3670 μόνον,
728 3588 818 3665 ἔδοξέ
830 3609 886 3669 μοι
898 3585 1176 3665 μεταπέμψασθαί
1184 3605 1223 3643 τι-
