2859 4334
325 383 366 445 ιε
553 371 554 376 '
616 386 995 465 ιεοιιεκνονεμ)

324 553 405 622 λονς
416 547 452 612 δὲ
464 551 659 631 νομίζομεν,
675 547 797 623 οἵτινες
807 539 852 610 δυ
863 543 958 614 αὐτοὶ
969 545 1052 629 πρὸς
1066 545 1194 626 αύτούς
1209 547 1296 632 όὶρι-

295 660 312 712 9
324 663 384 711 στα
400 646 556 728 περὶτῶν
566 641 774 730 πραγμάτων
789 647 1022 728 διαλεχθῶσιν.
1045 650 1076 713 εί
1085 645 1121 711 δὲ
1135 647 1191 712 δεῖ
1200 656 1291 714 συλ-

324 740 454 828 λήβδην
468 744 544 824 περὶ
558 749 616 827 τῆς
629 741 807 826 δυνάμεως
820 741 941 827 ταύτης
955 748 1074 827 εἰπεῖν,
1097 739 1201 812 οῦδὲν
1215 752 1292 812 τῶν

324 845 497 925 φρονίμως
510 843 750 926 πραττομένων
770 835 956 926 εὑρήσομεν
971 838 1102 928 άλόγως
1120 843 1318 929 γιγνόμε-σ

324 965 397 1020 νου,
413 934 497 1005 ἀλλά
510 940 644 1006 καὶτῶν
655 943 765 1024 ἔργων
775 939 831 1004 καὶ
842 944 911 1004 τῶν
922 940 1158 1026 διανοημάτων
1169 938 1289 1008 ἁπάν-

323 1063 391 1104 των
401 1035 551 1124 ἡγεμόνα
562 1037 667 1124 λόγον
678 1035 778 1122 ὄντα,
790 1040 846 1105 καὶ
858 1039 1001 1122 μάλιστα
1013 1041 1208 1124 χρωμένους
1218 1036 1290 1106 αύ-

323 1133 458 1225 τῷτοῦς
468 1142 624 1203 πλεῖστον
634 1141 721 1202 νοῦν
733 1141 884 1220 ἔχοντας·
904 1132 988 1201 ὥστε
999 1134 1079 1214 τοῦς
1088 1143 1288 1222 τολμῶντας

323 1241 534 1322 βλασφημεῖν
554 1236 629 1315 περὶ
646 1240 715 1301 τῶν
729 1231 962 1300 παιδενόντων
975 1236 1031 1302 καλ
1046 1236 1288 1320 φιλοσοφούν-

323 1359 390 1400 των
406 1329 529 1417 ὁμοίως
541 1330 637 1411 ἄξιον
651 1347 762 1416 μισεῖν
778 1330 888 1414 ὥσπερ
899 1329 980 1410 τοῦς
992 1339 1038 1411 είς
1052 1331 1092 1400 τά
1106 1341 1174 1400 τῦν
1185 1342 1285 1402 θεῶν

323 1432 617 1518 ἐξαμαρτάνοντας.

276 1550 307 1600 10
397 1527 479 1616 Ἐγόι
489 1528 521 1596 δ’
534 1527 737 1616 ἀποδέχομαι
747 1531 809 1615 μὲν
819 1527 1056 1608 ἅπανταςτοῦς
1066 1532 1189 1616 λόγους
1199 1531 1283 1610 τοῦς

322 1626 474 1697 καὶκατὰ
497 1625 619 1714 μικρόν
636 1624 722 1714 ἡμᾶς
739 1624 883 1712 ὠφελεῖν
902 1628 1129 1713 δυναμένους,
1154 1626 1196 1695 οῦ
1210 1627 1313 1714 μηυδ

321 1723 405 1794 ιἰλλδι
420 1731 615 1803 καλλίστους
627 1723 772 1810 ἡγοῦμαι
786 1728 841 1792 καὶ
851 1726 1134 1811 βασιλικωτάτους
1144 1730 1200 1794 καὶ
1212 1727 1280 1811 μα’-

321 1835 416 1893 λιστα
433 1825 621 1907 πρέποντας
638 1824 710 1907 ἐμοὶ
732 1820 812 1902 τοῦς
832 1824 991 1908 περὶτῶν
1006 1825 1279 1910 ἐπιτηδευμάτων

321 1926 376 1990 καὶ
391 1928 459 1989 τῶν
473 1926 651 1990 πολιτειῶν
666 1928 932 2008 παραινοῦντας,
948 1924 1004 1989 καὶ
1019 1922 1150 1989 τούτων
1164 1920 1279 1990 αὐτῶν

321 2022 395 2090 ὅσοι
416 2020 613 2088 διδάσκουσι
633 2021 713 2100 τούς
737 2047 772 2088 τε
790 2020 1073 2106 δυναστεύοντας,
1098 2016 1143 2100 ὥς
1158 2024 1214 2088 δεῖ
1230 2028 1278 2110 τῷ

319 2121 443 2207 πλήθει
458 2126 620 2206 χρῆσθαι,
638 2122 693 2187 καὶ
708 2119 788 2198 τοῦς
798 2120 949 2205 ἰδιώτας,
966 2117 1010 2198 ὡς
1025 2117 1087 2206 χρὴ
1102 2117 1278 2204 πρδςτοῦς

319 2221 482 2306 ἄρχοντας
497 2224 702 2288 διακεῖσθαι·
725 2216 780 2286 διά
795 2216 862 2305 γάρ
872 2217 1003 2285 τούτων
1014 2216 1083 2304 ὁρῶ
1093 2216 1153 2296 τάς
1164 2218 1279 2296 πόλεις

274 2338 302 2388 ll
320 2317 621 2404 εῦδαιμονεστάτας
636 2320 691 2384 καί
704 2324 860 2403 μεγίστας
873 2320 1082 2403 γιγνομένας.
1116 2315 1188 2403 (δ’.)
1207 2315 1279 2384 Τὸν

318 2419 381 2504 μὲν
394 2410 459 2485 οῦν
469 2417 595 2501 ἕτερον,
611 2413 656 2495 ὡς
665 2415 727 2502 χρη
742 2431 939 2502 τυραννεῖν,
950 2415 1158 2508 Ἰσοκράτους
1169 2413 1278 2501 ἠκού-

319 2538 412 2601 σατε,
428 2513 489 2584 τόν
504 2512 535 2582 δ’
556 2515 733 2602 ἐχόμενον,
748 2513 835 2585 άδεῖ
846 2530 956 2585 ποιεῖν
970 2513 1048 2594 τοῦς
1059 2514 1304 2602 άρχομέυους,ε

318 2612 383 2702 έγδ
395 2615 596 2702 πειράσομαι
612 2617 779 2699 διελθεῖν,
794 2611 857 2700 οὐχ
867 2611 912 2693 ὡς
923 2617 1053 2682 ἐκεῖνον
1063 2611 1277 2701 ὑπερβαλοῦ-

319 2741 434 2800 μενος,
456 2711 530 2784 ἀλλ’
554 2710 599 2792 ὡς
619 2713 793 2800 προσῆκόν
809 2741 866 2800 μοι
887 2714 1114 2800 περὶτούτων
1134 2714 1275 2799 μάλιστα

319 2819 536 2899 διαλεχθῆναι
546 2813 631 2898 πρὸς
642 2809 738 2898 ὑμᾶς.
757 2819 788 2880 εί
797 2816 860 2899 μὲν
871 2811 936 2899 γάρ
948 2817 1030 2897 ἐμοῦ
1041 2810 1086 2900 μὴ
1100 2812 1274 2899 δηλώσαν-

317 2911 404 2990 τοςά
415 2911 580 2998 βούλομαι
589 2926 700 2981 ποιεῖν
708 2910 797 2998 ὑμᾶς
807 2911 1019 2999 διαμάρτοιτε
1029 2920 1086 2999 τῆς
1095 2916 1174 2998 ίμης
1186 2911 1274 2996 γνά-
1290 2930 1324 2985 29

318 3037 398 3096 μης,
419 3008 483 3077 οὐκ
501 3007 544 3077 άυ
566 3012 701 3089 εἰκότως
718 3010 800 3098 ὑμῖν
816 3008 1026 3098 ὀργιζοίμην·
1057 3016 1087 3079 εί
1107 3012 1143 3078 δὲ
1160 3033 1272 3094 προει-

318 3108 441 3186 πόντος
456 3111 539 3193 ἐμοῦ
553 3111 659 3195 μηδὲν
673 3116 822 3196 γύγνοιτο
836 3111 983 3194 τούτων,
1000 3113 1137 3185 δικαίως
1150 3103 1194 3174 ἂν
1209 3104 1271 3192 ἤδη

273 3222 304 3275 12
317 3220 385 3286 τοῖς
396 3201 441 3293 μὴ
457 3209 672 3293 πειθομένοις
683 3215 887 3294 μεμφοίμηυ.
909 3205 1056 3293 ἡγοῦμαι
1067 3203 1099 3274 δ’
1113 3203 1218 3282 οὕτως
1228 3198 1271 3271 όν

316 3304 458 3394 μάλιστα
475 3307 702 3389 παρακαλέσαι
723 3310 779 3375 καὶ
794 3309 979 3392 προτρέψαι
994 3303 1078 3390 πρὸς
1092 3301 1130 3372 τό
1144 3328 1268 3390 μνημο-

317 3405 433 3473 νεύειν
447 3402 535 3490 ὑμᾶς
551 3403 591 3472 τά
609 3407 757 3492 ῥηθέντα
778 3408 834 3473 καὶ
848 3416 1044 3491 πειθαρχεῖν
1059 3400 1189 3486 αύτοῖς,
1209 3401 1268 3467 οὐκ

318 3508 348 3570 εί
366 3503 442 3585 περὶ
464 3498 502 3569 τό
523 3501 770 3588 συμβουλεύειν
793 3501 902 3588 μόνον
920 3507 1082 3588 γενοίμην
1103 3501 1159 3568 καὶ
1177 3494 1266 3564 ταῦτ’

318 3598 557 3688 ἀπαριθμήσας
581 3598 826 3688 άπαλλαγείην,
852 3596 926 3669 ἄλλ’
955 3604 985 3667 εί
1011 3602 1268 3684 προεπιδείξαιμι
