2859 4334
87 815 88 824 ι
163 781 184 837 τό
201 786 325 871 πλῆθος.

513 438 781 490 mmmm.
1113 426 1160 482 ΙΝ

164 569 188 626 λε’
203 591 279 642 ομεν,
307 566 352 628 ότι
378 569 494 636 εἰκότως
518 568 553 629 οό
579 569 619 629 δι’
650 568 755 628 ἑαυτοῦ
780 567 851 628 άλλά
876 567 926 628 διά
950 573 1003 628 τού
1029 569 1162 646 βασιλέως

164 651 246 705 αοῐς
246 640 463 730 συμβουλεύει,
478 641 586 729 ,ἐπειδὴ
606 643 723 730 πλήδει
735 637 972 727 συμβουλεόαν’
954 639 1085 712 ανάγκην
1103 639 1161 712 εἰχε

164 713 199 798 ”³²
216 711 272 787 ³⁰⁶⁶
256 717 306 787 βω
319 733 441 842 ‘⁶5:5⁰2‘
453 711 914 872 τῗιῖζῖῳλίῶιῖῗῖῗῗᾞῇ
929 710 1162 872 '³:⁶6⁰623?

162 847 195 907 ότι
211 853 257 908 διά
276 857 327 910 τού
328 806 541 940 0666606’
524 857 701 944 αναιρούμεν
719 875 751 910 το
741 804 1087 943 έν,ηάλλμόιτιχκαί
1054 875 1090 910 τα
1109 803 1162 909 666

161 943 185 978 εν
203 922 291 996 εστιν
307 921 415 1014 ῶσπερ
438 926 488 981 καλ
510 917 606 989 οὗτος·
637 927 773 980 Φαίδσιν
801 925 922 1014 ηπερί
949 927 1077 1012 φυχῆς.
1112 924 1162 979 καί

160 993 257 1063 λέγεται
283 969 368 1059 οὗτος
391 993 406 1051 6
432 994 588 1082 σύνδεσμος
614 993 822 1084 διαζευκτικός,
851 992 866 1050 6
890 996 940 1051 καλ
963 993 995 1051 τό
1023 993 1161 1084 πρότερον

159 1068 261 1150 πρᾶγμα
276 1065 539 1154 διαβεβαιούμενος.
572 1067 623 1122 καί
639 1065 694 1137 γάρ
711 1062 792 1122 καί
780 1087 795 1122 ο
799 1041 929 1154 λόγος
915 1064 971 1122 υπό
987 1065 1163 1128 Νικοκλέους

157 1135 256 1204 λέγεται
279 1137 329 1192 καί
351 1135 432 1224 πρὸς
445 1134 511 1201 τούς
535 1134 698 1226 ξυμμάχους
719 1134 806 1192 καί
774 1135 945 1224 υπηκόονς.
987 1131 1032 1192 ότι
1055 1136 1088 1192 66
1112 1135 1161 1192 διά

86 1205 87 1222 ’
157 1208 227 1261 τοῦτο
242 1203 312 1294 παρ’
325 1203 501 1277 Ἰσοκράτους
515 1205 616 1264 έοτλν
604 1229 619 1262 ο
634 1205 716 1278 λόγος
727 1204 800 1296 πρός
813 1207 863 1263 τὸν
879 1206 994 1294 βασιλέα
1008 1207 1161 1294 πεμφθείς,

156 1272 232 1339 αύτδς
258 1275 328 1365 ἡμῖν
355 1277 456 1366 σαφές
467 1287 557 1349 ποιει,
586 1275 618 1335 έν
641 1282 680 1352 τῷ
704 1277 777 1352 λόγῳ
800 1277 904 1366 λέγων
931 1277 992 1333 τόν
1015 1278 1078 1366 μέν
1101 1270 1161 1333 οάν

157 1347 272 1434 ἕτερον
293 1345 409 1419 λόγον,
438 1345 480 1412 ῶς
507 1347 567 1420 χρὴ
597 1336 797 1437 τυράννεῖν,
818 1345 1034 1417 Ἰσοκράτους
1042 1345 1161 1432 ἠκού-

156 1435 239 1488 σατε,
253 1439 272 1473 α
258 1413 325 1474 “δέ
342 1392 853 1508 δειποιειντυύςάρχομένόυς,
869 1417 933 1506 ἒγά
947 1417 1162 1508 πειράσομαι

156 1461 322 1560 διελύεῖν,
356 1486 418 1560 ούχ
446 1487 487 1553 ῶς
517 1487 657 1546 έκεινον
690 1487 994 1565 ύπερβαλούμινος
1019 1485 1092 1545 άλλ
1121 1486 1163 1552 ῶς

155 1558 278 1630 πρέπον
296 1579 354 1630 μοι
372 1560 452 1632 περὶ
471 1556 584 1616 αὐτῶν
603 1564 771 1616 διελθεῖν.

344 1703 433 1758 Orat.
452 1703 499 1760 1v,
521 1703 764 1774 Ροπογγτίουι
783 1705 823 1773 (p.
842 1704 969 1773 ιιι-87.)

284 1810 480 1864 ναοοοΣιΣ
497 1811 743 1864 mmmm
759 1809 865 1880 (Antia.
885 1814 900 1875 ς
918 1815 952 1864 τι
972 1809 1025 1878 sq.)

214 1910 245 1970 0
263 1911 347 2039 λόγος
365 1934 418 1968 κατ
421 1909 578 1976 ’ἐκείνους
596 1911 707 2002 έγράφη
726 1911 793 1977 τούς
811 1911 939 1984 χρόνους,
959 1909 1006 1970 ὅτε
1021 1916 1162 1970 Λακεδαι-

157 1981 290 2054 μόνιοιμὲ
349 2003 416 2054 ρχον
430 1986 486 2038 τῶν
501 1980 683 2055 Ελλήνων,
669 1993 752 2056 ημεῖς
770 1983 802 2040 δέ
822 1986 962 2047 ταπεινῶς
980 1982 1163 2071 ἐπράττομεν.

158 2052 262 2110 ἔστιδὲ
283 2004 401 2124 :0656
389 2049 570 2124 ένἝλληνας
593 2059 766 2125 παρακαλῶν
790 2053 838 2112 ἐπὶ
859 2053 912 2125 τὴν
937 2075 994 2110 των
1014 2059 1066 2130 βαρ
1087 2075 1164 2124 αραν

156 2128 312 2212 στρατείαν,
327 2127 575 2252 Λακεδαιμονίοις
592 2125 624 2182 δέ
644 2127 710 2212 περλ
728 2129 777 2196 τῆς
795 2123 948 2213 ἡγεμονίας
962 2054 1163 2214 άμφισόητῶν

155 2193 284 2280 τοιαύτην
307 2193 340 2252 δέ
327 2192 415 2284 την
443 2192 585 2252 ὑπόδεσιν
607 2194 798 2284 ποιησάμενος
809 2192 980 2284 άποφαίνσι
1007 2195 1060 2267 τὴν
1082 2195 1164 2252 πόλιν

155 2262 286 2322 ἁπάντων
302 2269 359 2320 τῶν
377 2263 562 2353 οπαρχόντων
581 2273 639 2330 τοῖς
650 2264 781 2352 Ἕλλησιν
799 2262 921 2353 άγαθῶν
936 2268 1031 2323 αἰτίαν
1048 2287 1165 2354 γεγενη·

154 2336 245 2423 μένην.
291 2333 504 2424 άφορισάμενος
530 2336 562 2394 δέ
589 2336 639 2392 τόν
664 2336 749 2426 λόγον
776 2335 827 2395 τὸν
854 2338 920 2410 περὶ
946 2340 1002 2393 τῶν
1029 2336 1165 2395 τοιούτοιν

154 2404 320 2496 εὐεργεσιῶν
339 2407 388 2462 καί
407 2405 577 2495 βουλόμενος
594 2407 646 2478 τὴν
664 2405 821 2479 ἡγεμονίαν
840 2408 882 2464 έτι
900 2406 1112 2494 σαφέστερον’
1094 2429 1165 2464 απο-

154 2475 305 2546 φαίνειν
287 2499 325 2541 ως
339 2477 449 2533 έστι”
415 2499 466 2548 της
484 2476 599 2563 πόλεως,
619 2476 741 2536 ἐνδένδε
756 2478 849 2535 ποθὲν
869 2476 1000 2566 ἐπιχειρῶ
1020 2477 1166 2536 διδάσκειν

153 2546 358 2635 περὶτούτων,
382 2545 470 2635 άςτῇ
496 2547 578 2605 πόλει
594 2553 754 2638 τιμάσβοιι
757 2548 894 2640 προσήκει
916 2548 989 2606 πολύ
1007 2548 1165 2620 μάλλονέκ

152 2623 203 2674 τῶν
222 2620 290 2690 περὶ
308 2592 359 2674 τὸν
378 2616 502 2690 πόλεμον
520 2616 697 2676 κινδύνων
679 2642 697 2691 η
717 2622 773 2675 τῶν
792 2618 883 2676 ἄλλων
902 2617 1080 2691 εὐεργεσιῶν.

371 2759 459 2816 Orat.
479 2760 512 2817 V.
533 2763 730 2832 Philippus.
749 2767 787 2833 (p.
806 2767 950 2834 88-125.)

183 2869 384 2922 νηοοΕΣιΣ
402 2869 479 2923 νον
495 2870 600 2923 ΠΡΟΣ
618 2869 817 2924 οιαιααοα
832 2871 963 2925 κονον
979 2845 1137 2925 κυκνον

493 2941 571 2995 σου
588 2941 828 2995 mmm

220 3036 381 3112 Ἰστέον,
364 3063 409 3098 οτι
426 3039 476 3098 τόν
500 3041 584 3128 λόγον
608 3045 708 3100 τοῦτον
734 3043 840 3115 ἔγραψε
859 3047 898 3134 τῷ
909 3042 1081 3132 Φιλίππῳ
1068 3065 1084 3099 ο
1101 3040 1166 3101 Ἰσο-

154 3112 256 3184 κράτης
284 3110 355 3183 μετά
382 3110 433 3184 τὴν
459 3111 582 3217 εἰρήνην
603 3113 654 3203 τὴν
681 3113 875 3186 γενομένην
862 3101 918 3171 υπό
946 3117 1002 3170 τῶν
1027 3101 1093 3185 περὶ
1116 3113 1167 3171 τόν

154 3185 285 3254 Αἰσχίνην
310 3185 360 3240 κοιλ
378 3189 582 3273 Δημοσθενην·
608 3183 724 3242 διὸκαὶ
743 3187 805 3273 έσχε
829 3183 930 3257 καιρόν
953 3184 1064 3274 γράφαι
1082 3181 1167 3258 αάτῶ,

153 3256 189 3329 τῷ
195 3259 365 3344 Φιλίππῳ,
393 3252 430 3319 ῶς
457 3258 530 3330 φίλῳ
553 3255 697 3345 γενομένῳ
725 3260 775 3328 τῆς
795 3252 957 3349 Ἀθηναίων
978 3255 1093 3320 πόλεως.
1135 3231 1167 3314 έν

154 3312 311 3415 οχήματιδ
292 3312 339 3382 δί
348 3328 399 3382 τοῦ
422 3311 649 3416 έχκωμιάσαι’
614 3327 702 3383 αυτόν
726 3336 865 3416 παραινεῖ
883 3325 959 3415 αύτῷ
978 3325 1168 3394 διαλλάξαντο

154 3417 203 3459 τας
222 3394 389 3467 Ελληνικάς
408 3402 503 3461 πολεις
520 3418 572 3461 τας
588 3395 725 3487 μεγάλας,
740 3395 818 3484 πρός
837 3393 940 3462 έαυτάς
942 3385 1167 3484 στασιαζούσας,

152 3470 324 3554 στρατεῦσαι
340 3465 414 3524 κατά
433 3469 559 3555 Περσῶν.
592 3468 695 3538 πρέπει
710 3465 765 3539 γάρ
781 3487 834 3558 σοι,
848 3471 926 3540 φησί,
944 3471 1027 3525 τοῦτο
1041 3471 1168 3557 ποιῆσαι,

152 3535 320 3626 Ἡρακλείδη
343 3534 407 3594 ὄντι
424 3533 527 3595 aaz*
491 3559 566 3596 ουτοι
576 3541 723 3626 δυνατῷ.Ι
744 3537 824 3594 καλ
811 3560 828 3594 ο
847 3539 900 3610 μέν
919 3542 1055 3603 Φίλιππος
1072 3539 1167 3667 λαβὸν

155 3607 204 3665 τόν
220 3607 308 3698 λόγον
327 3605 408 3666 καί’
379 3608 533 3696 αναγνοός
551 3604 604 3698 ούκ
623 3596 745 3700 ἰπείσδη
763 3618 822 3674 τοις
836 3608 1001 3698 λεγομένοις
1019 3606 1081 3667 ἀλλ’
1121 3632 1167 3668 νε-

157 3677 257 3768 βάλετο
275 3678 357 3744 τέως·
376 3675 493 3750 ὕστερον
513 3677 576 3736 δέ
564 3700 580 3736 ο
598 3689 666 3744 παῖς
684 3677 699 3736 6
719 3679 820 3738 τούτου
836 3677 1043 3752 Ἀλέξανδρος’
1025 3681 1168 3770 αναγνοός

155 3748 204 3805 τὸν
223 3747 310 3821 λόγον
323 3749 373 3806 καί
388 3747 550 3821 έρεδισδεὶς
569 3747 733 3821 ἐστράτευσε
754 3749 826 3807 κατά
841 3755 965 3821 Δαρείου
984 3755 1034 3807 τοῦ
1050 3749 1167 3820 ὑστέρου
