2859 4334
456 408 877 468 ΠΑΝΑΘΗΝΑΙΚΟΣ.
1103 406 1143 471 75

183 594 262 648 κας,
280 564 325 645 ἀς
335 563 634 651 τάχισταφανεράν
646 572 781 648 ποιήσαι
792 581 860 644 τοῖς
869 564 899 633 τ’
912 566 1026 646 ἀλλοις
1038 565 1141 636 ἀπασι
1153 586 1168 638 h

184 670 243 734 καὶ
277 670 565 750 Λακεδαιμονίοις,
601 668 676 751 περὶ
708 657 757 731 τόν
788 673 965 751 πεποίησαι
996 665 1141 745 πολλοὺς

183 765 325 851 λόγους,
353 763 432 841 τούς
459 762 521 848 μὲν
550 767 699 840 δικαίους
729 765 784 830 καὶ
808 761 969 849 σεμνοὺς,
1001 762 1080 841 τούς
1108 760 1140 830 δ’

99 891 161 941 250
184 863 337 950 ἀσελγεῖς
357 864 412 929 καὶ
433 868 509 930 λίαν
529 863 840 947 φιλαπεχθήμονας·
869 858 928 940 οὓς
950 871 983 928 εί
998 889 1047 939 τις
1067 864 1141 929 έπέ-

184 966 296 1042 δειξεν
310 959 423 1040 αὐτοῖς
436 965 518 1044 πρὶν
531 960 588 1047 ἐμὲ
604 965 821 1046 διαλεχθῆναι
837 962 912 1042 περὶ
928 958 1055 1044 αὐτῶν,
1079 958 1142 1027 οὐκ

184 1070 278 1131 ἔστιν
299 1062 390 1140 ὅπως
409 1058 471 1128 οὐκ
492 1056 537 1127 ἀν
557 1064 718 1145 ἐμίσησαν
738 1061 794 1126 καὶ
815 1059 986 1136 δυσκόλως
1006 1056 1089 1143 πρός
1105 1061 1142 1127 σὲ

184 1166 385 1247 διετέθησαν
407 1158 451 1239 ὡς
475 1166 677 1246 κατηγορίαν
698 1160 890 1244 γεγραφότα
914 1155 994 1226 καθ’
1017 1156 1139 1226 αὑτῶν.

184 1268 251 1327 νῦν
262 1257 294 1326 δ’
306 1258 396 1344 οἶμαι
408 1256 487 1337 τούς
497 1260 560 1344 μέν
570 1265 744 1335 πλείστους
754 1266 975 1341 Σπαρτιατῶν
987 1261 1142 1343 ἐμμενεῖν

182 1374 253 1436 τοῖς
267 1357 389 1444 ἤθεσιν
404 1354 520 1437 οἷσπερ
536 1360 591 1424 καὶ
605 1355 665 1424 τόν
680 1356 785 1425 ἀλλον
799 1357 933 1443 χρόνον,
949 1374 1017 1436 τοῖς
1033 1360 1069 1425 δὲ
1083 1358 1169 1425 λό-ο

181 1484 256 1542 γοις
267 1472 336 1535 τοῖς
347 1457 471 1524 ἐνθάδε
482 1460 706 1542 γραφομένοις
718 1454 819 1523 οὐδὲν
828 1465 956 1542 μᾶλλον
968 1461 1140 1537 προσέξειν

179 1550 363 1640 τόννοῦνή
370 1569 439 1632 τοῖς
451 1552 791 1635 ἔξωτῶνἩρακλέους
800 1556 1139 1641 στηλῶνλεγομένοις,

97 1674 156 1726 251
182 1654 265 1733 τους
283 1656 318 1722 δὲ
337 1654 611 1739 φρονιμωτάτους
630 1651 742 1720 αὐτῶν
762 1656 901 1721 καὶτῶν
919 1655 1030 1740 λόγων
1048 1650 1140 1730 τινάς

180 1761 318 1840 ἔχοντας
328 1762 396 1821 των
403 1760 474 1819 σῶν
480 1754 534 1819 καὶ
540 1753 785 1837 θαυμάζοντας,
792 1752 942 1835 τούτους,
957 1748 1000 1839 ήν
1012 1753 1138 1838 λάβωσι

180 1852 245 1920 τόν
269 1849 552 1938 ἀναγνωσόμενον
573 1854 628 1918 καὶ
648 1850 774 1935 χρόνον
802 1847 886 1917 ὥστε
904 1854 1139 1931 συνδιατρῖψαι

181 1957 300 2037 σφίσιν
313 1948 436 2033 αὐτοῖς,
452 1947 553 2016 οὐδὲν
568 1947 748 2035 ἀγνοήσειν
764 1957 831 2016 τῶν
848 1952 1038 2034 λεγομένων
1053 1944 1137 2015 ἀλλά

181 2051 238 2118 καὶ
260 2056 326 2116 τῶν
346 2051 493 2116 ἐπαίνων
515 2048 740 2132 αἰσθήσεσθαι
761 2052 830 2113 τῶν
854 2044 925 2131 μετ’
942 2044 1141 2125 ἀποδείξεως

185 2152 371 2235 εἰρημένων
387 2151 534 2234 περὶτῆς
550 2149 677 2225 πόλεως
690 2154 748 2233 τῆς
762 2144 889 2231 αὑτων,
917 2149 971 2215 καὶ
985 2155 1053 2214 των
1068 2156 1140 2213 λοι-

184 2254 310 2334 δοριῶν
331 2248 601 2333 καταφρονήσειν
620 2254 688 2312 τῶν
711 2252 782 2333 εἰκῇ
803 2247 865 2332 μὲν
885 2261 951 2324 τοῖς
968 2248 1166 2332 πρόγμασιδ

183 2350 393 2435 λεγομένων,
412 2355 539 2434 πικρῶς
555 2349 591 2415 δὲ
604 2361 673 2424 τοῖς
687 2344 829 2432 ὀνόμασι
845 2350 1068 2434 κεχρημένων,
1087 2348 1140 2414 καὶ

184 2460 315 2531 νομιεῖν
326 2443 384 2524 τάς
394 2447 456 2529 μὲν
471 2453 681 2531 βλασφημίας
696 2443 754 2523 τάς
766 2445 906 2524 ἐνούσας
919 2449 955 2513 ἐν
966 2455 1010 2535 τῷ
1023 2453 1140 2534 βιβλίῳ

102 2569 162 2621 252
182 2546 245 2616 τόν
260 2547 397 2631 φθόνον
411 2544 606 2633 ὑποβαλεῖν,
622 2544 681 2623 τοὶς
693 2548 730 2614 δὲ
741 2546 876 2628 πράξεις
888 2550 941 2613 καὶ
953 2544 1010 2624 τάς
1024 2546 1140 2631 μάχας,

183 2644 240 2732 ἐφ’
255 2642 307 2723 αἷς
323 2642 422 2711 αότοί
436 2671 471 2711 τε
488 2648 571 2730 μέγα
588 2651 756 2728 φρονοῦσι
771 2648 824 2711 καὶ
840 2642 929 2726 παρά
944 2658 1011 2721 τοῖς
1029 2640 1140 2721 ἀλλοις

184 2742 419 2829 εὐδοκιμοῦσι,
442 2745 478 2810 σὲ
494 2748 700 2829 γεγραφέναι
721 2746 775 2811 καὶ
792 2744 1065 2829 μνημονεύεσθαι
1081 2768 1140 2809 πε-

183 2847 370 2930 ποιηκέναι,
387 2844 621 2929 συναγαγόντα
636 2843 744 2920 πόσας
758 2840 860 2919 αότάς
874 2844 928 2908 καὶ
940 2846 1044 2908 θέντα
1055 2837 1138 2924 παρ’

183 2941 344 3027 ἀλλήλας,
359 2952 468 3009 αίτιον
482 2938 515 3007 δ’
530 2940 613 3008 εἶναι
628 2944 683 3009 καὶ
695 2950 755 3009 τοῦ
766 2939 912 3019 πολλοὺς
923 2951 1045 3008 ποθεῖν
1056 2938 1140 3006 ἀνα-

182 3048 311 3129 γνῶναι
331 3043 386 3107 καὶ
406 3044 554 3108 διελθεῖν
574 3039 693 3126 αότάς,
718 3039 759 3107 οό
780 3039 838 3119 τάς
858 3044 994 3108 ἐκείνων
1016 3044 1181 3125 ἐπιθυ-εΗ

182 3146 330 3225 μοῦντας
343 3136 487 3207 ἀκοῦσαι
498 3139 648 3221 πράξεις,
667 3136 751 3207 ἀλλά
764 3146 833 3216 πῶς
845 3137 888 3205 σύ
901 3143 1053 3218 διείλεξαι
1064 3139 1139 3221 περὶ

107 3259 164 3315 253
181 3236 294 3305 αὐτων
308 3249 432 3323 μαθεῖν
443 3242 679 3325 βουλομένους.
703 3238 795 3328 (qv‘.)
812 3235 912 3305 Ταῦτ’
925 3238 1139 3322 ἐνθυμουμέ-

182 3363 264 3415 νους
279 3340 332 3405 καὶ
354 3338 535 3418 διεξιόντας
556 3334 635 3405 οὐδὲ
655 3344 723 3403 τῶν
737 3344 889 3405 παλαιῶν
907 3343 1015 3421 έργων
1031 3334 1138 3420 ἀμνη-

182 3437 360 3524 μονήσειν,
385 3433 430 3502 δι’
449 3428 497 3503 όν
515 3442 758 3522 ἐγκεκωμίακας
774 3434 852 3513 τούς
872 3436 1060 3520 προγόνους
1076 3432 1139 3501 αό-
1154 3445 1206 3500 286

182 3543 260 3618 των,
268 3531 353 3601 ἀλλά
365 3536 586 3613 καὶπολλάκις
597 3538 806 3613 διαλέξεσθαι
816 3532 898 3617 πρὸς
908 3539 995 3618 σφᾶς
1003 3529 1136 3616 αὐτοὺς,

183 3632 410 3717 πρῶτονμὲν,
431 3631 482 3701 ὅτι
498 3644 639 3716 Δωριεῖς
654 3630 765 3716 ὄντες,
783 3631 895 3716 ἐπειδὴ
911 3636 1064 3699 κατεῖδον
1079 3629 1138 3708 τάς
