2859 4334
411 382 531 440 ΠΕΡΙ
555 382 651 439 ΤΟΥ
672 383 911 443 ΖΕΤΓΟΥΣ.
1081 381 1143 446 189

133 564 169 618 45
271 539 349 629 (ιζ’.)
369 537 466 609 Ἀλλὰ
482 537 547 625 γάρ
562 544 635 627 περὶ
653 540 715 627 μὲν
730 546 800 613 τῶν
812 552 925 630 Τεισίᾳ
943 553 1140 613 πεπολιτευ-

187 643 300 728 μένων
316 648 394 717 ῖσως
408 638 483 707 πότ’
503 641 540 706 έν
554 653 622 719 τοῖς
635 641 758 707 τούτου
775 642 948 721 κινδύνοις
963 646 1140 731 ἐγγενήσε-

187 768 240 810 ται
255 741 309 808 καὶ
325 738 379 805 διὰ
390 741 604 827 μακροτέρων
616 745 738 808 εἰπεῖν·
760 737 846 826 ὑμᾶς
857 739 890 808 δ’
903 740 983 823 ἀξιῶ
998 743 1042 830 μη
1055 769 1140 830 κρο-

188 845 286 907 ε’σθαι
309 865 349 925 με
375 853 442 917 τοῖς
470 840 603 924 ἐχθροῖς
628 834 706 924 μηδ’
734 836 928 927 ἀνηκέστοις
950 856 1139 928 συμφοραῖς

187 947 387 1025 περιβαλεῖν.
410 943 531 1017 ἱκανῶς
553 937 617 1025 γάρ
639 941 694 1007 καί
714 946 780 1005 νῦν
799 946 997 1025 πεπείραμαι
1013 949 1137 1025 κακῶν,

187 1037 225 1118 ὃς
246 1037 352 1118 εύθύς
371 1039 433 1126 μέν
459 1039 640 1125 γενόμενος
659 1033 810 1123 ὀρφανός
826 1045 1061 1126 κατελείφθην,
1077 1048 1137 1107 τοῦ

187 1141 250 1224 μὲν
264 1135 389 1223 πατρὸς
405 1138 591 1223 φυγόντος,
616 1143 674 1223 τῆς
695 1138 730 1203 δὲ
746 1134 870 1224 μητρός
887 1138 1165 1225 τελευτησάσης,υ

188 1235 282 1303 υύπω
308 1236 343 1303 δὲ
365 1234 493 1323 τέτταρ’
522 1242 577 1322 ἔτη
603 1233 751 1321 γεγυυῶς
773 1233 828 1303 διά
851 1234 913 1323 τὴν
933 1244 994 1304 τοῦ
1015 1236 1139 1320 πατρὸς

137 1357 170 1411 46
188 1335 303 1423 φυγὴν
317 1340 391 1420 περὶ
409 1345 469 1405 τοῦ
482 1338 634 1424 σωματος
649 1344 694 1417 είς
715 1342 877 1409 κίνδυνον
892 1340 1069 1425 κατέστην,
1091 1346 1136 1408 ἔτι

188 1437 224 1507 δὲ
239 1451 316 1515 παῖς
332 1432 380 1503 ῶν
396 1435 462 1505 ὑπὸ
478 1446 547 1506 τῶν
563 1435 732 1521 τριάκοντ’
757 1439 793 1506 έκ
814 1444 871 1525 τῆς
885 1438 1012 1516 πόλεως
1027 1440 1137 1519 ἐξέπε-

188 1556 259 1603 σον.
284 1540 520 1607 κατελθόντων
536 1540 572 1606 δὲ
587 1545 655 1605 τῶν
670 1540 706 1605 ἐκ
723 1543 890 1621 Πειραιῶς
918 1538 1057 1618 καὶτῶν
1078 1536 1138 1606 άλ-

189 1645 258 1707 λων
275 1643 500 1726 κομιζομένων
517 1637 575 1717 τάς
590 1635 705 1718 οὐσίας
732 1635 797 1722 έγῶ
811 1638 916 1723 μόνος
931 1636 992 1725 τὴν
1005 1645 1080 1725 γῆν,
1096 1635 1139 1725 ἣν

191 1737 270 1827 ἡμῖν
286 1738 458 1808 ἀπέδωκεν
473 1736 490 1807 ὁ
507 1744 609 1825 δῆμος
624 1733 698 1805 ἀντὶ
720 1744 787 1804 τῶν
806 1740 1044 1823 δημευθέντων
1057 1762 1138 1823 χρη-

189 1840 315 1924 μάτων,
338 1834 392 1906 διά
407 1835 468 1924 τὴν
482 1845 550 1904 τῶν
572 1841 704 1923 ἐχθρῶν
726 1835 872 1922 δύναμιν
893 1834 1135 1922 ἀπεστερήθην.

192 1941 335 2003 τοσαῦτα
350 1936 388 2004 δὲ
401 1935 1132 2025 προδεδυστνχηκῶςκαὶδὶςτηνωίσίανάπο·
1221 1960 1224 1971 “

192 2034 344 2115 λωλεκῶς
358 2040 438 2107 νυνὶ
454 2040 552 2107 πέντε
567 2039 741 2108 ταλάντων
755 2040 873 2126 φεύγω
887 2045 994 2129 δίκην.
1025 2040 1081 2109 καί
1095 2038 1132 2109 τό
1146 2044 1164 2101 δ

191 2135 255 2223 μέν
264 2137 403 2225 ἔγκλημ’
413 2140 567 2224 ε’στίπερλ
574 2139 766 2228 χρημάτων,
778 2138 1019 2230 ἀγωνίζομαιδ’
1030 2149 1063 2213 εί
1073 2143 1135 2231 χρὴ

139 2256 172 2311 47
191 2241 340 2320 μετεῖναί
351 2262 407 2321 μοι
422 2243 480 2321 τῆς
496 2238 633 2315 πόλεως.
657 2245 725 2305 τῶν
740 2235 805 2321 γάρ
822 2234 935 2305 αὐτῶν
948 2239 1142 2324 τιμημάτων

192 2338 485 2421 ἐπιγεγραμμένων
506 2334 548 2403 ού
569 2341 733 2420 περὶτῶν
757 2335 869 2403 αὐτῶν
890 2335 1048 2404 άπασινὸ
1067 2344 1141 2405 κίν-

190 2435 293 2525 δυνός
309 2438 407 2519 ἐστιν,
423 2433 506 2505 ἀλλά
522 2450 590 2514 τοῖς
601 2437 663 2522 μὲν
677 2437 827 2522 χρήματα
842 2438 1055 2522 κεκτημένοις
1065 2438 1142 2522 περὶ

191 2539 314 2618 ζημίας,
333 2547 400 2611 τοῖς
415 2531 448 2599 δ’
470 2531 605 2619 ἀπόρως
620 2533 732 2615 ὥσπερ
752 2531 815 2620 έγῶ
834 2536 1054 2619 διακειμένοις
1066 2538 1141 2619 περὶ

189 2630 330 2719 άτιμιάς,
341 2631 384 2719 ἢν
396 2633 460 2719 έγῶ
474 2642 584 2721 φνγης
594 2640 691 2720 μείζω
703 2631 885 2719 συμφοράν
896 2639 1033 2718 νομίζω·
1053 2631 1140 2703 πολύ

188 2731 253 2819 γάρ
271 2730 481 2819 ἀθλιώτερον
496 2729 585 2816 παρά
600 2726 668 2811 τοῖς
685 2730 792 2800 αὑτοῦ
806 2740 954 2810 πολίταις
972 2731 1137 2820 ἠτιμωμέ-
1151 2766 1165 2795 ι·

141 2852 173 2905 κθ
189 2858 252 2899 νον
276 2826 379 2901 οίκεῖν
399 2828 421 2919 ἦ
442 2829 524 2919 παρ’
548 2834 671 2916 ἑτέροις
691 2846 865 2919 μετοικεῖν.
888 2833 1004 2917 δέομαι
1025 2829 1057 2899 δ’
1076 2824 1140 2899 ούυ

190 2928 285 3016 ὑμῶν
309 2937 480 3018 βοηθῆσαί
500 2958 556 3017 μοι
582 2933 636 2999 καὶ
661 2929 706 3017 μὴ
733 2936 895 3015 περιιδεῖν
919 2929 985 2999 ύπό
1008 2938 1075 2998 τῶν
1090 2932 1139 3015 έχ-

187 3036 286 3111 θρῶν
296 3030 499 3115 ὑβρισθέντα
511 3033 593 3116 μηδὲ
605 3040 661 3116 τῆς
674 3036 830 3114 πατρίδος
841 3031 1046 3117 στερηθέντα
1058 3025 1137 3117 μηδ’

187 3132 239 3198 ἐπὶ
253 3129 421 3207 τοιαύταις
432 3130 545 3214 τύχαις
557 3136 777 3217 περίβλεπτον
787 3130 981 3216 γενόμενον.
1006 3134 1139 3205 δικαίως

188 3226 219 3296 δ’
235 3223 280 3294 ἀν
301 3224 364 3313 ὑφ’
387 3226 482 3314 ὑμῶν
505 3231 537 3308 ἐξ
560 3227 673 3296 αὐτῶν
694 3236 763 3296 τῶν
780 3237 889 3315 ἔργων
902 3231 1077 3317 ἐλεηθείην
1086 3250 1101 3306 ,·
1110 3232 1142 3295 εί
1154 3238 1204 3294 357

187 3328 242 3396 καὶ
258 3328 408 3417 τῷλόγῳ
429 3329 583 3415 τυγχάνω
599 3326 643 3414 μη
660 3329 849 3413 δυνάμενος
869 3329 922 3397 ἐπὶ
937 3324 1036 3395 τοῦθ’
1053 3326 1140 3412 ὑμᾶς

185 3426 292 3514 ἀγειν,
308 3436 399 3510 εῖπερ
411 3426 471 3514 χρὴ
485 3428 625 3506 τούτους
637 3430 753 3514 ἐλεεῖν,
766 3427 845 3506 τούς
857 3426 979 3506 ἀδίκως
989 3428 1051 3514 μὲν
1064 3452 1138 3493 κιν-

185 3527 406 3606 δυνεύοντας,
429 3530 503 3611 περὶ
518 3530 560 3595 7δὲ
582 3535 649 3595 τῶν
674 3536 840 3613 μεγίστων
862 3526 1137 3614 ἀγωνιζομένους,

185 3616 336 3705 ἀναξίως
354 3622 385 3691 δ’
408 3623 526 3693 αὑτῶν.
544 3630 599 3695 καὶ
622 3635 690 3695 τῶν
715 3629 894 3709 προγόνων
920 3628 1135 3710 πράττοντας,
