2859 4334
510 364 827 423 ΠΛΑΤΑΙΚΟΣ.

643 578 703 641 m.

480 694 868 760 ΠΛΑΤΑΙΚΟΣ.

283 911 355 993 (α’.)
376 904 519 990 Ειδότες
535 911 631 998 ὑμᾶς,
649 907 807 997 σλάνδρες
819 912 1000 998 Ἀθηναῖοι,
1017 918 1150 991 καὶτοῖς
1165 926 1214 982 ’196

188 1015 429 1095 ἀδικουμένοις
440 1012 626 1096 προθύμως
637 1019 778 1096 βοηθεῖν
791 1016 1001 1099 εἰθισμένους
1015 1015 1149 1089 καὶτοῖς

190 1108 385 1194 εὐεργέταις
399 1118 557 1195 μεγίστην
571 1112 670 1195 χάριν
685 1108 919 1193 άποδιδόντας,
936 1110 1060 1198 ἥκομεν
1078 1117 1148 1179 ίκε-
1165 1121 1213 1176 297

190 1208 372 1284 τεόσοντες
386 1206 431 1294 μὴ
447 1213 609 1291 περιιδεῖν
634 1207 720 1294 ἡμᾶς
736 1212 869 1295 εἰρήνης
885 1211 986 1294 οὔσης
1000 1207 1147 1276 άναστά-

192 1333 277 1385 τους
303 1304 368 1373 ὑπό
396 1316 552 1394 Θηβαίων
578 1313 832 1394 γεγενημένους.
867 1316 1000 1377 πολλῶν
1025 1306 1055 1375 δ’
1086 1306 1145 1395 ἤδη

191 1404 374 1489 πρόςὺμᾶς
381 1408 647 1493 καταφυγόντων
658 1412 712 1475 καλ
726 1412 1002 1492 διαπραξαμένων
1015 1405 1144 1474 ἅπανθ’

192 1503 288 1571 ὅσων
302 1507 500 1592 ἐδεήθησαν.
516 1504 692 1592 ἡγούμεθα
710 1506 850 1591 μάλισθ’
868 1504 949 1592 ὑμῖν
962 1509 1146 1593 προσήκειν

193 1606 272 1686 περὶ
298 1610 354 1688 τῆς
385 1602 542 1690 ἡμετέρας
573 1606 700 1685 πόλεως
731 1607 936 1694 ποιήσασθαι
967 1609 1146 1691 πρόνοιαν·

165 1763 169 1768 .
196 1702 358 1789 οὔτεγὰρ
374 1699 418 1770 άν
433 1702 638 1786 ἀδικώτερον
649 1703 791 1785 οὐδένας
803 1705 898 1793 ἡμῶν
914 1706 1044 1791 εὕροιτε
1055 1716 1147 1793 τηλι-

197 1803 336 1880 καύταις
347 1817 536 1887 συμφοραῖς
547 1808 847 1890 περιπεπτωκότας,
862 1804 934 1873 οὔτ’
948 1810 983 1874 ἐκ
995 1813 1177 1882 πλείονοςὴ

196 1900 323 1987 χρόνου
338 1900 423 1985 πρὸς
436 1900 498 1988 τὴν
514 1900 678 1988 ὑμετέραν
689 1906 789 1973 πόλιν
806 1908 1008 1989 οἰκειότερον
1024 1914 1148 1973 διακει-

197 2016 332 2099 μένους.
370 2021 416 2082 ἔτι
440 2014 479 2083 δὲ
502 2017 663 2082 τοιούτων
686 2016 879 2101 δεησόμενοι
897 2016 1084 2103 πάρεσμεν,
1110 2022 1146 2085 έν

198 2110 253 2194 οἷς
277 2119 436 2195 κίνδυνος
460 2115 525 2203 μὲν
548 2114 664 2195 οὐδεὶς
688 2122 836 2198 ἔνεστιν,
862 2115 1007 2195 ἅπαντες
1031 2115 1063 2183 δ’
1083 2116 1143 2184 άν-

198 2227 334 2300 θρωποι
363 2220 540 2303 νομιοῦσιν
570 2214 658 2305 ὑμᾶς
688 2220 913 2303 πειθομένους
943 2215 1147 2299 ὁσιωτάτους

198 2331 253 2395 καὶ
271 2328 502 2406 δικαιοτάτους
518 2326 602 2395 εἶναι
621 2335 688 2393 των
699 2326 875 2412 Ἑλλήνων.

160 2450 180 2502 3
282 2428 355 2515 (β’.)
375 2434 418 2495 Εἰ
431 2428 493 2513 μὲν
508 2419 572 2494 οὖν
588 2424 632 2511 μὴ
648 2434 818 2512 Θηβαίους
832 2427 988 2511 ἑωρῶμεν
1004 2428 1038 2491 έκ
1058 2450 1144 2489 παν-

197 2523 254 2603 τὸς
270 2526 396 2606 τρόπου
412 2528 745 2611 παρεσκευασμένους
760 2516 1070 2621 πελθειν[ὑμᾶς],ὡς
1085 2519 1144 2588 οὐ·

198 2624 257 2690 δέν
272 2630 317 2701 είς
331 2621 416 2709 ἡμᾶς
431 2624 681 2709 ἐξημαρτήκασι,
699 2624 753 2690 διὰ
766 2625 915 2709 βραχέων
931 2617 975 2687 άυ
988 2620 1146 2706 ἐποιησά-

197 2732 287 2805 μεθα
304 2720 384 2801 τους
398 2724 536 2808 λόγους·
560 2721 672 2809 ἐπειδη
689 2721 721 2789 δ’
739 2729 785 2801 εἰς
799 2719 899 2790 τοῦθ’
916 2719 1042 2807 ἥκομεν
1063 2717 1172 2786 άτυ-ο

196 2826 268 2905 χίας
294 2819 377 2887 ὥστε
408 2819 453 2906 μὴ
482 2821 590 2906 μόνον
618 2819 698 2907 ἡμῖν
731 2820 814 2888 εἶναι
839 2818 899 2887 τόν
923 2817 1037 2904 άγωυα
1062 2814 1147 2898 πρὸς

196 2919 336 2996 τούτους
358 2917 441 2987 ἀλλά
464 2923 518 2987 καὶ
539 2923 606 2988 των
627 2921 779 3008 ῥητόρων
801 2918 885 3005 πρὸς
900 2917 978 2997 τους
993 2924 1146 2984 δυνατω·

196 3018 332 3102 τάτους,
355 3018 414 3096 οὓς
433 3017 499 3086 άπὸ
520 3027 587 3087 τῶν
610 3019 779 3106 ἡμετέρων
799 3016 911 3094 αὑτοῖς
932 3010 1026 3084 οὗτοι
1041 3040 1146 3098 παρε-

198 3119 405 3185 σκευάσαντο
421 3120 642 3203 συνηγόρους,
658 3117 843 3203 ἀναγκαῖον
858 3114 913 3183 διὰ
927 3121 1145 3201 μακροτέρων

199 3222 345 3301 δηλῶσαι
359 3218 435 3300 περὶ
451 3214 571 3282 αὐτῶν.

162 3335 179 3384 4
282 3315 354 3402 (γ’.)
377 3313 532 3384 Χαλεπὸν
546 3318 608 3399 μὲν
623 3306 687 3381 οὖν
702 3316 807 3400 μηδὲν
825 3312 1083 3392 καταδεέστερον
1099 3315 1146 3377 ελ-

200 3428 275 3480 πεῑν
289 3404 338 3480 ὦν
349 3415 586 3497 πεπόνθαμεν·
611 3426 705 3490 ποῖος
719 3410 784 3498 γάρ
799 3406 843 3477 ἄν
859 3410 958 3497 λόγος
972 3412 1145 3491 ἐξισωθείη

198 3528 266 3591 ταῖς
291 3510 466 3599 ἡμετέραις
498 3516 722 3599 δυσπραξίαις,
744 3506 764 3597 ἡ
793 3518 839 3588 τίς
864 3506 907 3577 άν
934 3510 1043 3595 ῥήτωρ
1071 3512 1139 3575 λκα-

196 3611 254 3692 υδς
286 3616 416 3697 γένοιτο
449 3621 673 3700 κατηγορῆσαι
704 3620 772 3681 των
808 3619 966 3698 Θηβαίοις
998 3608 1140 3698 ἡμαρτη-
