2859 4334
306 398 348 461 54
570 404 751 462 ΙΣΟΚΡΑ
763 406 819 461 '1¹0
829 406 889 462 ΥΣ
905 409 967 475 (1²)

248 581 292 638 [σε
305 559 365 630 τόν
371 562 496 649 χρόνον
509 562 788 649 ἐπιβουλεύοντας
800 559 889 647 ἡμῖν.
901 564 1062 632 τοῦτονδ’
1072 575 1188 650 εἴρηκα
1196 566 1254 633 τὸν

307 660 410 745 λόγον
425 658 488 727 οὐκ
502 656 603 737 αύτδς
617 658 729 741 εὑρῶν
740 657 816 728 ἀλλ’
828 662 864 727 έκ
875 667 943 727 τῶν
954 666 1092 743 ἐκείνοις
1105 691 1254 750 πεπραγ-

307 761 418 843 μένων
436 761 726 844 συλλογισάμενος.
766 760 849 841 (RK.)
866 758 1028 846 Ὁρῶντες
1043 763 1107 849 γάρ
1122 765 1180 843 τὰς
1193 770 1258 850 μὲν

307 860 407 935 ἄλλας
426 859 537 936 πόλεις
553 861 590 925 έν
604 867 739 937 πολλοῖς
760 875 872 937 κακοῖς
892 863 946 929 καῖ
960 866 1115 949 πολέμοις
1129 868 1181 931 καὶ
1197 893 1259 931 τα-

307 971 421 1043 ραχαῖς
432 957 545 1044 οὔσας,
563 955 625 1044 τήν
642 956 673 1023 δ’
690 956 803 1024 αὑτῶν
818 960 929 1045 μόνην
944 970 1052 1041 καλῶς
1063 966 1283 1049 διοικουμέ-ι

308 1084 381 1142 νην,
399 1055 459 1143 οὐχ
469 1056 635 1144 ἡγήσαντο
646 1061 717 1124 δεῖν
727 1054 806 1135 τούς
816 1056 956 1143 ἄμεινον
966 1068 1034 1127 τῶν
1046 1059 1157 1129 ἄλλων
1167 1089 1256 1148 φρο-

308 1164 449 1233 νοῦντας
470 1158 523 1223 καὶ
538 1157 743 1241 πράττοντας
757 1153 902 1243 άμελεῖν,
925 1156 1004 1225 οὐδὲ
1020 1170 1180 1246 περιορᾶν
1195 1160 1256 1241 τὰς

306 1263 364 1341 τῆς
377 1253 479 1340 αὐτῆς
498 1262 692 1340 συγγενείας
706 1256 906 1342 μετεχούσας
922 1255 1252 1352 άπολλνμένας,άλλά

306 1357 466 1421 σκεπτέον
484 1351 566 1420 εἶναι
582 1357 636 1421 καί
651 1356 832 1440 πρακτέον,
851 1352 942 1434 ὅπως
957 1355 1086 1437 ἁπάσας
1101 1358 1253 1427 άπαλλά-

243 1476 288 1531 165
306 1459 398 1535 ξουσι
415 1460 483 1520 τῶν
504 1461 616 1520 κακῶν
637 1461 704 1520 τῶν
719 1454 906 1537 παρόντων.
941 1463 1042 1523 ταῦτα
1065 1460 1100 1525 δὲ
1116 1463 1254 1544 διανοη-

306 1558 422 1630 θέντες
435 1553 570 1637 τῶνμὲν
582 1545 681 1639 ἦττον
693 1561 868 1619 νοσοοσῶν
879 1563 1068 1643 πρεσβείαις
1077 1560 1131 1625 καὶ
1143 1557 1256 1643 λόγοις

307 1656 449 1738 ἐξαιρεῖν
464 1654 642 1736 ἐπειρῶντο
659 1650 716 1730 τάς
735 1651 913 1736 διαφοράς,
939 1660 984 1732 είς
1001 1654 1035 1723 δὲ
1054 1652 1111 1733 τάς
1126 1664 1256 1741 μᾶλλον

306 1750 543 1831 στασιαζούσας
559 1752 740 1836 ἐξέπεμπον
755 1760 822 1817 τῶν
837 1759 983 1819 πολιτῶν
996 1751 1074 1831 τούς
1095 1762 1282 1840 μεγίστηνδ

308 1847 387 1933 παρ’
401 1847 512 1927 αὐτοῖς
527 1850 629 1929 δόξαν
650 1856 793 1935 ἔχοντας,
813 1858 846 1917 οδ
858 1858 936 1936 περί
947 1878 981 1919 τε
992 1860 1059 1920 τῶν
1074 1855 1255 1937 παρόντων

307 1951 511 2035 πραγμάτων
526 1946 639 2026 αὐταῖς
652 1950 911 2036 συνεβούλευον,
930 1953 984 2019 καί
995 1955 1254 2038 συγγιγνόμενοι

969 2056 1026 2136 ζην
1038 2078 1091 2118 και
1109 2079 1176 2131 τοις
1187 2079 1254 2138 χει-

307 2175 368 2232 ρον
382 2147 559 2233 γεγονόσιν
575 2138 623 2213 ῶν
638 2150 673 2213 οί
685 2148 784 2232 νόμοι
800 2146 1074 2233 προστάττουσιν,
1096 2151 1191 2232 οἵπερ
1210 2147 1253 2227 ῶς

306 2251 358 2317 ἐπὶ
369 2245 405 2315 τὸ
418 2242 505 2313 πολύ
517 2252 733 2330 λυμαίνονται
744 2242 802 2323 τὰς
813 2245 935 2329 πόλεις,
948 2250 1086 2312 ἔπειθον
1097 2245 1177 2332 μεθ’
1190 2245 1255 2313 αὑ-

305 2358 373 2417 τῶν
387 2344 627 2430 στρατεύεσθαι
642 2347 696 2412 καὶ
711 2353 787 2430 βίον
801 2351 906 2430 ζητεῖν
920 2353 1038 2431 βελτίω
1052 2355 1112 2415 τοῦ
1124 2349 1252 2431 παρόν-

242 2474 288 2528 ισῡ
305 2477 369 2527 τος.
392 2453 526 2517 πολλῶν
546 2445 582 2512 δέ
600 2449 810 2531 γιγνομένων
825 2452 893 2511 τῶν
912 2453 1015 2512 ταῦτα
1037 2450 1254 2534 βουλομένων

307 2551 361 2619 καὶ
383 2549 605 2631 πειθομένων,
630 2543 835 2628 στρατόπεδα
851 2545 1065 2622 συνιστάντες
1080 2548 1112 2625 ἐξ
1127 2544 1251 2632 αὐτῶν,
1265 2576 1281 2614 ε

306 2648 385 2726 τούς
408 2672 443 2713 τε
467 2642 525 2723 τάς
547 2646 671 2731 νήσους
692 2646 887 2729 κατέχοντας
907 2651 975 2711 τῶν
997 2646 1177 2732 βαρβάρων
1198 2650 1254 2714 καλ

307 2744 384 2825 τούς
400 2743 454 2831 ἐφ’
473 2747 627 2826 ἑκατέρας
641 2751 698 2829 τῆς
721 2742 860 2829 ἠπείρου
878 2740 939 2829 τήν
960 2751 1125 2828 παραλίαν
1141 2772 1254 2811 κατοι-

307 2852 449 2922 κοῦντας
474 2842 794 2927 καταστρεφόμενοι,
817 2842 871 2909 καλ
896 2842 1022 2920 πάντας
1047 2844 1253 2929 ἐκβαλόντες,

307 2942 385 3023 τούς
392 2944 531 3030 μάλιστα
539 2950 615 3029 βίον
627 2938 1049 3028 δεομένονςτῶνἘλλήνων
1061 2942 1252 3029 κατρίκιζον.

307 3046 361 3111 καὶ
377 3050 481 3109 ταῦτα
492 3041 691 3123 πράττοντες
702 3042 756 3107 καὶ
771 3053 837 3117 τοῖς
853 3038 965 3117 ἄλλοις
975 3038 1255 3119 ὑποδεικνύοντες
1270 3064 1319 3118 268

307 3144 487 3224 διετέλουν,
510 3143 570 3219 ἕως
590 3140 739 3226 ἥκουσαν
757 3138 967 3224 Σπαρτιάτας
988 3138 1045 3217 τὰς
1067 3141 1181 3220 πόλεις
1195 3139 1255 3219 τὰς

307 3247 343 3309 ἐν
355 3241 602 3328 Πελοποννήσῳ
617 3242 845 3323 κατοικούσας,
859 3238 969 3322 ῶσπερ
988 3238 1093 3326 εἷπον,
1111 3240 1173 3327 ὑφ’
1189 3238 1255 3309 αὑ-
1358 3268 1359 3271 ’

306 3356 374 3421 τοῖς
387 3343 643 3426 πεποιημένους·
660 3337 740 3424 μετά
757 3338 906 3405 δὲταῦτα
919 3352 986 3416 τοῖς
997 3342 1092 3417 ἰδίοις
1104 3336 1252 3425 ήναγκά-

308 3446 401 3521 ζοντο
417 3441 591 3521 προσέχειν
601 3434 661 3503 τόν
676 3443 770 3503 νοῶν.

244 3560 290 3616 [67
392 3538 483 3623 (ξή.)
509 3543 550 3603 Τί
563 3529 628 3601 ούν
641 3539 706 3604 ἐστὶ
717 3533 753 3603 τδ
773 3533 982 3622 συμβεβηκός
997 3533 1131 3622 άγαθδν
1145 3539 1181 3603 ἐκ
1192 3545 1257 3605 τοι)

307 3638 454 3719 πολέμου
471 3640 531 3705 τοῦ
543 3636 619 3719 περὶ
628 3633 687 3715 τὰς
696 3630 850 3713 άποικίας
864 3635 920 3702 καὶ
934 3636 993 3720 τῆς
1013 3643 1257 3719 πραγματείαςι
