2859 4334
303 386 346 448 ιε
580 388 901 449 ιεοεεκνονε
918 389 984 469 (12)

303 555 381 627 τούς
400 546 439 617 τά
462 548 521 634 μὲν
547 574 614 615 τον
635 546 747 616 ἀλλων
771 548 919 636 κτήματα
940 557 998 638 τῆς
1020 550 1149 629 πόλεως
1173 550 1290 623 είναιο

303 647 511 734 φάσκοντας,
536 643 575 714 τά
592 646 628 714 δὲ
644 648 766 734 ταύτης
783 651 852 716 ι’δια
874 652 1027 717 κλέπτειν
1044 654 1095 719 καλ
1116 649 1255 735 διαρπά·

303 752 370 828 ζειν
391 753 596 831 τολμῶντας,
622 748 676 813 καὶ
693 755 805 832 φιλεῖν
819 748 881 832 μὲν
896 746 956 815 τὸν
970 754 1077 835 δῆμον
1092 771 1258 831 προσποι-

301 847 484 931 ουμένους,
506 841 572 911 ὑπό
591 845 627 911 δέ
642 851 710 911 τῶν
728 843 840 913 ἀλλων
856 844 1016 915 ἁπάντων
1032 845 1137 915 αὐτόν
1152 863 1257 934 μισεῖν

237 963 285 1017 142
302 955 383 1013 σθαι
408 950 603 1028 ποιοῦντας,
632 946 686 1012 καὶ
711 943 800 1034 λόγῳ
825 946 887 1029 μὲν
912 946 1061 1024 δεδιότας
1083 944 1168 1032 ὑπὲρ
1191 953 1259 1013 τῶν

296 1042 475 1130 Ἑλλήνων,
493 1048 579 1132 ἔργω
595 1042 631 1109 δὲ
646 1047 912 1129 λυμαινομένους
929 1046 983 1111 καὶ
1000 1051 1259 1131 συκοφαντούν·

300 1171 358 1222 τας
370 1144 424 1211 καὶ
439 1144 648 1219 διατιθέντας
662 1138 785 1219 αύτούς
797 1139 885 1207 οὕτω
899 1139 983 1227 πρός
997 1140 1083 1230 ἡμᾶς
1096 1142 1179 1211 ὥστε
1189 1151 1258 1211 των

301 1245 432 1311 πόλεων
452 1239 510 1319 τάς
531 1248 577 1320 είς
596 1238 657 1308 τόν
672 1241 821 1325 πόλεμον
836 1243 1083 1327 καθισταμένας
1098 1240 1196 1327 ήδιον
1213 1238 1258 1309 ἀν

301 1342 356 1409 καὶ
375 1348 502 1407 θᾶττον
521 1341 611 1417 ένίας
633 1340 842 1419 εἰσδέξασθαι
858 1337 936 1418 τούς
956 1348 1218 1427 πολιορκοῦντας
1236 1338 1256 1428 ή

302 1438 363 1525 τήν
378 1435 458 1523 παρ’
470 1435 567 1524 ἡμῶν
583 1438 758 1524 βοήθειαν.
782 1434 917 1505 ἀπείποι
932 1435 963 1505 δ’
977 1438 1020 1506 ἀν
1035 1467 1084 1518 τις
1101 1439 1286 1526 γράφων,σ

301 1546 331 1607 εί
340 1539 448 1615 πιέσας
459 1534 517 1615 τάς
528 1545 730 1624 κακοηθείας
741 1539 796 1605 καὶ
806 1545 969 1623 πονηρίας
980 1542 1174 1625 ἐξαριθμεῖν
1184 1542 1258 1606 ίπι-

234 1652 281 1707 143
298 1636 490 1725 χειρήσειεν.
529 1637 619 1723 (νζ.)
646 1633 701 1714 ιἈς
728 1639 849 1704 ἐκείνοι
876 1638 1074 1725 μισήσαντες
1098 1641 1153 1706 καὶ
1178 1637 1258 1717 τούς

299 1744 433 1824 ἔχοντας
449 1734 552 1813 αύτάς
568 1738 745 1803 ἐποιοῦντο
763 1737 978 1823 συμβούλους
997 1740 1052 1805 καὶ
1068 1739 1257 1823 προστάτας

299 1834 341 1904 ού
355 1833 433 1915 τοὺς
446 1835 606 1921 τυχόντας
620 1832 703 1901 ἀλλά
718 1833 796 1913 τούς
811 1842 999 1923 βελτίστους
1014 1839 1068 1905 καί
1079 1862 1253 1922 φρονιμω-

299 1936 417 2014 τάτους
427 1939 482 2003 καὶ
493 1936 651 2002 κόλλιστα
661 1935 873 2021 βεβιωκότας,
890 1935 944 2001 καὶ
954 1930 1032 2013 τούς
1044 1932 1168 2014 αύτούς
1178 1934 1254 2003 τού-

298 2063 376 2114 τους
398 2031 603 2121 στρατηγούς
618 2031 762 2122 ήρούντο
781 2036 834 2102 καὶ
850 2039 1020 2121 πρέσβεις,
1047 2040 1080 2101 εί
1092 2059 1160 2102 που
1175 2037 1255 2123 δεή-
1357 2092 1358 2136 η

298 2158 397 2222 σειεν,
415 2142 573 2221 ἔπεμπον,
591 2136 645 2202 καὶ
661 2135 768 2213 πόσας
782 2133 840 2213 τάς
855 2131 1031 2220 ἡγεμονίας
1045 2132 1103 2211 τάς
1117 2142 1175 2220 τῆς
1189 2135 1254 2203 πό-

298 2244 380 2313 λεως
405 2231 517 2314 αάτοις
542 2238 783 2319 παρεδίδοσαν,
811 2239 998 2319 νομίζοντες
1018 2232 1097 2311 τούς
1118 2236 1170 2302 ἐπὶ
1192 2242 1254 2303 τοῦ

296 2331 442 2420 βήματος
465 2337 692 2422 βουλομένους
719 2334 773 2400 καὶ
800 2335 1008 2424 δυναμένους
1033 2329 1073 2400 τά
1098 2336 1281 2421 βέλτιστος
1356 2374 1357 2379 1

297 2433 559 2520 συμβουλεύειν,
576 2430 716 2510 τούτους
733 2434 787 2500 καὶ
806 2429 887 2500 καθ’
906 2429 1029 2511 αύτούς
1048 2436 1254 2519 γενομένους

297 2535 334 2599 ἐν
358 2530 461 2600 ἅπασι
486 2546 553 2609 τοῖς
576 2532 689 2610 τόποις
714 2534 768 2599 καὶ
791 2536 865 2619 περὶ
888 2530 1018 2611 ἁπάσας
1038 2530 1096 2611 τάς
1118 2533 1254 2615 πράξεις

295 2626 359 2717 τήν
375 2628 481 2715 αύτήν
502 2630 641 2716 γνοίμην
664 2632 769 2710 ἕξειν·
797 2631 882 2717 ἀπερ
904 2629 1015 2711 αὐτοῖς
1040 2635 1251 2721 συνέβαινεν.

231 2739 277 2794 144
295 2727 388 2814 (νή.)
409 2724 477 2797 Διά
494 2724 558 2813 γάρ
575 2726 612 2794 τό
630 2736 734 2796 ταῦτα
755 2730 956 2817 γιγνόσκειν
971 2732 1009 2797 έν
1025 2728 1153 2817 ὀλίγαις
1169 2729 1253 2819 ἡμέ-

297 2855 369 2914 ραις
390 2827 504 2913 έύρων
524 2827 603 2905 τούς
623 2852 658 2894 τε
680 2829 808 2914 νόμους
831 2827 1163 2915 ἀναγεγραμμένους,
1189 2828 1253 2916 οὐχ
1354 2840 1355 2922 ή

215 2922 218 2927 ’
296 2926 431 3014 ὁμοίους
451 2939 519 3004 τοῖς
541 2933 605 2993 νῦν
625 2930 806 3013 κειμένοις,
830 2925 909 2996 οὐδὲ
929 2929 1092 3016 τοσαύτης
1109 2936 1252 3015 ταραχῆς

296 3029 350 3095 καλ
372 3025 544 3094 τοσούτων
564 3026 794 3094 έναντιιόσεων
813 3024 954 3111 μεστούς
973 3025 1056 3095 ὥστε
1071 3026 1188 3115 μηδέν’
1206 3025 1251 3095 ἀν
1353 3086 1354 3097 ,

295 3131 487 3212 δυνηθῆναι
509 3128 659 3192 συνιδελν
679 3126 761 3212 μήτε
781 3125 859 3205 τούς
878 3134 1059 3214 χρησίμους
1075 3127 1156 3215 μήτε
1170 3126 1278 3208 τούςε
1353 3102 1354 3184 δ

294 3222 480 3309 ἀχρήστους
495 3220 618 3307 αύτεόν,
633 3220 718 3290 ἀλλά
732 3231 865 3310 πρῶτον
876 3226 938 3310 μὲν
949 3221 1098 3313 ὀλίγους,
1113 3226 1254 3307 ίκανούς

294 3320 331 3389 δὲ
341 3335 409 3399 τοῖς
421 3329 565 3408 χρῆσθαι
578 3325 738 3409 μέλλουσι
749 3325 803 3391 καί
814 3326 952 3412 ῥᾳδίους
975 3328 1140 3399 συνιδεῖν,
1160 3330 1252 3393 ἔπει-

294 3448 334 3489 τα
351 3424 501 3499 δικαίους
516 3420 571 3488 καὶ
585 3421 821 3507 συμφέροντας
837 3422 890 3488 καὶ
906 3430 1023 3508 σφίσιν
1039 3418 1150 3501 αὐτοις
1168 3420 1250 3509 ὁμο-
1351 3478 1352 3507 ,

294 3521 538 3605 λογουμένους,
555 3521 611 3587 καί
627 3524 757 3604 μᾶλλον
773 3521 1065 3607 έσπουδασμένους
1079 3518 1158 3600 τούς
1175 3526 1248 3604 περὶ

294 3624 361 3685 τῶν
388 3626 513 3684 κοινων
538 3618 810 3705 ἐπιτηδευμάτων
830 3615 852 3706 ἢ
871 3618 950 3698 τούς
971 3622 1046 3705 περὶ
1067 3628 1135 3687 των
1156 3626 1252 3689 ίδίων
1271 3638 1314 3692 ’163
