2859 4334
279 417 321 477 54
572 417 755 476 ῙΣΟΚΡΑ
764 417 821 475 ΤΟ
830 419 892 476 ΤΣ
906 421 951 489 (λ)

284 584 453 664 Τρωικῶν,
470 581 601 645 έκελθεν
614 570 679 660 γάρ
693 576 824 641 δίκαιον
837 573 896 653 τὰς
909 583 1034 656 πίστεις
1047 577 1233 664 λαμβάνειν
1244 602 1266 644 e

278 672 359 752 τούς
380 672 465 756 ὑπὲρ
485 679 555 740 τῶν
574 678 724 757 πατρίων
738 667 1050 759 ἀμφισβητοῦντας,
1076 666 1188 760 ήλθον
1201 675 1239 740 οἵ

278 771 316 840 θ’
331 770 533 857 Ἡρακλέους
554 773 667 846 παῖδες
687 771 743 836 καὶ
757 765 880 854 μικρὸν
894 769 958 855 πρὸ
975 768 1236 856 τούτων”Αδρα-

232 887 265 940 55
281 891 357 947 στος
373 867 391 937 ὁ
410 876 560 954 Ταλαοῦ,
586 863 745 953 βασιλεύς
764 864 982 953 ύνἎργους,
1008 859 1107 947 οὗτος
1121 868 1184 954 μέν
1197 871 1236 938 ἐκ

278 975 337 1053 τῆς
352 972 523 1052 στρατείας
536 971 594 1051 τῆς
608 966 660 1032 ἐπὶ
674 963 788 1050 Θήβας
801 962 1070 1050 δεδυστυχηκάς,
1086 969 1142 1034 καὶ
1155 963 1235 1045 τούς
1250 986 1291 1040 52

279 1061 346 1131 ἀπὸ
368 1071 408 1153 τῇ
425 1067 576 1152 Καδμείᾳ
595 1059 854 1148 τελευτήσαντας
875 1060 976 1140 αὐτὸς
992 1064 1053 1149 μέν
1069 1061 1111 1131 ού
1127 1065 1234 1133 δυνό-

279 1187 380 1249 μενος
394 1159 589 1245 ἀνελέσθαι,
616 1157 679 1245 τήν
699 1159 736 1225 δέ
756 1158 855 1227 πόλιν
875 1156 979 1239 ἀξιῶν
999 1167 1141 1248 βοηθεῖν
1162 1177 1235 1241 ταῖς

280 1274 409 1340 κοιναῖς
422 1259 537 1344 τύχαις
550 1261 605 1327 καλ
619 1255 664 1344 μή
680 1265 842 1343 περιορᾶν
858 1255 936 1336 τούς
950 1261 988 1325 έν
997 1273 1067 1338 τοῖς
1077 1264 1235 1347 πολέμοις

279 1357 559 1446 ἀποθνήσκοντας
573 1354 726 1442 ἀτάφους
746 1360 966 1442 γιγνομένους
985 1361 1069 1445 μηδέ
1089 1357 1234 1428 παλαιὸν

232 1478 266 1534 ⁶6
280 1465 360 1537 ἔθος
380 1459 435 1525 καί
454 1457 596 1540 πάτριον
616 1454 724 1541 νόμον
744 1457 1012 1542 καταλυόμενον,
1037 1462 1070 1527 οί
1088 1455 1235 1544 δ”Ηρα-

280 1562 399 1637 κλέους
412 1561 527 1635 παῖδες
539 1555 723 1642 φεύγοντες
736 1552 798 1641 τήν
808 1553 1015 1643 Εὐρυσθέως
1026 1561 1162 1643 ἔχθραν,
1179 1561 1236 1626 καί

279 1655 339 1735 τὰς
352 1656 415 1742 μέν
431 1654 533 1733 ἀλλοις
552 1652 667 1732 πόλεις
680 1649 913 1738 ὑπερορῶντες
929 1651 974 1733 ἀς
989 1652 1051 1722 οάκ
1068 1650 1112 1722 ἀν
1128 1658 1235 1722 δννα-

279 1758 383 1840 μένας
396 1758 564 1838 βοηθῆσαι
582 1764 652 1828 ταῖς
666 1749 779 1818 αὑτων
796 1767 1002 1839 συμφοραῖς,
1027 1751 1088 1839 τὴν
1105 1751 1137 1821 δ’
1153 1751 1270 1841 ἡμε-Ιι

279 1855 379 1936 τέραν
389 1849 511 1936 ίκανήν
522 1856 711 1936 νομίζοντες
723 1847 807 1917 εἶναι
818 1851 928 1937 μόνην
938 1849 1126 1921 ἀποδοῦναι
1135 1853 1235 1939 χάριν

278 1947 365 2034 ὑπὲρ
381 1941 430 2016 ἀν
443 1946 462 2015 ὁ
477 1946 585 2036 πατήρ
600 1944 713 2016 αύτοῐν
723 1946 873 2027 ἅπαντας
882 1946 1089 2035 ἀνθρώπους
1100 1949 1235 2037 εὐεργέ-

231 2063 264 2116 57
279 2068 387 2133 τησεν.
420 2049 457 2115 έκ
478 2045 519 2133 δή
541 2045 672 2114 τούτων
693 2046 814 2134 ῥᾴδιον
830 2051 994 2134 κατιδεῖν,
1018 2046 1070 2118 ὅτι
1086 2055 1140 2117 καὶ
1158 2050 1231 2118 κατ’

279 2142 490 2214 ἐκεῖνοντὸν
510 2143 669 2232 χρόνονὴ
690 2146 787 2224 πόλις
807 2142 902 2232 ἡμῶν
924 2143 1131 2235 ήγεμονικις
1152 2148 1232 2237 εἶχε·

273 2250 325 2322 τίς
350 2242 417 2328 γὰρ
444 2241 488 2308 ἀν
515 2244 676 2310 ἱκετεύειν
698 2245 895 2329 τολμήσειεν
917 2247 939 2331 ἣ
963 2249 1045 2325 τούς
1070 2249 1193 2334 ἥττους
1215 2251 1236 2336 ή

272 2344 354 2424 τούς
367 2341 430 2430 ἀφ’
447 2343 569 2426 ἑτέροις
583 2339 695 2429 ὄντας,
709 2342 908 2429 παραλιπών
921 2343 1003 2425 τούς
1015 2353 1113 2434 μείζω
1126 2347 1236 2418 δύνα·

273 2471 331 2532 μιν
341 2451 489 2530 ἔχοντας,
503 2442 614 2524 ἀλλως
626 2470 662 2512 τε
675 2445 733 2511 καὶ
751 2445 828 2531 περὶ
837 2445 1045 2533 πραγμάτων
1057 2446 1123 2518 ούκ
1137 2453 1237 2519 ίδίων
1255 2483 1270 2518 ο

276 2545 360 2617 ἀλλὰ
382 2551 507 2614 κοινῶν
527 2549 582 2614 καί
601 2548 676 2632 περὶ
699 2538 749 2613 ἀν
771 2543 911 2624 οὐδένας
932 2544 1055 2626 ἀλλους
1079 2540 1231 2634 είκόςήν

276 2649 519 2732 ἐπιμεληθῆναι
543 2642 633 2731 πλήν
655 2640 736 2722 τούς
757 2643 960 2726 προεστάναι
980 2652 1047 2710 τῶν
1062 2642 1230 2732 Ἑλλήνων

227 2764 262 2819 σε
276 2742 461 2824 ἀξιοῦντας.
495 2738 597 2810 ἔπειτ’
622 2737 702 2807 ούδέ
727 2742 939 2820 ψευσθέντες
958 2748 1137 2826 φαίνονται
1161 2750 1231 2811 τῶν

276 2846 430 2926 ἐλπίδων,
447 2837 492 2907 δι’
510 2838 550 2918 ἀς
564 2839 757 2923 κατέφυγον
771 2841 824 2907 ἐπὶ
833 2835 914 2917 τούς
922 2839 1114 2926 προγόνους
1123 2838 1228 2928 ἡμων.

275 2938 473 3023 ἀνελόμενοι
489 2936 555 3025 γὰρ
576 2937 725 3024 πόλεμον
743 2934 829 3022 ὑπέρ
845 2940 908 3022 μὲν
924 2944 993 3004 τάν
1009 2939 1230 3025 τελευτησάν-

275 3062 344 3105 των
360 3033 445 3121 τιρδς
459 3044 644 3123 Θηβαίους,
668 3032 754 3120 ὑπέρ
768 3036 805 3102 δέ
821 3042 890 3101 τῶν
903 3040 1033 3103 παίδων
1048 3043 1117 3105 τῶν
1127 3035 1230 3122 Ἡρα-

275 3138 393 3213 κλέους
407 3132 491 3218 πρὸς
504 3131 568 3220 τήν
581 3131 789 3219 Εὐρυσθέως
804 3133 967 3219 δύναμιν,
990 3131 1069 3215 τούς
1081 3135 1145 3222 μέν
1159 3138 1231 3204 ἐπι-

276 3232 537 3319 στρατεύσαντες
550 3229 748 3318 ήνάγκασαν
760 3229 948 3298 ἀποδοῦναι
959 3230 1069 3312 θάφαι
1081 3230 1161 3313 τούς
1174 3259 1231 3302 νε-
1246 3252 1264 3308 d

274 3331 378 3416 κρούς
390 3346 460 3411 τοῖς
474 3333 700 3417 προσήκουσι,
714 3338 1000 3416 Πελοποννησίων
1014 3334 1051 3398 δὲ
1064 3330 1144 3412 τούς
1157 3332 1228 3420 μετ’

274 3430 481 3511 Εὐρυσθέως
502 3436 549 3508 εἰς
569 3429 632 3515 τήν
651 3430 764 3515 χώραν
784 3429 880 3516 ήμῶν
901 3430 1115 3517 είσβαλόντας
1136 3435 1228 3512 ἐπεξ-

274 3529 432 3606 ελθόντες
455 3532 614 3613 ἐνίκησαν
637 3529 820 3613 μαχόμενοι
841 3525 999 3596 κάκείνου
1020 3536 1078 3616 τῆς
1100 3530 1228 3616 ὕβρεως

224 3643 258 3695 ⁶9
274 3633 433 3694 ἔπαυσαν.
455 3627 707 3711 θαυμαζόμενοι
722 3626 759 3693 δέ
772 3629 827 3695 καλ
843 3623 898 3694 διά
910 3622 969 3704 τάς
979 3625 1081 3705 ἀλλας
1091 3628 1227 3710 πράξεις
