2859 4334
540 409 812 469 marom
1094 406 1156 473 217

194 566 358 659 ραννικδς
372 570 409 637 δέ
423 575 469 657 τῷ
481 576 562 637 πᾶσι
577 565 708 647 τούτοις
719 570 902 689 διαφέρειν.
925 573 981 641 καλ
991 567 1093 641 ταῦθ’
1105 568 1158 641 ὅτι

195 674 329 756 προσῆν
345 663 523 756 Εὐαγόρᾳ,
546 668 601 734 καί
616 671 720 734 πλείω
739 667 888 753 τούτων,
910 671 944 750 ἐξ
960 665 1074 738 αὐτόν
1088 676 1158 739 τόν

64 804 65 819 ι
197 774 309 854 ἔργων
320 765 443 887 βάδιον
457 774 676 851 καταμαθεῖν.

145 880 174 934 ελ
284 864 329 952 (τί
300 858 591 951 )Παραλαβων
601 888 667 949 γαρ
677 887 741 949 την
751 862 851 932 πολιν
862 865 1157 954 ίαβεβαρβαρυμί-

197 988 266 1049 νην
280 963 335 1029 καλ
356 958 469 1029 διά
432 987 496 1049 την
512 956 716 1029 Φοινίκων’
697 957 804 1047 αρχήν
819 959 897 1030 οὔτε
911 960 991 1043 τούς
997 962 1186 1050 Ἓλληναςι

197 1056 530 1147 προσδεχομένην”
487 1080 565 1127 ουτε
585 1060 700 1145 τέχνας
716 1059 1003 1147 έπισταμένην’
959 1086 1020 1130 ουτ
1022 1058 1158 1150 ’έμπο-

197 1163 262 1250 ρίφ
275 1158 452 1245 χρωμένην
461 1155 540 1225 οὔτε
556 1157 674 1242 λιμένα
684 1160 892 1244 κεκτημένην
905 1158 1010 1227 ταῦτα’
1024 1184 1060 1228 τε
1069 1160 1158 1228 πάν·

196 1285 239 1327 τα
251 1256 424 1341 διάρθωσε
433 1257 488 1324 καὶ
496 1252 581 1343 πρὸς
590 1254 722 1334 τούτοις
729 1256 784 1323 καλ
792 1256 906 1342 χάραν
914 1254 1043 1344 πολλὴν
1051 1279 1158 1343 προσ-

198 1356 359 1442 εκτήσατο
368 1356 423 1424 καλ
431 1359 519 1440 τείχη
527 1353 829 1440 προσπεριεβάλετο
840 1356 895 1422 καλ
904 1354 1049 1441 τριήρεις
1057 1357 1159 1423 έναυε

198 1455 372 1542 πηγήσατο
389 1455 445 1523 καλ
461 1468 532 1532 ταῖς
548 1451 665 1532 άλλαις
678 1466 897 1533 κατασκευαῖς
914 1451 1021 1533 οὕτως
1035 1452 1158 1542 ηὔξησε

198 1553 264 1642 τὴν
277 1554 378 1623 πόλιν
399 1551 483 1622 ὥστε
504 1558 666 1640 μηδεμιᾶς
686 1559 754 1621 τῶν
767 1549 971 1639 Ἑλληνίδων
987 1549 1160 1622 άπολελεῖ-

199 1664 302 1743 φθαι,
314 1654 369 1722 καί
379 1652 527 1739 δύναμιν
537 1652 705 1739 τοσαύτην
714 1653 909 1739 ἐνεποίησεν
920 1651 1004 1721 οἷστε
1014 1649 1160 1731 πολλούς

143 1776 180 1829 τε
199 1762 384 1843 φοβεῖσθαι
394 1759 462 1821 τόν
470 1752 636 1839 πρότερον
646 1751 955 1838 καταφρονούντων
962 1748 1073 1839 αὐτῆς.
1086 1755 1187 1821 καί-δ

198 1881 254 1925 τοι
272 1853 471 1939 τηλικαύτας
491 1853 656 1931 ἐπιδόσεις
680 1849 740 1931 τὰς
758 1852 872 1931 πόλεις
893 1852 1079 1941 λαμβάνειν
1099 1848 1160 1939 ούχ

198 1948 277 2022 οἶόν
293 1947 323 2019 τ’
342 1953 449 2037 ἐστὶν,
470 1946 514 2038 ἢν
528 1951 574 2038 μή
589 1976 639 2030 τις
652 1945 758 2029 αύτάς
774 1952 885 2039 διοικῇ
898 1948 1063 2030 τοιούτοις
1077 1950 1160 2038 ἤθε-

198 2070 258 2119 σιν
276 2050 359 2128 οἵοις
368 2045 545 2135 Εύαγόρας
558 2048 621 2134 μλυ
632 2046 735 2134 εἶχεν,
751 2046 816 2134 ἐγὼ
831 2045 863 2115 δ’
880 2045 981 2139 ὀλίγην
995 2046 1161 2134 πρότερον

200 2149 389 2236 ἐπειράθην
401 2152 558 2217 διελθεῖν.
583 2143 662 2215 ὥστ’
676 2144 719 2214 ού
730 2151 881 2232 δέδοικα,
896 2144 941 2235 μή
954 2154 1052 2233 φανῶ
1062 2153 1161 2235 μείζω

199 2251 311 2334 λέγων
323 2271 391 2315 τιν
401 2248 517 2336 έκείνφ
527 2244 727 2332 προσόντων
737 2243 821 2314 άλλά
832 2243 877 2335 μὴ
889 2244 978 2316 πολύ
988 2255 1064 2317 λίαν
1075 2244 1163 2316 άπο-

146 2366 183 2421 ιθ
200 2354 336 2434 λειφθῶ
350 2352 418 2415 τῶν
436 2347 680 2433 πεπραγμένων
694 2343 795 2433 αύτῷ.
819 2351 867 2425 τίς
878 2343 942 2433 γάρ
954 2341 1000 2413 άν
1013 2348 1161 2432 έφίκοιτο

201 2444 359 2531 τὀιαύτης
370 2442 522 2530 φύσεως,
537 2441 574 2523 ὃς
588 2441 631 2513 ού
641 2444 750 2531 μόνον
763 2441 825 2531 τὴν
837 2441 943 2512 αὑτοῦ
956 2446 1058 2512 πόλιν
1069 2452 1163 2512 πλεί-

203 2572 282 2626 ονος
296 2542 394 2626 άξίαυ
408 2547 563 2633 ἐποίησεν
577 2543 661 2615 άλλά
675 2550 731 2631 καὶ
744 2544 805 2614 τὸν
819 2545 923 2613 τόπον
937 2542 1018 2613 ὅλον
1032 2543 1092 2614 τὸν
1103 2571 1161 2613 πε-

203 2648 355 2732 ριέχοντα
366 2639 429 2729 τὴν
440 2649 545 2730 νῆσον
556 2644 609 2711 έπλ
618 2642 788 2728 πραότητα
800 2644 854 2710 καλ
868 2642 1065 2730 μετριότητα
1076 2668 1162 2727 προ-
1172 2671 1191 2709 ε

204 2745 349 2833 η’γαγενς
370 2745 450 2829 πρὶν
464 2743 528 2829 μέν
538 2768 576 2827 γε
586 2750 702 2830 λαβεῖν
714 2738 895 2827 Εὐαγόραν
909 2739 971 2828 τὴν
985 2739 1091 2829 άρχήυ
1101 2738 1164 2808 ού-

204 2870 269 2923 τως
287 2840 515 2929 άπροσοίστως
535 2843 590 2909 καλ
613 2846 763 2927 χαλεπῶς
784 2838 889 2926 εἶχον,
915 2839 999 2907 ὥστε
1019 2841 1075 2908 καλ
1096 2847 1164 2907 των

204 2939 379 3029 ἀρχόντων
393 2939 535 3019 τούτους
549 2938 703 3025 ἐνόμιζον
719 2936 804 3007 εἶναι
818 2945 1027 3027 βελτίστους,
1043 2943 1164 3017 οἵτινες

203 3039 357 3130 άμύτατα
372 3035 457 3126 πρός
470 3035 549 3117 τούς
555 3035 718 3125 Ἕλληνας
731 3042 935 3124 διακείμενοι
948 3039 1163 3124 τυγχάνοιεν·

146 3158 186 3210 w
205 3146 272 3207 νῦν
292 3138 330 3206 δὲ
353 3142 515 3205 τοσοῦτον
535 3134 831 3222 μεταπεπτάκασιν
852 3131 940 3203 οἶσθ’
958 3134 1164 3222 ἁμιλλᾶσθαι
1183 3149 1234 3208 m

202 3240 283 3327 μλν,
299 3239 420 3313 οἵτινες
434 3230 548 3302 αύτκν
559 3235 695 3315 δόξουσι
707 3238 902 3321 φιλέλληνες
913 3232 998 3303 εἶναι
1012 3242 1164 3320 μάλιστα,

201 3342 478 3407 παιδοποιεῖσθαι
504 3334 540 3402 δέ
564 3331 644 3413 τούς
670 3340 846 3418 πλείστοις
870 3331 981 3401 αὐτῶν
1003 3347 1165 3420 γυναῖκας

201 3435 439 3525 λαμβάνοντας
453 3428 533 3520 παρ’
546 3429 660 3520 ἡμῶν,
675 3438 804 3519 χαίρειν
818 3428 855 3500 δέ
871 3434 926 3499 καλ
940 3446 1008 3510 τοῖς
1023 3430 1165 3519 κτήμασι

201 3541 344 3617 παλτοῖς
361 3534 597 3624 ἐπιτηδεύμασι
612 3548 681 3614 τοῖς
695 3532 900 3622 Ἑλληνικοῖς
914 3540 1043 3619 μᾶλλον
1058 3529 1080 3621 ἢ
1097 3547 1165 3614 τοῖς

200 3634 297 3719 παρά
309 3640 426 3719 σφίσιν
437 3631 566 3719 αὐτοῖς,
581 3636 717 3714 πλείους
729 3636 765 3702 δέ
775 3634 831 3701 καὶ
841 3639 909 3700 τόν
919 3635 996 3718 περὶ
1005 3629 1068 3719 τὴν
1078 3657 1158 3719 μου·
