2859 4334
317 340 378 405 1³8
591 346 995 426 120KPAT01‘205)
1150 350 1154 355 ·
1345 144 1352 405 ἀ

315 500 523 593 ἀπεσχόμην,
539 504 652 575 δεινὰν
667 504 891 593 ἡγησάμενος,
906 512 937 575 εἰ
949 507 1140 592 δυνάμενος
1154 510 1191 576 ἐκ
1204 516 1275 575 τῶν

315 607 410 672 ἰδίων
430 605 567 689 τρέφειν
591 601 736 689 ἐμαυτόν
756 604 911 689 ἐμποδύν
931 631 976 696 τρι
997 605 1182 692 γενήσομαι
1203 614 1275 673 τῶν

315 706 474 771 ἐντεῦθεν
489 709 547 789 ζῆν
561 700 950 791 ήναγκασμίνωνΙλαβεῖν
960 702 997 773 τὸ
1010 706 1194 790 διδόμενον
1204 704 1273 773 ὑπὸ

315 808 372 888 τῆς
393 800 547 894 πόλεωςή,
560 805 614 871 καὶ
635 799 689 870 διά
710 800 772 888 τήν
792 801 875 891 ἐμήν
887 812 1075 885 παρουσίαν
1089 807 1207 893 ἐνδεής
1223 833 1275 884 τις

314 899 488 985 γενήσεται
508 908 577 967 τόν
591 898 790 985 ἀναγκαίων.
826 899 910 985 ὑπὲρ
929 894 977 969 ὦν
990 907 1132 971 ἐπαίνου
1145 906 1273 991 τυγχά-

253 1015 301 1069 153
314 1025 387 1065 νειν
408 996 498 1078 ἀξιος
513 992 556 1085 ήν
570 1006 700 1085 μᾶλλον
714 994 736 1086 ή
752 1005 916 1088 διαβολῆς.
952 1010 1017 1069 νῦν
1032 1000 1062 1071 δ’
1080 1009 1126 1082 εἰς
1140 1003 1274 1089 πολλήν

316 1096 459 1180 ἀπορίαν
484 1098 690 1183 καθέστηκα,
712 1104 746 1165 τί
765 1103 856 1179 δρων
879 1098 994 1180 ἀρέσαι
1017 1106 1207 1187 δυνηθείην
1228 1098 1275 1168 ἀν

315 1209 382 1273 τοῖς
396 1195 567 1273 τοιούτοις.
598 1201 628 1262 εἰ
640 1192 704 1281 γάρ
720 1194 851 1264 ἅπαντα
866 1195 926 1265 τόν
939 1200 1063 1284 χρόνον
1079 1206 1181 1285 ἔργον
1196 1225 1274 1267 ποι-

314 1294 473 1379 ούμενος,
494 1292 584 1373 ὅπως
603 1296 730 1380 μηδένα
753 1292 829 1381 μήτ’
846 1293 993 1382 ἀδικήσω
1007 1295 1082 1384 μήτ’
1102 1300 1273 1385 ἐνοχλήσω

314 1394 395 1480 μήτε
416 1392 571 1478 λυπήσω,
594 1389 640 1460 δι’
656 1390 742 1461 αύτά
760 1400 863 1472 ταῦτα
878 1402 974 1463 λυπῶ
988 1395 1098 1480 τινάς,
1113 1403 1148 1463 τί
1162 1405 1273 1465 ποιων

315 1490 358 1561 ἀν
374 1498 581 1578 χαριζοίμηνς
602 1487 623 1578 ή
638 1499 673 1561 τί
684 1492 805 1560 λοιπόν
820 1496 887 1560 ε’στι
900 1491 988 1580 πλήν
1005 1494 1060 1580 ἐμὲ
1074 1497 1138 1579 μὲν
1153 1492 1271 1583 ἀτυχῆ,
1285 1508 1317 1561 83

314 1589 393 1671 τούς
414 1593 450 1659 δὲ
470 1593 644 1669 τοιούτους
666 1588 810 1676 ἀμαθεῖς
831 1597 943 1662 δοκεῖν
965 1591 1049 1661 εἰναι
1073 1595 1127 1662 καί
1144 1597 1272 1663 δυσκό-

314 1700 393 1770 λονς
409 1704 477 1770 τοῖς
491 1695 844 1778 σνμπολιτευομίνοιςς

251 1812 300 1865 154
399 1789 560 1877 (κς’.*θ’.)
582 1788 673 1875 Πρός
690 1790 752 1874 μὲν
768 1783 833 1855 ούν
847 1787 926 1868 τούς
940 1792 1045 1875 μηδὲν
1065 1798 1133 1858 των
1155 1790 1272 1857 αὐτῶν

312 1904 380 1969 τοίς
399 1887 512 1966 ἀλλοις
531 1887 779 1973 γιγνώσκοντας
799 1884 882 1955 ἀλλά
902 1890 1152 1973 χαλεπωτέρους
1169 1888 1272 1967 ὄντας

313 2002 381 2067 τοῖς
401 1985 445 2074 μή
467 1992 576 2063 κακῶς
602 1982 848 2071 πρόττουσινή
875 2001 943 2065 τοῖς
970 1984 1125 2054 ἀδικοῦσι
1151 1989 1272 2073 μωρόν
1350 1995 1351 2074 λ

313 2090 403 2157 ε’στιν
418 2082 601 2169 ἀπολογίαν
617 2088 738 2168 ζητεῖν·
763 2080 830 2173 ὅσω
847 2081 912 2168 γάρ
935 2081 978 2149 ἀν
1000 2111 1048 2162 τις
1069 2087 1271 2153 ἐπιεικέστε-
1350 2105 1351 2108 ’

314 2213 376 2271 ρον
393 2183 498 2254 αὑτὸν
515 2186 674 2270 ἐπιδείξῃ,
697 2185 801 2267 δῆλον
816 2180 865 2247 ὅτι
880 2183 1029 2274 τοσούτω
1044 2197 1158 2268 χεῖρον
1177 2181 1270 2269 ἀγω-

314 2301 430 2356 νιεῖται
445 2278 526 2368 παρ’
548 2279 675 2359 αὐτοῖς·
701 2277 785 2366 πρὸς
805 2280 841 2347 δὲ
862 2279 940 2359 τούς
960 2280 1098 2367 ἀλλους,
1120 2286 1197 2367 περὶ
1220 2276 1271 2351 ὧν

315 2394 502 2471 Λυσίμαχος
523 2382 691 2467 διέβαλεν,
716 2378 760 2457 ὡς
782 2387 965 2467 παμπληθῆ
991 2382 1179 2468 κεκτήμεθα
1205 2382 1270 2470 τήν

315 2484 450 2569 ούσιάν,
473 2480 657 2568 ἀναγκαῖόν
677 2483 767 2546 ἐστιν
791 2486 912 2563 εἰπεῖν,
933 2482 989 2545 ἵνα
1011 2479 1055 2566 μή
1077 2485 1270 2560 πιστευθεὶς

313 2584 330 2653 ὁ
347 2586 445 2671 λόγος
461 2588 505 2660 εἰς
518 2587 648 2667 μείζους
659 2583 714 2646 καί
733 2586 866 2657 πλείους
882 2577 966 2665 ἡμᾶς
977 2580 1103 2665 έμβάλη
1120 2586 1269 2665 λητουρ-

250 2704 296 2754 155
311 2692 384 2770 γίας
405 2674 453 2751 όν
476 2678 673 2765 ὑπενεγκεῖν
695 2674 740 2745 ἀν
761 2682 973 2764 δυνηθεῖμεν.
1009 2678 1094 2759 ὅλως
1113 2680 1175 2764 μὲν
1200 2674 1269 2747 ούν

313 2782 421 2861 οὐδεὶς
436 2779 651 2866 εὑρεθήσεται
666 2786 735 2846 των
749 2779 965 2864 καλουμένων·
977 2784 1146 2863 σοφιστῶν
1156 2777 1267 2847 πολλὰ

312 2885 460 2969 χρήματα
476 2880 733 2963 συλλεξάμενος,
754 2874 828 2945 ἀλλ’
845 2882 878 2945 οἰ
890 2878 952 2963 μὲν
967 2880 1003 2943 ἐν
1018 2873 1156 2961 ὀλίγοις,
1182 2881 1216 2945 οί
1229 2875 1265 2945 δ’

312 2984 348 3049 έν
364 2981 457 3048 πόνυ
471 2985 615 3066 μετρίοις
629 2976 689 3045 τόν
703 2984 779 3065 βίον
796 2977 1024 3063 διαγαγόντες·
1044 2974 1063 3043 ὁ
1078 2976 1113 3045 δὲ
1128 2985 1267 3045 πλεῖστα

312 3079 516 3163 κτησόμενος
528 3068 577 3144 ὦν
587 3073 679 3162 ἡμεῖς
691 3078 957 3161 μνημονεύομεν,
973 3082 1115 3160 Γοργίας
1126 3073 1144 3141 ὁ
1158 3086 1267 3142 Λεον-

316 3190 421 3261 τῖνος,
434 3162 531 3252 οὗτος
540 3169 783 3261 διατρίψαςμέν
790 3170 865 3260 περὶ
873 3177 1070 3260 Θετταλίαν,
1080 3164 1259 3240 ότέύδαι-

317 3277 511 3365 μονέστατοι
528 3279 597 3343 τῶν
608 3273 775 3361 Ἑλλήνων
789 3264 887 3360 ἦσαν,
904 3280 1061 3342 πλεῖστον
1079 3271 1117 3342 δὲ
1133 3271 1260 3357 χρόνον

317 3377 373 3447 καί
381 3374 538 3466 βιούςκαί
546 3376 622 3463 περὶ
631 3374 924 3464 τδνχρηματισμὸν
938 3373 1260 3461 τοῦτονγενόμενος,
1288 3412 1291 3416 -

261 3496 308 3545 ισο
317 3478 416 3549 πόλιν
429 3476 461 3547 δ’
476 3476 638 3566 ούδεμίαν
652 3484 867 3563 καταπαγίως
881 3474 1018 3561 οἰκήσας
1031 3472 1112 3543 ούδδ
1125 3475 1259 3560 περὶτὰ

317 3578 412 3649 κοινά
431 3578 638 3669 δαπανηθεὶς
656 3575 733 3648 ούδ’
754 3578 918 3667 εἰσφορὰν
932 3585 1135 3663 εἰσενεγκεῖν
1149 3571 1258 3662 ἀναγ-
1348 3629 1349 3636 1
