2859 4334
270 420 334 485 εει
557 423 882 483 mmmm
902 424 951 501 (ο)

272 603 382 685 έργοις
393 599 451 667 καλ
463 599 508 686 τῇ
514 594 634 685 γνύμη
648 596 966 684 φιλοτιμουμένους·
980 594 1082 667 έπειθ’
1091 595 1142 666 δτι
1153 595 1253 677 τούς

269 697 334 786 μέν
356 696 485 778 τύπους
509 691 698 783 ἀναγκαῖον
722 695 813 786 παρά
836 697 969 777 τούτοις
998 695 1085 767 εἶναι
1105 697 1252 786 μόνοις,

272 797 347 887 παρ’
354 790 404 879 οἷς
412 794 455 867 ἀν
461 796 758 885 σταθδσι,τούςδέ
765 796 889 884 λόγους
897 796 1151 887 ε’ξενεχθηναίθ
1158 792 1251 869 οἷόν

271 899 303 969 τ’
320 900 413 968 ἐστὶν
426 904 476 980 είς
488 898 552 987 τὴν
561 897 703 969 Ἐλλάδα
716 898 775 967 καὶ
788 899 1009 981 διαδοθέντος
1023 903 1147 980 ἐντοῖς
1164 904 1249 968 ταῖν

272 989 311 1070 εύ
319 998 542 1089 φρονούντων
548 1004 733 1089 διατριβαῖς
748 996 957 1089 ἀγαπᾶσθαι,
970 998 1050 1086 παρ’
1059 994 1111 1083 οἷς
1121 1014 1246 1088 κρεῖτ-

223 1114 255 1165 ῖο
273 1100 334 1171 τόν
348 1104 439 1170 ἐστιν
451 1098 473 1189 ἢ
483 1100 573 1190 παρὰ
586 1114 657 1181 τοῖς
669 1096 783 1182 ἄλλοις
796 1097 1135 1190 ἀπασινεύδοκιμεῖν·
1149 1103 1247 1190 πρὸς

273 1201 312 1272 δέ
324 1200 455 1282 τούτοις
469 1201 520 1271 ὅτι
531 1200 672 1290 τοῖςμέν
680 1202 925 1290 πεπλασμένας
938 1202 996 1270 καὶ
1008 1218 1079 1284 τοῖς
1085 1229 1243 1291 γεγραμ-
1267 1234 1285 1266 e

272 1303 384 1391 μένοις
401 1300 516 1384 ούδελς
533 1298 578 1373 ἀν
596 1300 659 1391 τήν
677 1306 739 1374 τοῦ
759 1302 912 1391 σώματος
925 1302 1033 1391 φύσιν
1051 1302 1244 1392 ὁμοιύσειε,

273 1404 353 1485 τούς
362 1400 810 1494 δέτρόπουςτούςάλλήλων
819 1405 877 1475 καὶ
890 1403 950 1486 τὰς
958 1409 1110 1486 διανοίας
1122 1402 1181 1485 τάς
1196 1406 1244 1475 ἐν

273 1520 344 1586 τοῖς
353 1506 543 1593 λεγομένοις
557 1503 829 1597 ε’νούσαςρᾴδιόν
843 1509 912 1575 ἐστι
918 1516 1094 1594 μιμεῖσθαι
1104 1519 1176 1587 τοῖς
1187 1504 1243 1595 μὴ

274 1609 444 1698 ρμθυμεῖν
461 1607 676 1696 αἱρουμένοις
693 1604 779 1676 ἀλλά
793 1620 950 1694 χρηστοῖς
968 1605 1056 1676 εἶναι
1068 1608 1242 1697 βουλομέ-

224 1720 256 1771 ῖῖ
273 1733 355 1789 νοις.
378 1699 540 1796 (λα’.)ἰΩιν
554 1711 651 1777 ἕνεκα
665 1707 866 1796 καὶμᾶλλον
880 1709 1079 1797 ἐπεχείρησα
1091 1706 1241 1796 γράφειν

273 1806 456 1893 τὸνλόγον
478 1813 598 1878 τοῦτον
605 1861 616 1897 ,
638 1807 827 1897 ἡγούμενος
849 1808 907 1876 καὶ
925 1809 978 1878 σολ
1000 1809 1058 1877 καὶ
1073 1824 1147 1890 τοῖς
1162 1823 1241 1891 σοῖς

274 1909 370 1978 παισὶ
382 1909 440 1977 καὶ
452 1924 524 1989 τοῖς
531 1907 721 1991 ἀλλοιςτοῖς
728 1907 973 1998 ἀπἘύαγόρου
982 1906 1237 1997 γεγονόσιπολύ
1259 1927 1275 1973 d

274 2015 456 2098 καλλίστην
479 2006 523 2077 ἀν
545 2012 705 2098 γενέσθαι
727 2009 854 2099 ταύτην
877 2008 1106 2101 παράκλησιν,
1133 2021 1168 2082 τί
1187 2038 1240 2093 τις

274 2110 439 2199 ἀθροίσας
451 2110 512 2192 τὰς
525 2109 645 2200 ἀρετὰς
657 2110 716 2193 τὰς
731 2114 863 2182 ἐκείνου
877 2113 935 2181 καὶ
948 2114 995 2204 τῷ
1006 2112 1097 2204 λόγῳ
1108 2112 1240 2201 κοσμή-

275 2234 336 2294 σας
350 2217 518 2301 παραδοίη
524 2222 668 2301 θεωρεῖν
674 2210 761 2300 ύμῖν
773 2212 829 2281 καὶ
842 2216 1092 2300 συνδιατρίβειν
1104 2212 1238 2295 αύταῖς.

224 2328 256 2378 ῖῖ
273 2316 353 2395 τούς
366 2312 430 2402 μέν
442 2314 506 2402 γὰρ
520 2311 644 2394 ἄλλους
651 2315 884 2401 προτρέπομεν
894 2316 950 2383 ἐπὶ
961 2314 1023 2402 την
1030 2321 1240 2403 φιλοσοφίαν

276 2416 411 2505 ἐτέρους
426 2419 653 2501 ἐπαινοῦντες,
671 2418 729 2483 ἵνα
742 2421 918 2502 ζηλοῦντες
930 2417 1012 2496 τούς
1029 2413 1240 2503 εύλογουμέ-

273 2544 357 2597 νους
370 2522 439 2585 τῶν
448 2515 562 2585 αὐτῶν
572 2518 712 2595 ἐκείνοις
727 2516 999 2605 ἐπιτηδευμάτων
1015 2520 1239 2604 ἐπιθυμῶσιν,

276 2618 389 2704 έγύδέ
403 2617 439 2687 σέ
453 2617 511 2687 καὶ
522 2617 604 2697 τούς
618 2614 701 2696 σούς
714 2614 778 2685 ούκ
791 2615 981 2707 ἀλλοτρίοις
990 2622 1240 2705 παραδείγμασι

275 2718 444 2806 χρώμενος
462 2716 537 2786 ἀλλ’
557 2725 691 2798 οἰκείοις
708 2722 910 2807 παρακαλῶ,
937 2720 995 2788 καὶ
1013 2719 1238 2807 συμβουλεύοι
1258 2751 1273 2782 e

276 2819 450 2907 προσέχειν
457 2817 518 2887 τὸν
530 2821 630 2908 νοῦν,
643 2817 734 2899 ὅπως
747 2820 806 2887 καὶ
814 2821 923 2905 λέγειν
936 2819 1159 2908 καλπράττειν
1169 2849 1237 2909 μη·

224 2932 258 2983 ’18
276 2919 374 3001 δενός
385 2912 489 3008 ἧττον
499 2918 638 3007 δυνήσει
650 2919 900 3007 τῶνἙλλήνων.
925 2919 1018 3012 (λβῖ)
1034 2923 1102 2990 Καὶ
1115 2920 1161 3009 μὴ
1173 2922 1234 2990 νό·

275 3024 346 3110 μιζέ
356 3048 396 3109 με
406 3018 703 3108 καταγιγνώσκειν,
716 3017 763 3100 ὥς
776 3024 844 3089 νύν
857 3020 1001 3110 ἀμελεῖς,
1015 3021 1066 3091 ὅτι
1077 3021 1237 3103 πολλάκις

277 3143 328 3192 σοι
346 3120 578 3210 διακελεύομαι
596 3122 674 3208 περὶ
692 3126 764 3191 τῶν
780 3121 905 3191 αύτιλν.
936 3122 978 3192 ού
997 3121 1065 3212 γάρ
1082 3121 1158 3193 οὔτ’
1178 3123 1237 3212 ε’μέ

276 3225 420 3311 λέληθας
439 3221 517 3292 οὔτε
533 3222 613 3304 τούς
626 3221 763 3310 ἀλλους,
779 3219 830 3291 ὅτι
842 3228 899 3292 καὶ
913 3229 1045 3312 πρῶτος
1059 3227 1116 3293 καλ
1133 3223 1236 3313 μόνος
1256 3242 1309 3291 207

275 3331 344 3395 τῶν
359 3329 581 3414 έντυραννίδι
592 3324 649 3393 καὶ
657 3323 794 3416 πλούτῳ
801 3326 1013 3414 καλτρυφαῖς
1020 3323 1131 3395 ὄντων
1137 3335 1236 3413 φιλο·

276 3442 396 3515 σοφεῖν
419 3429 476 3494 καὶ
500 3441 618 3495 πονεῖν
637 3427 899 3513 ἐπικεχείρηκας,
924 3422 1001 3495 οὐδ’
1020 3425 1071 3497 ὅτι
1088 3428 1237 3508 πολλούς

275 3534 345 3597 τῶν
359 3527 523 3614 βασιλέων
540 3526 686 3613 ποιήσεις
703 3527 914 3614 ζηλώσαντας
930 3525 994 3615 τὴν
1012 3526 1076 3616 σὴν
1093 3534 1238 3598 παίδευ-

277 3649 330 3698 σιν
342 3625 474 3696 τούτοιν
486 3632 555 3695 τῶν
568 3631 750 3717 διατριβῶν
764 3630 957 3715 ἐπιθυμεῖν,
973 3622 1163 3716 ἀφεμένους
1177 3627 1236 3717 ἐφ’

227 3743 258 3792 ιο
277 3724 327 3808 οἷς
344 3733 412 3798 νῦν
430 3734 508 3795 λίαν
525 3736 709 3813 χαίρουσιν.
737 3725 813 3797 ἀλλ’
829 3724 919 3816 ὅμως
938 3731 1004 3812 ἐγά
1022 3729 1119 3798 ταῦτ’
1136 3731 1237 3810 εἰδὼς
