2859 4334
280 412 342 475 144
568 414 951 494 ιεοαεκνονερ)

278 600 332 643 ται
346 572 564 661 γιγνόμενον,
589 570 669 651 τούς
690 573 727 640 δὲ
746 572 870 652 τόπους
889 570 1040 656 ἅπαντας
1053 572 1133 653 τούς
1153 576 1246 662 πρὸς

277 666 339 743 τὸν
359 674 508 758 πόλεμον
529 672 765 758 συμφέροντας
787 677 948 758 πατρίδας
973 673 1059 743 εἶναι
1083 681 1246 762 νομίζονς

228 790 261 847 77
277 769 342 860 ἐγὼ
357 771 420 858 μὲν
439 768 504 857 γάρ
520 768 610 857 οἶμαι
631 776 699 838 τῶν
713 768 826 857 λόγων
839 772 948 858 μόνον
965 774 1141 862 ρηδέντων
1154 773 1245 841 τού-

276 896 344 938 των
358 872 413 938 καί
428 870 680 955 διασπαρέντων
702 874 749 948 είς
767 866 848 949 τούς
862 869 1025 958 Ἕλληνας
1047 878 1092 951 είς
1106 868 1242 958 πολλὴν

275 965 423 1056 ταραχὴυ
444 966 712 1055 καταστήσεσθαι
732 966 812 1047 τούς
834 966 977 1055 ἐχθρούς
995 966 1109 1057 ἡμῶν,
1136 974 1184 1038 ἔτι
1200 971 1241 1037 δὲ

276 1074 421 1154 μᾶλλον,
442 1062 487 1153 ἡν
503 1067 560 1134 καὶ
571 1066 665 1146 τέλος
681 1068 850 1136 ίπιθεδναι
863 1066 995 1147 τούτοις
1010 1065 1242 1155 ἀναγκασθῶ-

276 1192 348 1253 μεν.
377 1172 453 1235 τίνα
466 1163 532 1253 γάρ
547 1171 719 1254 οἰηθῶμεν
732 1163 857 1247 αύτούς
871 1166 1011 1254 γνύμην
1027 1169 1131 1253 ἕξειν,
1152 1166 1239 1235 ὅταν

277 1265 372 1336 αὐτοὶ
387 1269 450 1354 μὲν
463 1273 574 1346 κακῶς
590 1267 779 1354 πάσχωσιν,
795 1265 883 1355 ἡμᾶς
896 1266 934 1336 δὲ
943 1269 1049 1354 μηδὲν
1064 1269 1237 1337 δύνωνται
1254 1280 1277 1332 b

227 1378 262 1437 78
276 1379 403 1449 ποιείνς
424 1368 480 1434 καὶ
496 1363 554 1445 τάς
570 1368 632 1452 μὲν
646 1363 761 1434 αύτιδν
773 1368 888 1445 πόλεις
902 1370 1020 1436 ἴδωσιν
1035 1372 1082 1447 είς
1095 1377 1237 1454 πολιορ-

274 1471 351 1533 κίαν
361 1470 623 1549 καθεστηκυίας,
644 1460 707 1551 τὴν
723 1461 755 1530 δ’
771 1460 937 1551 ἡμετέραν
950 1462 1042 1533 οὕτω
1058 1469 1237 1535 διεσκευα-

275 1567 403 1652 σμένην
420 1560 504 1630 ύστε
523 1564 640 1648 μηκέτι
659 1568 701 1651 τῇ
722 1569 882 1652 συμφορᾷ
898 1562 1004 1652 ταύτῃ
1024 1577 1236 1650 κεριπεσεῑνς

275 1671 323 1733 ἔτι
338 1663 376 1731 δὲ
389 1659 452 1748 τὴν
465 1668 534 1729 τοῖν
548 1661 712 1748 σωμάτων
723 1660 855 1749 τροφὴν
868 1660 950 1749 ἡμῖν
963 1663 1026 1748 μέν
1037 1666 1157 1753 ραδίαν
1172 1657 1236 1731 ού-

276 1785 341 1833 σαυ
356 1768 393 1831 έκ
409 1788 445 1830 τε
468 1768 536 1830 τῶν
551 1758 776 1848 ὑπαρχόντων
796 1762 853 1830 καὶ
871 1768 940 1829 τῶν
956 1764 993 1830 έκ
1009 1770 1071 1830 τοῦ
1085 1766 1237 1849 πολέμου

273 1864 503 1950 γνγυομένων,
519 1858 632 1940 αὑτοῖς
647 1861 684 1929 δὲ
699 1857 848 1949 χαλεπὴν
862 1858 918 1929 διά
932 1857 970 1928 τδ
985 1859 1031 1947 μὴ
1045 1858 1171 1929 ταύτδν
1185 1860 1236 1929 εί-

273 1988 331 2030 ναι
345 1961 574 2048 στρατόπεδόν
586 1986 622 2028 τε
635 1967 792 2028 τοιοῦτον
802 1963 943 2028 διοικεῖν
956 1961 1013 2026 καὶ
1023 1956 1104 2039 τούς
1114 1958 1236 2047 ὄχλους

226 2075 260 2132 79
273 2057 354 2140 τούς
363 2064 400 2129 έν
411 2076 482 2140 ταῖς
494 2060 612 2129 πόλεσι
622 2063 831 2146 διατρέφειν;
848 2055 868 2125 δ
879 2057 917 2126 δέ
925 2058 1064 2126 πάντων
1074 2055 1236 2143 ἀλγιστον
1247 2088 1267 2127 e

274 2162 430 2243 ίκείνοις,
443 2158 526 2227 ὅταν
537 2156 616 2237 τούς
626 2162 689 2245 μὲν
699 2155 882 2246 ἡμετέρους
891 2164 1036 2237 οἰκείους
1046 2160 1084 2226 ἐν
1095 2166 1237 2236 πολλαῖς

274 2255 446 2345 εὐπορίαις
455 2259 700 2327 πυνθάνωνται
708 2259 971 2343 γεγενημένους,
983 2253 1062 2334 τούς
1074 2253 1106 2322 δ’
1118 2253 1235 2323 αὑτῶν

273 2354 376 2444 ὁρῶσι
400 2355 481 2425 καθ’
499 2357 641 2444 ἑκάστην
656 2354 719 2444 τὴν
732 2354 862 2442 ἡμέραν
876 2362 946 2423 τῶν
965 2352 1159 2442 ἀναγκαίων
1175 2356 1235 2422 έν-

273 2461 357 2535 δεελς
371 2453 487 2542 ὄντας,
504 2458 559 2525 καὶ
573 2453 652 2543 μηδ’
670 2460 889 2541 ἐπικουρῆσαι
902 2454 1071 2522 δύνωνται
1084 2467 1152 2531 τοῖς
1167 2478 1235 2520 κα-

272 2567 342 2632 κοῖς
351 2554 493 2639 τούτοις,
503 2550 576 2622 ἀλλ’
588 2552 803 2639 ἐργαζόμενοι
811 2553 874 2639 μὲν
882 2550 945 2638 τὴν
953 2551 1066 2639 χώραν
1074 2549 1116 2619 τά
1127 2554 1234 2636 σπέρ-

271 2679 359 2738 ματα
369 2653 689 2739 προσαπολλύωσιν,
705 2648 814 2738 ἀργδν
824 2653 861 2721 δὲ
872 2658 1094 2738 περιορῶντες
1103 2652 1233 2738 μηδένα

104 2839 106 2843 Ι
222 2768 258 2824 θο
271 2752 395 2837 χρόνον
410 2748 589 2838 ἀπαρκεῖν
604 2747 712 2819 οἷοίτ’
732 2744 824 2819 ἀσιν.
849 2749 941 2839 (λγ.)
958 2746 1056 2819 Ἀλλά
1070 2748 1135 2837 γάρ
1151 2759 1233 2829 ἴσως

271 2849 514 2936 ἀθροισθέντες
539 2851 595 2919 καὶ
612 2847 731 2919 κοινὸν
757 2850 978 2935 ποιησάμενοι
1003 2848 1263 2934 στρατόπεδονδ

271 2948 613 3035 παρακολουθήσουσι
630 2953 685 3017 καὶ
701 2949 917 3017 κωλύσουσιν
929 2946 1016 3036 ἡμᾶς
1032 2955 1231 3027 κακοῖςποι-

272 3060 322 3117 είυ
333 3042 466 3125 αύτούς.
489 3049 545 3116 καί
555 3053 589 3115 τί
597 3043 641 3115 ἀν
652 3044 835 3134 εὐξαίμεθα
845 3042 1133 3135 μᾶλλονὴλαβεῑν
1142 3056 1230 3134 πλη-

271 3143 445 3226 σιάζοντας
464 3146 519 3213 καὶ
535 3151 850 3234 παρατεταγμένους
869 3149 925 3216 καὶ
946 3148 1022 3232 περὶ
1045 3144 1105 3226 τάς
1124 3144 1230 3225 αύτάς

271 3251 456 3329 δυσχωρίας
485 3242 567 3331 ἡμίν
594 3243 996 3333 ἀντιστρατοπεδεύοντας
1021 3244 1229 3330 ἀνθρώπους

269 3341 432 3421 ἀτάκτους
441 3347 497 3411 καὶ
505 3343 649 3431 μιγάδας
658 3348 714 3415 καὶ
724 3353 860 3423 πολλοῖς
868 3341 1007 3431 ἀρχονσι
1017 3345 1228 3431 χρωμένονςς

270 3440 370 3511 οὐδὲν
383 3439 449 3528 γάρ
461 3438 505 3510 ἀν
515 3452 640 3532 πολλῆς
653 3449 878 3531 πραγματείας
888 3443 1055 3530 δεήσειεν,
1069 3438 1154 3511 ἀλλά
1164 3468 1226 3511 τα·
1237 3472 1256 3511 ε

268 3541 349 3628 χέως
360 3535 405 3607 ἀν
415 3537 539 3621 αύτούς
550 3544 835 3631 ίξαυαγκάσαιμεν
844 3545 959 3621 έντοίς
967 3538 1139 3628 ἡμετέροις
1148 3566 1227 3610 και-

270 3649 339 3723 ροίς
353 3633 438 3706 ἀλλά
452 3637 497 3726 μὴ
512 3653 581 3719 τοῖς
593 3639 707 3710 αὑτοῖν
720 3642 928 3728 ποιήσασθαι
940 3638 1020 3719 τοάς
1031 3642 1223 3721 κινδύνους.
