2859 4334
576 149 674 157 -..,—.
703 151 780 153 —W
804 151 808 153 ,

521 387 818 445 ΕΠΙΣΤΟΛΑΙ.
1074 381 1134 446 267

182 558 253 627 λοις
263 552 317 615 καὶ
329 547 551 634 μετασχόντας
561 552 618 631 της
629 543 731 632 αὐτῆς
743 546 876 630 φύσεως
888 555 1050 630 περιορᾶν
1061 565 1132 625 παρ’

142 665 162 714 5
182 650 306 732 ἑτέροις
320 652 566 731 μετοικοῦντας.
598 644 761 729 θαυμάζω
776 642 808 710 δ’
826 643 901 712 ὅσαι
921 653 990 712 τῶν
1005 647 1137 714 πόλεων

182 746 345 834 μειζόνων
367 749 505 827 δωρεῶν
517 741 649 822 άξιοῦσι
662 742 742 822 τοῦς
767 747 804 812 έν
821 758 889 822 τοῖς
902 760 1076 830 γυμνικοῖς
1096 744 1136 811 ά-

182 853 266 932 γῦσι
285 849 536 928 κατορθοῦντας
559 839 722 928 μᾶλλονῆ
743 839 824 921 τοῦς
844 852 884 931 τῇ
903 844 1065 929 φρονήσει
1083 847 1137 910 καὶ

180 953 222 1033 τῇ
234 950 415 1032 φιλοπονίᾳ
430 969 462 1009 τι
481 950 550 1010 των
569 948 740 1027 χρησίμων
762 940 992 1026 εὑρίσκοντας,
1020 945 1074 1010 καὶ
1089 940 1161 1027 μηι

181 1049 391 1127 συνορῶσιν,
408 1039 459 1108 ὅτι
473 1042 666 1127 πεφύκασιν
678 1045 714 1105 αι’
723 1043 785 1124 μὲν
797 1042 871 1122 περὶ
882 1038 943 1124 τὴν
955 1040 1071 1124 ῥύμην
1079 1042 1137 1107 καὶ

181 1141 217 1210 τό
234 1142 331 1228 τάχος
346 1141 505 1226 δυνάμεις
519 1139 816 1225 συναποθνῄσκειν
837 1154 904 1218 τοῖς
919 1139 1088 1225 στόμασιν,
1103 1144 1139 1206 αί

180 1240 214 1309 δ’
227 1246 401 1325 ἐπιστῆμαι
417 1243 620 1324 παραμένειν
633 1237 764 1306 ἅπαντα
775 1237 835 1306 τόν
846 1239 968 1323 χρόνον
985 1237 1137 1324 ὠφελοῦ·

137 1364 157 1418 6
180 1363 238 1409 σαι
253 1336 331 1418 τούς
350 1341 542 1425 χρωμένους
562 1336 685 1415 αὑταῖς.
720 1331 768 1405 οὑν
786 1343 1062 1425 ἐνθυμουμένους
1075 1337 1134 1423 χρὴ

179 1435 262 1519 τούς
277 1444 362 1506 νοῦν
375 1442 510 1523 ἔχοντας
529 1439 603 1522 περὶ
620 1444 778 1506 πλείστου
795 1442 857 1524 μέν
873 1449 1040 1506 ποιεῖσθαι
1057 1435 1135 1514 τούς

177 1546 289 1617 καλῶς
304 1541 357 1606 καὶ
373 1543 507 1616 δικαίως
523 1544 580 1624 τῆς
597 1535 710 1604 αὑτῶν
724 1538 851 1616 πόλεως
868 1541 1132 1620 ἐπιστατοῦντας,

177 1643 358 1719 δευτέρους
376 1640 411 1705 δὲ
431 1634 510 1715 τοὺς
527 1635 626 1723 τιμὴν
638 1639 691 1704 καί
709 1640 811 1717 δόξαν
827 1635 910 1727 αὑτῇ
927 1635 1033 1724 καλὴν
1048 1659 1133 1722 συμ-

177 1744 343 1827 βαλέσθαι
359 1740 583 1823 δυναμένους·
612 1737 757 1815 άπαντες
776 1736 841 1823 γάρ
858 1737 968 1822 ὥσπερ
985 1743 1165 1822 δείγματιδ

176 1851 249 1916 τοῖς
263 1836 426 1914 τοιούτοις
447 1837 611 1922 χρεόμενοι
633 1838 689 1904 καί
710 1834 789 1915 τοὺς
809 1835 932 1914 ἄλλους
947 1833 1026 1914 τοὺς
1047 1855 1133 1920 συμ-

176 1939 460 2021 πολιτευομένους
473 1933 610 2020 ὁμοίους
629 1932 713 2003 εἷναι
730 1936 860 2014 τούτοις
875 1943 1074 2022 νομίζουσιν.

139 2057 155 2108 7
266 2036 335 2119 (δ.)
349 2035 443 2112 Ἴσως
461 2029 526 2101 οὑν
550 2044 636 2102 είποι
657 2061 706 2113 τις
726 2030 786 2119 οἶν,
808 2035 859 2103 ὅτι
880 2036 1040 2122 προσήκει
1055 2031 1134 2111 τοῦς

178 2132 341 2220 εὑρέσθαι
362 2159 393 2199 τι
414 2135 641 2219 βουλομένους
656 2130 700 2219 μὴ
715 2130 751 2200 τδ
769 2142 904 2218 πρᾶγμα
920 2135 1025 2218 μόνον
1041 2135 1135 2200 έπαι-

184 2243 261 2299 νεῖν
285 2227 368 2296 άλλδ
394 2227 449 2296 καὶ
473 2232 564 2313 σφᾶς
588 2225 716 2307 αὑτούς
740 2228 967 2296 ἐπιδεικνύναι
991 2231 1128 2306 δικαίως

185 2328 231 2400 άν
249 2329 498 2416 τυγχάνοντας,
523 2329 599 2415 περὶ
623 2319 671 2396 ύν
696 2334 872 2398 ποιοῦνται
891 2328 975 2409 τούς
993 2330 1128 2415 λόγους.

185 2431 255 2521 (ε’.)
264 2430 353 2516 ’Έχει
366 2427 400 2499 δ’
420 2428 537 2509 οὑτως.
577 2427 643 2516 έγύ
660 2433 720 2498 τοῦ
739 2427 802 2517 μέν
819 2432 1059 2500 πολιτεύεσθαι·
1072 2433 1128 2498 καὶ

186 2533 380 2622 ῥητορεύειν
394 2531 557 2619 ἀπέστην·
588 2529 742 2620 οὔτεγὰρ
759 2531 878 2620 φωνὴν
896 2539 995 2621 έσχον
1009 2534 1129 2621 ἱκανὴν

187 2634 415 2721 ούτετόλμαν·
434 2631 937 2722 ούμηνπαντάπασινάχρηστος
951 2641 1039 2722 ἔφυν
1051 2632 1126 2705 οὐδ’
1141 2671 1156 2708 ε

188 2735 362 2824 ἀδόκιμος,
379 2733 466 2802 ἀλλὰ
479 2749 550 2814 τοῖς
563 2761 598 2803 τε
613 2735 722 2819 λέγειν
735 2737 980 2824 προῃρημένοις
994 2735 1130 2823 ἀγαθόν

187 2866 220 2908 τι
239 2838 313 2925 περὶ
332 2835 431 2924 ὑμῶν
448 2835 505 2904 καὶ
518 2839 586 2903 τῶν
599 2833 710 2904 ἄλλων
729 2837 912 2925 συμμάχων
931 2846 1076 2927 φανείην
1089 2834 1132 2906 ἂν

183 2938 241 3003 καὶ
257 2936 450 3021 σύμβουλος
473 2937 527 3002 καί
544 2934 796 3029 συναγωνιστὴς
817 2941 1052 3023 γεγενημένος,
1076 2935 1139 3007 αύ-

181 3035 241 3112 τός
256 3059 289 3100 τε
307 3040 440 3112 πλείους
454 3033 578 3119 λόγους
595 3037 816 3121 πεποιημένος
832 3034 917 3122 ὑπὲρ
933 3043 988 3124 τῆς
1001 3039 1139 3105 έλευθε-
1154 3053 1204 3108 426

182 3139 258 3213 ρίας
268 3134 323 3198 καὶ
338 3138 394 3217 τῆς
408 3129 609 3218 αὐτονομίας
624 3141 680 3218 τῆς
692 3143 761 3202 των
769 3132 969 3222 Ἐλλήνωνῆ
983 3137 1138 3221 σύμπαν·

146 3255 163 3307 s
180 3255 237 3308 τες
250 3233 285 3294 οί
299 3227 338 3296 τά
354 3231 780 3317 βήματακατατετριφότες.
812 3231 896 3318 ὑπὲρ
915 3226 963 3303 οὑν
983 3231 1075 3320 ὑμεῖς
1093 3231 1136 3302 ἅν

179 3355 240 3415 μοι
256 3333 390 3408 δικαίως
404 3337 562 3415 πλείστην
577 3337 680 3417 ἔχοιτε
694 3332 808 3417 χάριν·
826 3332 966 3418 μάλιστα
983 3331 1047 3418 γάρ
1063 3336 1134 3401 έπι-

179 3436 373 3513 θυμοῦντες
387 3432 563 3498 διατελεῖτε
578 3438 635 3516 τῆς
649 3432 804 3517 τοιαύτης
817 3430 1054 3509 καταστάσεως.
1084 3429 1131 3499 οἷ-

180 3523 798 3616 μαιδ’άν,είΚόυωνμὲνκαίΤιμόθεος
809 3530 991 3616 ἐτύγχανον
1005 3535 1132 3614 ζῶντες,

180 3626 374 3709 Διόφαντος
396 3625 427 3693 δ’
442 3621 525 3715 ἧκεν
540 3632 576 3696 έκ
593 3637 650 3715 τῆς
661 3626 785 3716 Ἀσίας,
802 3627 931 3714 πολλὴν
951 3625 994 3697 άν
1009 3628 1132 3708 αύτούς
