2859 4334
278 404 340 467 158
565 402 948 475 mmmm)

277 558 357 645 τοδς
370 567 433 652 μέν
449 563 703 640 δυνατωτάτους
719 563 771 629 ἐπὶ
785 560 845 640 τάς
864 561 1000 650 πράξεις
1018 566 1244 651 καθιστάσης,
1261 588 1279 636 ι

278 662 392 735 αὐτῶν
405 668 442 732 δέ
456 662 587 731 τούτων
600 659 661 730 τόν
674 665 785 748 δῆμον
797 662 921 748 κόριον
934 664 1114 751 ποιοάσης;

229 778 265 832 28
363 762 426 851 (τ’).
451 760 496 830 Ta
512 762 574 849 μὲν
588 754 653 829 οὖν
669 762 845 848 σύνταγμα
858 770 918 848 τῆς
936 768 1102 842 πολιτείας
1121 772 1244 831 τοιοῦ-

278 888 339 930 τον
357 855 402 948 ἦν
422 858 551 939 αὐτοῖς·
573 859 694 949 ῥᾴδιον
708 854 741 925 δ’
758 860 795 927 έκ
815 859 946 926 τούτων
960 871 1170 947 καταμαθεῖν
1190 858 1244 940 ὥς

279 964 334 1029 καί
354 956 395 1027 τά
416 955 500 1027 κατά
520 957 583 1045 τήν
603 954 733 1044 ἡμέραν
754 956 898 1043 ἑκάστην
924 957 1038 1045 ὀρθῶς
1063 963 1122 1027 καί
1138 965 1224 1045 νομί

278 1086 349 1147 μως
370 1059 570 1145 πράττοντες
592 1060 790 1125 διετέλεσαν.
823 1052 954 1142 άνάγκη
978 1054 1044 1143 γάρ
1066 1070 1136 1136 τοῖς
1160 1062 1243 1142 περὶ

280 1157 372 1227 ὅλων
381 1164 451 1226 τῶν
461 1156 667 1245 πραγμάτων
679 1152 784 1234 καλάς
793 1152 853 1233 τάς
863 1152 1044 1235 ὑποθέσεις
1055 1158 1242 1243 πεποιημέ-

280 1286 351 1337 νοις
366 1260 421 1327 καὶ
434 1256 476 1326 τά
491 1261 574 1346 μέρη
589 1255 650 1325 τὸυ
663 1253 910 1343 αὐτὸντρόπον
924 1261 1012 1343 ἔχειν
1028 1260 1174 1337 ἐκείνοις.

231 1370 265 1423 29
364 1356 447 1438 (ια’.)
464 1360 528 1425 Καὶ
538 1363 673 1441 πρῶτον
683 1354 747 1442 μὲν
757 1352 798 1423 τά
809 1356 886 1438 περὶ
896 1350 975 1433 τούς
986 1352 1107 1441 θεοὺς,
1123 1358 1273 1423 ἕπευ-ι

278 1468 345 1526 θεν
358 1454 423 1543 γάρ
438 1454 601 1540 ἄρχεσθαι
616 1460 764 1541 δίκαιον,
785 1450 849 1521 ον’σι
863 1450 1048 1540 ἀνωμάλως
1063 1451 1138 1522 οὐδ’
1154 1452 1240 1523 άτά-

279 1578 365 1636 κτως
376 1553 448 1624 οὔτ’
461 1554 673 1640 ἐθεράπευον
684 1549 758 1621 οὔτ’
773 1549 951 1639 άργίαξον·
973 1549 1048 1621 οὐδ’
1062 1552 1163 1622 ὁπότε
1172 1555 1239 1641 μὲν

280 1656 408 1736 δόξειεν
422 1651 552 1740 αὐτοῖς,
574 1660 787 1738 τριακοσίους
799 1660 883 1741 βοῦς
897 1658 1063 1740 ἔπεμπον,
1084 1649 1185 1721 ὁπότε
1200 1653 1238 1721 δὲ

280 1754 423 1839 τύχοιεν,
438 1751 497 1830 τάς
507 1758 667 1836 πατρίους
678 1761 802 1830 θυσίας
812 1754 997 1832 ἐξέλειπον·
1014 1749 1094 1821 οὐδὲ
1104 1750 1163 1832 τάς
1173 1755 1238 1840 μὲν

280 1855 457 1931 ἐπιθέτους
470 1847 601 1938 ἑορτάς,
624 1847 675 1930 αἷς
693 1854 835 1929 έστίασίς
848 1878 899 1930 τις
913 1859 1068 1939 προσείη,
1090 1860 1238 1939 μεγαλο-

279 1958 413 2036 πρεπῶς
427 1943 530 2037 ήγου,
551 1952 589 2019 έν
604 1952 641 2019 δέ
655 1964 725 2029 τοῖς
740 1946 938 2036 ἁγιωτάτοις
956 1958 1026 2020 τῶν
1045 1956 1147 2039 ἱερῶν
1168 1948 1236 2020 άπδ

231 2068 266 2121 30
279 2049 509 2138 μισθωμάτων
520 2055 643 2119 ἔθυον·
658 2047 734 2120 ἀλλ’
743 2053 852 2119 έκεῖνο
863 2052 971 2138 μόνον
980 2052 1135 2140 ἐτήρουν,
1144 2052 1239 2133 ὅπως

280 2152 386 2237 μηδὲν
402 2149 484 2237 μήτε
498 2158 566 2217 τῶν
586 2156 735 2235 πατρίων
756 2151 983 2219 καταλύσουσι
998 2150 1075 2238 μήτ’
1093 2155 1156 2232 ἔξω
1170 2159 1272 2220 τοῑνδ

281 2249 507 2335 νομιζομένων
522 2250 788 2337 προσθήσουσιν.
817 2247 860 2317 οὐ
875 2248 940 2336 γάρ
954 2252 992 2318 έν
1006 2265 1077 2330 ταῖς
1092 2260 1239 2320 πολυτε-

281 2353 383 2426 λείαις
397 2346 550 2434 έυόμιζου
565 2346 650 2415 εἶναι
664 2346 727 2435 τήν
737 2345 921 2436 εὐσέβειαν,
936 2345 1011 2417 ἀλλ’
1024 2352 1062 2416 έν
1071 2355 1118 2438 τῷ
1129 2350 1239 2435 μηδὲν

281 2462 387 2517 κινεῖν
403 2439 452 2515 όν
465 2446 578 2528 αὐτοῖς
592 2454 626 2518 οί
638 2450 801 2536 πρόγονοι
815 2452 1015 2535 παρέδοσαν.
1039 2451 1094 2519 καί
1104 2448 1168 2536 γάρ
1182 2476 1238 2519 τοι

282 2549 336 2615 καὶ
351 2543 391 2614 τά
408 2545 499 2633 παρά
514 2554 583 2615 τῶν
598 2554 693 2615 θεῶν
708 2543 771 2615 οόκ
785 2547 978 2634 ἐμπλήκτως
992 2544 1071 2617 οὐδὲ
1084 2573 1237 2633 ταραχω-

281 2650 347 2724 δῶς
367 2642 481 2723 αὐτοῖς
498 2649 698 2734 συνέβαινεν
719 2642 793 2714 ἄλλ’
813 2644 976 2732 εὐκαίρως
996 2648 1052 2717 καί
1071 2645 1154 2731 πρὸς
1172 2644 1237 2734 τὴν

282 2748 439 2831 ἐργασίαν
462 2752 519 2832 τής
540 2772 650 2833 χιιρας
672 2749 728 2818 καί
749 2744 833 2834 πρδς
856 2744 918 2835 τήν
940 2743 1148 2834 συγκομιδήν
1167 2752 1237 2815 τοῖν

282 2870 429 2927 καρπον.

231 2957 260 3009 ³1
364 2941 1144 3031 (ιβ’.)Παραπλησίωςδδτοίςείρημένοιςκαλτδ
1152 2940 1238 3029 πρὸς

281 3046 368 3125 σφᾶς
379 3036 503 3119 αὐτοὺς
515 3041 671 3133 διῴκουν.
696 3039 739 3109 οά
748 3038 813 3128 γάρ
824 3040 934 3128 μόνον
944 3046 1098 3126 περὶτῶν
1109 3047 1237 3111 κοινῶν
1248 3062 1265 3102 e

282 3136 460 3226 ὡμονόουν
470 3134 555 3208 άλλά
567 3143 621 3207 καί
632 3142 708 3223 περὶ
719 3136 779 3207 τόν
790 3143 879 3209 ίδιον
887 3139 1239 3228 βίοντοσαότηυέκοι-

281 3246 384 3307 οῦυτο
397 3237 564 3326 πρόνοιαν
578 3235 745 3326 άλλήλων,
761 3237 846 3324 ὅσην
858 3265 920 3323 περ
934 3238 996 3326 χρὴ
1007 3236 1087 3317 τούς
1098 3230 1137 3306 εδ
1149 3262 1238 3324 φρο-

282 3345 425 3417 νοῦντας
438 3339 494 3405 καί
507 3340 665 3422 πατρίδος
679 3343 937 3416 κοινωνοῦντας.
959 3338 1042 3404 οἵτε
1055 3332 1120 3423 γάρ
1138 3335 1240 3403 κενέ-
1257 3348 1310 3404 146

281 3457 392 3522 στεροι
410 3442 479 3503 τῶν
499 3441 647 3505 πολιτῶν
666 3442 829 3503 τοσοῦτον
848 3432 986 3521 άπείχον
1008 3442 1069 3503 τοῦ
1090 3444 1238 3522 φθονεῖν

231 3548 265 3603 32
282 3546 349 3611 τοίς
365 3539 468 3602 πλείω
487 3537 716 3621 κεκτημένοις,
740 3530 828 3602 οἶσθ’
845 3530 967 3620 ὁμοίως
986 3533 1146 3620 ἐκήδοντο
1167 3537 1237 3601 τοῖν

282 3640 385 3700 οίκων
409 3639 478 3699 τοῖν
500 3634 656 3719 μεγάλων
682 3631 794 3720 ὥσπερ
820 3639 889 3701 τῶν
913 3637 1085 3720 σφετέρων
1111 3626 1236 3715 αάτοῖν,
