2859 4334
472 422 860 484 ΤΡΑΠΕΖΙΤΙΚΟΣ.
1082 416 1138 479 191

192 577 375 668 μαρτύρων
392 584 559 665 γίγνεται,
577 594 648 658 τοῖς
666 576 954 667 ύδικουμένοιςδδ
971 574 1054 664 πρὸς
1071 601 1141 645 τοι-

194 682 318 761 ούτους
335 678 465 767 ἀνάγκη
483 680 710 764 κινδυνεύειν,
730 687 766 749 οἳ
781 677 838 748 καί
855 683 977 764 φίλους
995 677 1142 757 πολλοῦς
1164 704 1167 714 ’

194 783 368 867 κέκτηνται
376 784 432 851 καὶ
442 782 592 869 χρήματα
601 784 708 850 πολλὰ
720 786 951 867 διαχειρίζουσι
960 780 1015 848 καί
1031 779 1142 847 πιστοὶ

194 882 249 953 διαὶ
267 880 331 970 την
347 885 467 971 τέχνην
481 888 641 952 δοκοῦσιν
655 880 750 951 εἶναι.
785 881 874 970 ὅμως
887 879 925 950 δὲ
942 880 1143 949 καὶτούτων

194 983 420 1072 ὑπαρχόντων
444 983 589 1072 ἡγοῦμαι
613 983 761 1073 φανερόν
784 988 865 1053 πᾶσι
894 981 1060 1070 ποιήσειν,
1091 979 1143 1050 ότι

193 1080 443 1174 ἀποστεροῦμαι
460 1090 528 1155 τῶν
546 1086 724 1173 χρημάτων
741 1084 811 1155 ύπδ
830 1092 1019 1163 Πασίωνος.
1153 1111 1169 1150 ε

167 1200 185 1249 ³
271 1185 344 1275 (γ’.)
371 1186 422 1268 Ἐξ
446 1186 549 1274 ἀρχῆς
574 1179 637 1256 οῦν
660 1186 764 1275 ύμῖν,
795 1184 885 1267 ὅπως
911 1182 953 1253 διν
979 1187 1143 1273 δύνωμαι,

195 1288 394 1377 διηγήσομαι
411 1287 451 1356 τῦ
469 1286 695 1378 πεπραγμένα.
729 1289 802 1377 ἐμοὶ
816 1289 893 1376 γὰρ,
912 1278 1075 1373 ῦῦνδρες
1091 1291 1144 1354 δι-

195 1390 329 1477 κασταὶ,
347 1389 455 1477 πατὴρ
467 1388 531 1477 μέν
546 1393 614 1459 ε’στι
629 1400 802 1478 Σωπαῖος,
820 1386 860 1458 ὃν
876 1392 912 1458 σί
923 1388 1081 1466 πλέοντες
1095 1394 1144 1467 είς

197 1489 256 1559 τόν
273 1491 406 1561 Πόντον
420 1489 565 1571 ἅπαντες
578 1502 688 1561 ἴσασιν
702 1491 811 1571 οὕτως
825 1495 956 1569 οἰκείως
971 1489 1055 1576 πρός
1071 1488 1144 1558 Σύ·
1168 1495 1170 1500 ’
1278 1488 1286 1501 ”

195 1619 301 1678 τυρον
318 1598 543 1679 διακείμενον,
566 1590 652 1662 ὥστε
669 1596 793 1678 πολλῆς
811 1591 873 1679 μὲν
890 1590 1000 1681 χοίρως
1017 1589 1202 1679 ἅρχειν,359

197 1686 329 1780 ῦπόσης
347 1693 385 1763 δὲ
402 1688 461 1781 της
479 1694 657 1781 δυνάμεως
676 1697 903 1782 ἐπιμελεῖσθαι
920 1695 978 1779 της
1002 1694 1147 1761 ἐκείνου.

169 1812 182 1853 ⁴
200 1794 461 1883 πυνθανόμενος
474 1801 494 1864 δ
497 1794 511 1864 ὲ
525 1797 582 1864 καὶ
596 1797 672 1883 περὶ
686 1798 786 1883 τῆσδε
798 1800 856 1882 τῆς
868 1794 996 1872 πόλεως
1002 1794 1144 1881 καὶπερὶ

196 1900 254 1983 τῆς
268 1894 370 1985 ἄλλης
381 1895 539 1977 Ἑλλάδος
554 1895 742 1983 ἐπεδύμησ’
758 1894 982 1983 ἀποδημῆσαι.
1006 1902 1145 1982 γεμίσας

196 1990 287 2067 οῦνό
301 1997 410 2087 πατήρ
422 2026 488 2087 μου
501 1998 565 2067 δύο
578 2004 664 2077 ναῦς
678 2004 773 2068 σίτου
781 1998 837 2064 καὶ
845 1998 994 2093 χρήματα
1001 1996 1146 2076 δοῦςέξ·

198 2094 1145 2187 ε’πεμψενῦμακατ’ἐμπορίανκαλκατῦθεωρίαν·συστή-

198 2221 320 2281 σαντος
344 2202 385 2268 δέ
405 2228 462 2288 μοι
481 2200 697 2287 Πυθοδώρου
723 2205 785 2269 τοῦ
806 2206 963 2278 Φοίνικος
981 2207 1146 2269 Πασίωνα

172 2302 355 2391 ὓέχρύμην
367 2304 408 2389 τῇ
421 2302 543 2370 τούτου
556 2304 708 2389 τραπέζη.
736 2298 815 2390 (δ’.)
825 2300 946 2392 Χρόνῳ
959 2299 992 2369 δ’
1003 2298 1146 2387 ὕστερον

197 2409 354 2491 διαβολῆς
362 2400 446 2489 πρός
453 2404 613 2487 Σάτυρον
619 2404 812 2490 γενομένης,
826 2399 1075 2489 ύςκαίὁπατηρ
1084 2399 1141 2469 ού·
1156 2411 1174 2464 b

198 2499 1147 2593 μδςέπιβουλεύοιτῇύρχῇκύγῶτοῐςφυγύσισυγγιγνοί·
1172 2521 1175 2528 ’

198 2634 278 2694 μην,
290 2604 351 2674 τόν
363 2604 427 2692 μὲν
440 2606 567 2689 πατέρα
579 2632 645 2693 μου
658 2606 898 2692 συλλαμβάνει,
917 2604 1095 2673 ἐπιστέλλει
1109 2604 1146 2672 δὲ

198 2723 269 2787 τοῖς
276 2705 394 2777 ἐνθάδ’
403 2709 623 2796 ἐπιδημοῦσιν
631 2710 667 2775 ἐκ
674 2712 734 2775 τοῦ
746 2707 881 2777 Πόντου
894 2705 983 2774 τότε
997 2705 1147 2799 χρήματα

200 2806 280 2895 παρ’
296 2810 379 2896 ἐμοῦ
397 2816 606 2895 παραλαβεῖν
623 2810 680 2877 καὶ
698 2805 804 2876 αύτὸν
817 2815 968 2897 εἰσπλεῖν
982 2807 1146 2875 κελεύειν·

175 2908 262 2978 σέίιν
270 2908 445 2979 δέτούτων
453 2908 558 2998 μηδὲν
566 2912 661 2996 ποιῶ,
670 2904 746 2998 παρ’
754 2907 852 2996 ὑμῶν
860 2913 1008 2991 ἐξαιτεῖν.
1023 2904 1147 2998 (ε’.)’Πν

199 3010 537 3091 τοσούτοιςδέκακοϊς
546 3006 606 3096 dv,
621 3001 779 3095 ῦόῖνδρες
789 3012 953 3096 δικασταὶ,
967 3009 1056 3095 λέγω
1063 3011 1147 3097 πρὸς

202 3109 367 3185 Πασίωνα
379 3113 437 3193 τὰς
456 3114 603 3201 ἐμαυτοῦ
623 3112 818 3199 συμφοράς·
837 3110 926 3180 οὕτω
938 3111 1004 3197 γὰρ
1017 3117 1147 3191 οίκείως

200 3214 286 3301 πρὸς
300 3210 406 3281 αύτδν
420 3216 589 3299 διεκείμην
606 3209 689 3281 ὥστε
702 3212 867 3300 μὴμόνον
879 3215 956 3299 περὶ
970 3212 1148 3300 χρημάτων
1160 3246 1175 3283 ο

200 3313 287 3384 ἄλλό
301 3316 357 3382 καὶ
371 3314 446 3401 περὶ
465 3319 534 3383 τοῖν
551 3311 665 3383 ἄλλων
682 3310 792 3404 τούτῳ
808 3314 951 3401 μάλιστα
969 3312 1146 3381 πιστεύειν.

201 3409 369 3505 [ἡγούμην
381 3411 414 3485 δ’
425 3421 457 3484 εί
466 3414 529 3503 μὲν
543 3424 708 3502 προοίμην
721 3411 852 3483 ἅπαντα
864 3412 905 3484 τό
917 3414 1149 3503 χρήματακιν·

200 3515 877 3603 δυνεύειν,είτιπύθοίκεῑνος,στερηθεὶς
885 3516 1015 3583 καὶτῶν
1023 3514 1148 3586 ἐνθάδε

200 3618 331 3689 καὶτῶν
338 3620 419 3701 ἐκεῖ,
430 3618 568 3687 πάντων
583 3616 698 3704 ἐνδεὴς
708 3616 923 3705 γενήσεσθαι·
942 3623 975 3686 εί
985 3613 1146 3704 δ’ὁμολο-

200 3725 272 3806 γοῦν
284 3718 370 3789 εἶναι
385 3724 627 3798 ἐπιστείλαντος
643 3720 803 3808 Σατύρου
814 3718 859 3808 μη
880 3726 1081 3805 παραδοίην,
1099 3726 1147 3799 είς
