2859 4334
437 422 910 481 ααεικαεικοεεαε.
1087 418 1161 497 τοι

197 588 341 663 νομίζων
358 592 457 651 τοῦτο
472 583 684 669 στρατήγημα
701 572 813 667 μεῖζον
832 579 916 649 εἶναι
940 583 994 648 καλ
1008 580 1147 647 κάλλιον

195 676 356 768 ήπολλάς
370 682 482 761 πόλεις
498 682 584 750 ἑλεῖν
598 684 652 748 καὶ
671 681 830 759 πολλάκις
851 688 985 767 νικήσαι
1002 679 1147 765 μαχόμε-

125 800 177 853 1⁶2³
195 806 263 860 νος.
286 779 374 847 οὕτω
389 779 420 847 δ’
434 781 614 861 ἐσπούδαζε
625 782 699 862 περὶ
712 777 749 846 τό
761 786 924 866 μηδεμιάν
936 787 1003 848 τῶν
1014 781 1146 847 πόλεων

195 882 278 967 μηδὲ
293 880 419 966 μικράν
433 879 583 960 ὑποψίαν
598 884 672 964 περὶ
688 879 794 947 αὑτοῦ
809 888 923 966 λαβεῖν
941 878 985 958 ὡς
1008 882 1146 964 έπιβου-

196 982 363 1065 λεύοντος,
380 978 466 1047 ὥσθ’
484 979 583 1048 ὁπότε
598 982 711 1065 μέλλοι
728 978 804 1046 τινά
820 987 1007 1063 παραπλεῖν
1022 988 1089 1045 τῶν
1100 977 1144 1065 μή

194 1076 254 1157 τάς
273 1080 447 1159 συντάξεις
469 1083 653 1164 διδουσιόν,
684 1081 815 1163 πέμψας
842 1080 1050 1164 προηγόρευε
1077 1092 1146 1154 τοῖς

195 1176 368 1265 ἄρχουσιν,
383 1182 440 1245 ἵνα
457 1176 502 1264 μή
519 1175 583 1261 πρό
606 1185 675 1245 τῶν
688 1182 835 1264 λιμένων
854 1181 1011 1265 ἐξαίφνης
1021 1176 1146 1263 ’ὀφθεὶς

122 1288 175 1340 ινλ
195 1281 242 1354 είς
255 1278 410 1362 θόρυβον
428 1280 482 1345 καὶ
497 1277 644 1363 ταραχήν
658 1274 783 1355 αύτούς
797 1277 1043 1363 καταστήσειεν.
1064 1281 1095 1343 εί
1110 1278 1146 1341 δὲ

194 1376 288 1461 τύχοι
308 1380 551 1462 καθορμισθεὶς
574 1375 657 1462 πρός
677 1375 740 1462 τήν
753 1378 883 1462 χώραν,
907 1374 969 1444 ούκ
984 1372 1029 1442 ἀν
1042 1379 1145 1460 ἐφῆκε

194 1489 263 1553 τοῖς
275 1476 490 1560 στρατιώταις
510 1474 670 1561 ἁρπάζειν
691 1478 745 1542 καλ
767 1478 920 1543 κλέπτειν
933 1478 988 1542 καλ
1000 1484 1145 1557 πορθεῖν

194 1573 253 1652 τάς
267 1580 382 1659 οἰκίας,
400 1572 484 1643 ἀλλά
500 1575 667 1658 τοσαύτην
680 1572 766 1659 εἶχεν
783 1576 972 1660 ἐπιμέλειαν
982 1571 1067 1656 ὑπὲρ
1084 1578 1145 1637 τοῦ

194 1677 300 1760 μηδὲν
315 1680 492 1762 γίγνεσθαι
502 1682 667 1757 τοιοῦτον,
683 1672 768 1759 όσην
780 1700 844 1755 περ
856 1678 889 1741 οί
904 1672 1062 1740 δεσπόται
1076 1677 1144 1737 τῶν

195 1772 386 1859 κτημάτων·
415 1770 456 1839 ού
477 1771 542 1857 γάρ
562 1774 670 1862 τούτῳ
685 1788 839 1857 προσεῖχε
861 1771 922 1839 τόν
935 1780 1037 1852 νοῦν,
1054 1769 1145 1847 ὅπως

194 1874 231 1940 ε’κ
248 1873 491 1938 τῶντοιούτων
509 1869 609 1949 αὐτὸς
626 1870 839 1957 εὐδοκιμήσει
855 1870 945 1953 παρά
960 1885 1028 1949 τοῖς
1041 1890 1144 1951 στρα-

123 1983 173 2035 125
193 1971 337 2053 τιόταις,
360 1968 433 2039 ἀλλ’
454 1970 544 2048 ὅπως
558 1999 576 2057 η
593 1970 689 2049 πόλις
703 1970 794 2056 παρά
809 1971 1046 2057 τοῑςἝλλησιν.
1060 1967 1144 2054 πρὸς

195 2068 230 2136 δὲ
245 2068 375 2146 τούτοις
388 2067 447 2148 τάς
462 2069 687 2154 δοριαλώτους
701 2078 770 2137 τῶν
783 2072 915 2138 πόλεων
926 2069 1015 2137 ούτω
1028 2070 1141 2154 πράως
1157 2081 1190 2137 ’λλ

194 2166 306 2256 διῴκει
319 2168 373 2234 καὶ
384 2175 542 2253 νομίμως,
559 2166 602 2247 ὡς
616 2166 726 2247 οὐδεὶς
741 2168 840 2247 ἀλλος
857 2169 915 2247 τάς
926 2174 1142 2256 συμμαχίδας,

192 2266 390 2355 ἡγούμενος,
410 2273 439 2335 εί
451 2274 600 2345 τοιοῦτος
619 2264 667 2335 όν
690 2276 842 2354 φαίνοιτο
858 2270 933 2352 περὶ
950 2267 1029 2345 τούς
1043 2276 1143 2335 πολε-

193 2365 374 2453 μήσαντας,
390 2365 451 2452 τήν
465 2376 624 2453 μεγίστην
639 2376 751 2435 πίστιν
766 2375 902 2436 ἔσεσθαι
919 2366 1082 2450 δεδωκάς,
1098 2364 1143 2443 ὡς

192 2460 350 2531 οὐδέποτ’
369 2460 413 2530 ἀν
431 2474 508 2548 περί
521 2492 557 2548 γε
573 2464 651 2543 τούς
667 2464 790 2543 ἀλλους
812 2469 1004 2553 ἐξαμαρτεῖν
1019 2464 1142 2551 τολμή-

121 2582 172 2637 126
190 2586 290 2633 σειεν.
314 2568 481 2651 τοιγάρτοι
497 2566 551 2633 διά
566 2565 629 2653 τήν
645 2568 747 2647 δόξαν
762 2566 825 2653 τήν
836 2571 871 2636 ἐκ
883 2568 1012 2634 τούτων
1026 2591 1142 2652 γιγνο-

194 2668 298 2751 ιιένην
313 2668 432 2734 πολλαὶ
447 2674 514 2733 τῶν
529 2666 662 2749 πόλεων
681 2674 749 2734 τῶν
771 2665 855 2750 πρός
870 2664 956 2753 ὑμᾶς
970 2666 1142 2743 δυσκόλως

191 2768 341 2850 ἐχουσῶν
352 2762 638 2850 ἀναπεπταμέναις
650 2764 755 2833 αὐτόν
766 2769 916 2851 ἐδέχοντο
928 2779 1000 2843 ταῖς
1010 2766 1140 2843 πύλαις·

192 2866 230 2929 ἐν
245 2858 296 2941 αἷς
309 2866 435 2941 ἐκεῖνος
450 2861 611 2949 οὐδεμίαν
624 2864 771 2950 ταραχήν
789 2869 959 2951 ἐποίησεν,
975 2862 1051 2932 ἀλλ’
1074 2862 1139 2931 ὅσ·

192 2988 255 3049 περ
267 2969 464 3048 οἰκουμένας
475 2961 578 3043 αάτάς
594 2963 707 3033 είσιών
721 2968 914 3053 κατέλαβεν,
927 2965 1033 3043 οὕτως
1044 2963 1141 3045 έξιών

120 3078 168 3133 ινλ
189 3064 391 3131 κατέλειπεν.
418 3064 603 3147 κεφάλαιον
621 3066 657 3131 δὲ
674 3066 811 3131 πάντων
822 3066 969 3132 τούτων·
991 3069 1140 3150 εἰθισμέ-

190 3188 261 3229 νων
278 3160 343 3247 γάρ
365 3160 425 3229 τὸν
451 3161 555 3231 άλλον
580 3162 703 3248 χρόνον
729 3171 862 3231 πολλῶν
889 3165 1140 3249 γίγνεσθαικαὶ

190 3267 313 3329 δεινῶν
328 3266 366 3330 ἐν
381 3262 627 3349 τοίςἝλλησιν,
655 3265 706 3330 ἐπὶ
720 3271 777 3349 της
791 3266 923 3331 ἐκείνου
943 3269 1140 3350 στρατηγίας
1166 3302 1169 3315 =

190 3358 301 3439 ούδελς
322 3357 366 3426 ἀν
388 3359 460 3429 οὔτ’
483 3360 680 3439 ἀναστάσεις
703 3360 798 3444 εύροι
818 3365 1041 3449 γεγενημένας
1062 3360 1139 3429 οὔτε

189 3470 368 3530 πολιτειων
387 3460 572 3547 μεταβολάς
599 3459 676 3527 ούτε
700 3461 832 3546 σφαγάς
856 3464 910 3530 καὶ
931 3460 1042 3548 φυγάς
1064 3460 1138 3530 οὔτ’

189 3557 265 3627 ἀλλ’
282 3558 383 3627 οὐδὲν
404 3567 470 3626 των
492 3568 605 3629 κακῶν
625 3567 692 3626 τῶν
710 3558 918 3647 ἀνηκέστων,
937 3560 1011 3630 ἀλλ’
1031 3560 1139 3640 οὕτως

189 3662 226 3725 αλ
239 3664 388 3724 τοιαῦται
402 3664 572 3743 συμφοραί
590 3655 662 3724 κατ’
685 3661 815 3726 ἐκεῖνον
836 3657 896 3726 τόν
917 3661 1040 3744 χρόνον
1054 3662 1134 3727 έλωῖ

962 3754 999 3807 Q*
