2859 4334
320 409 382 472 100
607 413 995 493 ιεοτεκτονεμ)

316 596 385 658 τες,
401 570 497 641 αῦτολ
513 570 593 652 τοῦς
606 571 844 653 ἐνδοξοτάτους
856 572 911 640 καί
927 573 1199 653 πλουσιωτάτους
1208 581 1285 643 τῶν

315 678 462 741 πολιτῶν
472 670 692 756 ἀπολλύουσι,
702 672 873 740 καὶταῦτα
884 674 1029 758 δρῶντες
1040 669 1130 740 οὕτω
1140 679 1285 760 χαίρου·

317 790 390 857 σιν,
406 767 452 850 ὡς
465 768 602 849 οὐδένες
615 769 713 839 ἄλλοι
726 767 806 849 τοῦς
820 777 1000 857 πολεμίους
1014 769 1282 853 ἀποκτείνοντες.

317 878 426 937 αλτιον
438 867 470 937 δ’
488 871 555 939 ἐστὶ
569 877 630 938 τοῦ
641 873 841 957 ταραχωδῶς
855 866 979 949 αὐτοῦς
990 876 1049 957 ζῆν
1058 869 1166 950 οὕτως
1176 868 1284 940 οῦδὲν

316 966 398 1038 ἀλλο
414 965 503 1055 πλήν
517 965 536 1036 ὃ
550 969 711 1056 πόλεμος·
734 965 776 1037 ὃν
789 963 834 1055 ήν
845 967 1020 1057 διαλάσης,
1039 965 1081 1038 οῦ
1095 969 1204 1056 μόνον
1215 965 1283 1037 αῦ-

316 1065 396 1146 τοῦς
417 1067 549 1136 τούτων
569 1066 769 1150 ἀπαλλάξεις
789 1064 874 1137 ἀλλά
900 1068 956 1136 καὶ
977 1070 1053 1152 περὶ
1075 1075 1143 1136 τῶν
1163 1065 1310 1148 ἀλλωνρ

317 1161 458 1250 ἀμειυου
471 1166 699 1253 βουλεύεσθαι
714 1166 872 1254 ποιήσεις.

268 1284 302 1340 53
399 1264 494 1353 (κά.)
511 1262 609 1334 Ἀλλά
624 1263 692 1352 μήν
706 1262 747 1333 τά
758 1265 835 1350 περὶ
850 1271 1019 1352 Θηβαίους
1034 1261 1114 1333 οῦδὲ
1128 1265 1166 1332 σὲ
1180 1265 1283 1352 λέλη-

316 1375 391 1434 θεν.
423 1370 604 1451 καλλίστην
623 1361 689 1450 γάρ
707 1364 818 1450 μάχην
834 1363 1032 1451 νικήσαντες
1048 1366 1104 1436 καί
1118 1370 1283 1452 μεγίστην

316 1465 350 1545 ἐξ
373 1457 476 1549 αῦτής
493 1462 596 1542 δόξαν
618 1462 778 1550 λαβόντες
798 1460 853 1530 διά
874 1459 912 1531 τό
935 1460 980 1550 μή
1003 1470 1112 1543 καλῶς
1130 1470 1280 1551 χρῆσθαι

316 1574 388 1640 ταῖς
398 1557 565 1648 εὐτυχίαις
575 1559 679 1630 οάδέν
692 1562 826 1650 βέλτιον
835 1563 1020 1650 πράττουσι
1033 1571 1102 1632 τάν
1112 1561 1282 1652 ἡττηθέν-

316 1687 386 1731 των
396 1661 452 1729 naz
463 1661 756 1748 δυστυχησάντων.
770 1658 813 1729 οῦ
821 1657 887 1748 γάρ
896 1667 1054 1748 ἔφθασαν
1066 1669 1134 1730 τάν
1145 1665 1282 1749 ἐχθράν

315 1759 557 1847 κρατήσαντες,
572 1762 627 1828 καὶ
638 1760 777 1828 πάντων
791 1757 1016 1847 ἀμελήσαντες
1025 1758 1205 1848 ήνάχλουν
1215 1761 1280 1847 μὲν
1293 1783 1324 1838 93

315 1873 387 1938 ταῖς
396 1859 513 1927 πόλεσι
527 1873 599 1938 ταῖς
609 1861 647 1928 ἐν
656 1859 924 1950 Πελοποννήσῳ,
941 1865 1123 1928 Θετταλίαν
1137 1855 1169 1927 δ’
1183 1859 1280 1929 ἐτόλ-

315 1985 390 2047 μων
411 1962 722 2046 καταδουλοῦσθαι,
748 1965 945 2046 Μεγαρεῦσι
966 1956 997 2025 δ’
1021 1954 1158 2045 ὁμόροις
1177 1951 1279 2026 οὖσιν

314 2056 494 2147 ἠπείλουν,
515 2057 578 2148 τήν
594 2056 625 2126 δ’
642 2054 807 2146 ἡμετέραν
822 2057 922 2127 πόλιν
936 2061 1036 2145 μέρος
1049 2084 1081 2126 τι
1097 2063 1155 2145 τῆς
1167 2058 1280 2146 χώρας

315 2153 540 2244 ἀπεστέρουν,
555 2155 709 2246 Εὔβοιαν
724 2153 756 2224 δ’
774 2157 965 2243 ἐπόρθουν,
982 2160 1028 2235 είς
1039 2155 1229 2237 Βυζάντιον
1242 2157 1279 2224 δέ

315 2255 461 2342 τριήρεις
470 2259 662 2342 ἐξέπεμπον,
674 2253 720 2334 ἀς
731 2259 786 2324 καὶ
795 2263 856 2344 γῆς
864 2259 919 2325 καὶ
929 2255 1098 2343 θαλάττης
1108 2254 1275 2342 ἀρξουτες.

269 2374 304 2427 54
316 2361 535 2434 τελευτῶντες
555 2354 592 2423 δέ
608 2352 691 2441 πρδς
706 2359 844 2435 Φωκέας
863 2355 1014 2442 πόλεμον
1035 2354 1218 2443 ἐξήνεγκαν
1234 2352 1279 2434 ὡς

315 2459 385 2521 τῶν
398 2477 435 2521 τε
449 2450 582 2522 πόλεων
601 2456 639 2522 ἐν
656 2451 758 2545 ὀλίγη)
774 2454 886 2546 χρόνῳ
902 2452 1140 2541 κρατήσοντες,
1164 2453 1227 2522 τόν
1241 2480 1279 2522 τε

314 2551 421 2621 τόπον
436 2549 570 2620 ἀπαντα
580 2548 642 2621 τὸν
655 2556 852 2638 περιέχοντα
863 2552 1143 2639 κατασχήσοντες,
1158 2559 1228 2619 τῶν
1240 2577 1278 2620 τε

313 2649 493 2737 χρημάτων
512 2657 581 2720 τῶν
605 2653 643 2720 ἐν
660 2660 809 2737 Δελφοῖς
829 2651 1128 2738 περιγενησόμενοι
1146 2664 1219 2729 ταῖς
1240 2652 1304 2720 ἐκο

315 2757 384 2817 τῶν
404 2754 500 2818 ἰδίων
518 2749 695 2825 δαπάναις.
727 2741 776 2816 άν
798 2746 899 2818 οῦδὲν
921 2745 1034 2828 αὐτοῖς
1054 2745 1275 2837 ἀποβέβηκεν,

315 2844 390 2915 ἀλλ’
405 2845 480 2916 ἀντὶ
496 2848 559 2935 μεν
572 2853 635 2915 τοῦ
648 2855 766 2936 λαβεῖν
778 2845 838 2926 τάς
854 2853 1001 2916 Φωκέων
1014 2846 1130 2926 πόλεις
1143 2843 1202 2927 τάς
1213 2844 1277 2916 αῦ-

314 2943 383 3013 τῶν
400 2940 668 3033 ἀπολωλέκασιν,
692 2945 923 3033 εἰσβάλλοντες
938 2944 970 3013 δ’
987 2951 1033 3025 είς
1052 2942 1115 3034 τήν
1129 2951 1198 3014 τῶν
1211 2970 1277 3014 πο-

314 3048 439 3129 λεμίων
461 3045 585 3114 ἐλάττω
600 3042 686 3115 κακά
707 3052 866 3114 ποιοῦσιν
883 3048 1032 3124 ἐκείνους
1048 3039 1070 3133 ή
1087 3045 1277 3131 πάσχουσιν
1337 3107 1338 3127 ,

265 3166 299 3220 55
314 3141 470 3222 ἀπιόντες
484 3149 530 3223 είς
549 3144 612 3232 τήν
627 3143 759 3213 αὑτῶν·
787 3148 824 3213 έν
845 3145 908 3232 μὲν
921 3142 986 3232 γάρ
1006 3153 1048 3236 τῇ
1062 3151 1190 3214 Φωκίδι
1207 3152 1277 3215 τῶν
1336 3229 1337 3234 ¹

312 3242 537 3329 μισθοφόρων
557 3241 652 3323 τινάς
668 3242 943 3329 ἀποκτείνουσιν,
971 3241 1020 3322 οἷς
1036 3252 1204 3314 λυσιτελεῖ
1221 3271 1276 3314 τε·
1294 3326 1298 3336 Ι
1336 3235 1337 3289 ί

311 3343 440 3412 δνάναι
454 3349 583 3429 μᾶλλον
596 3339 619 3430 ή
633 3348 708 3430 ζῆν,
727 3341 980 3430 ἀναχωροῦντες
991 3343 1027 3412 δέ
1041 3341 1121 3424 τοῦς
1138 3347 1274 3426 ἐνδοξο-
1335 3359 1336 3453 ή

311 3440 432 3520 τάτους
447 3439 561 3509 αῦτῶυ
583 3444 639 3511 καὶ
660 3445 803 3528 μάλιστα
820 3448 1010 3529 τολμῶντας
1025 3440 1111 3533 ὑπὲρ
1128 3452 1185 3531 τῆς
1204 3471 1301 3515 ιτα-ο
1334 3504 1335 3512 ,

305 3556 419 3640 τρίδος
433 3547 662 3641 ἀποθνήσκειν
676 3549 917 3621 ἀπολλύουσιν.
936 3555 984 3631 είς
996 3555 1098 3620 τοῦτο
1111 3547 1144 3619 δ’
1155 3548 1272 3620 αῦτιῦν

305 3651 347 3721 τά
372 3651 551 3739 πράγματα
574 3654 810 3742 περιέστηκεν,
834 3648 915 3720 ὥστ’
937 3655 1135 3733 ἐλπίσαντες
1158 3648 1271 3722 ἀπαν-
