2859 4334
440 390 752 451 minnota
1016 390 1077 455 143

198 551 291 639 (λα’.)
302 549 393 635 Φημί
402 546 469 635 γάρ
479 553 600 635 χρῆναι
609 546 690 629 τοάς
698 547 763 636 μέν
774 553 894 637 γονέας
903 548 984 633 τοάς
994 548 1078 641 ήμε-

158 676 232 737 ρους
246 645 359 715 αὐτῶν
380 650 436 716 καλ
456 644 537 727 τοὺς
557 652 678 729 παῖδας
697 652 754 719 καί
769 647 829 730 τάς
844 666 1008 736 γυναῖκας
1020 655 1077 721 καί

158 748 289 836 νέηλυν
307 745 369 817 τὸν
389 746 495 817 ἀλλον
511 750 549 816 έκ
568 754 627 835 τῆς
647 749 778 829 πόλεως
791 751 973 838 έκπέμυαι,
995 748 1076 833 τοὺς

158 876 176 915 ν
197 853 243 927 είς
255 853 434 933 Σικελίαν,
458 841 539 925 τοδς
558 842 594 915 δ’
617 853 664 927 είς
675 847 858 936 Κυρήνην,
878 847 960 930 τους
980 846 1012 918 δ’
1029 854 1077 929 είς

158 946 343 1034 νήπειρον,
361 944 501 1033 ἀσμενοι
512 943 545 1014 δ’
556 943 683 1027 αὖτοάς
692 944 838 1028 ἅπαντες
852 941 947 1019 οὗτοι
959 952 1076 1031 δέξον-

158 1076 166 1114 ι
181 1050 237 1115 καλ
247 1048 340 1135 χάρηι
353 1048 460 1137 πολλή
474 1049 531 1116 καὶ
544 1059 616 1125 ταῖς
626 1044 743 1125 ἀλλαις
752 1062 825 1127 ταῖς
834 1050 911 1135 περλ
924 1045 986 1117 τδν
999 1054 1078 1137 βίον

158 1154 301 1234 τορίαις,
317 1150 352 1215 οί
364 1147 428 1233 μὲν
438 1144 538 1232 χάριν
551 1142 770 1225 ἀποδιδόντες
782 1137 832 1214 ἀν
842 1139 882 1214 εά
897 1148 1075 1217 πεπόνθο-

158 1274 184 1330 ι,
203 1250 238 1315 οί
250 1247 287 1314 δὲ
298 1254 491 1332 κομιεῖσθαι
505 1247 761 1331 προσδοκῶντες
775 1238 825 1314 ἀν
840 1241 886 1314 ἀν
895 1246 1073 1334 προϋπάρ-

158 1366 230 1431 σιυ,
252 1341 523 1432 ὑπολειφθέντας
541 1346 580 1411 δὲ
592 1339 672 1423 τοάς
691 1348 922 1431 βουλομένους
937 1350 993 1414 καλ
1009 1350 1100 1421 δυ-ε

158 1448 281 1531 μένους
301 1443 518 1513 κινδυνεύειν
533 1450 592 1530 τής
612 1446 675 1530 μέν
689 1443 820 1524 πόλεως
844 1440 996 1531 ἀφέσθαι
1017 1448 1073 1515 κοιλ

158 1571 179 1609 ν
194 1541 308 1611 ἀλλων
324 1543 518 1630 κτημάτων,
534 1540 623 1629 πλήν
638 1540 691 1611 ὅσ’
704 1539 750 1611 ἀν
762 1539 831 1613 οίοί
840 1541 871 1612 τ’
885 1536 975 1631 ὦμεν
988 1541 1072 1613 ἀπε·

158 1651 300 1709 οκιισθαι
319 1638 400 1729 μεθ’
419 1639 516 1729 ἡμῶν
530 1640 663 1730 αάτοῖν,
685 1634 936 1731 καταλαβόντας
953 1647 989 1713 δὲ
1005 1670 1072 1731 χω-

158 1767 198 1825 ιυ,
211 1737 231 1807 δ’
241 1766 273 1807 τι
284 1734 329 1807 ἀν
339 1738 549 1826 ἐχυρώτατον
560 1735 647 1830 ήκαδ
656 1738 743 1826 πρὸς
751 1739 812 1811 τὸν
825 1741 974 1831 πόλεμον
984 1763 1072 1831 συμ-

158 1838 327 1925 ρώτατον,
338 1836 435 1925 ἀγειν
444 1842 500 1907 καλ
511 1842 630 1926 φέρειν
639 1837 720 1920 τοὺς
729 1848 911 1928 πολεμίους
920 1844 976 1911 καί
986 1841 1071 1911 κατά

158 1966 175 2004 ν
189 1940 246 2005 καί
259 1935 344 2007 κατά
358 1940 547 2024 θάλατταν,
564 1942 626 2019 ἕως
639 1935 685 2007 ἀν
697 1939 895 2007 παύσωνται
906 1950 976 2010 τῶν
988 1938 1073 2029 ήμε-

158 2065 218 2105 ιων
233 2036 533 2127 ἀμφισβητοῦντες.
556 2040 611 2107 καὶ
621 2036 716 2106 ταῦτ’
729 2033 774 2106 ἀν
786 2039 1005 2126 τολμήσομεν
1015 2042 1072 2110 καί

166 2138 440 2226 κατοκνήσιιμεν,
451 2130 672 2220 ὅμεοθετοάς
681 2144 748 2205 νῦν
759 2138 991 2220 έττιτάττουτας
1000 2144 1101 2215 ἷκε-(1

159 2237 270 2315 ίουτοις
290 2238 347 2305 καί
368 2240 549 2324 δεομένους
567 2232 664 2323 ἡμῶν
679 2236 867 2323 Μεσσήνην
887 2233 1072 2324 ἀπολαβεῖν

159 2344 164 2402 λ
181 2336 391 2424 ποιήσασθαι
403 2333 467 2423 τήν
482 2334 628 2423 ελρήνηυ.

195 2434 285 2523 (λβ.)
305 2442 394 2505 Ποία
405 2434 469 2523 γάρ
481 2432 526 2504 ἀν
540 2442 608 2503 τῶν
619 2436 753 2504 πόλεων
766 2444 835 2503 τῶν
846 2438 884 2504 έν
893 2444 1070 2506 Πελοπον-

160 2557 200 2625 ⁵9³
215 2539 373 2601 τοιοῦτον
383 2535 532 2621 πόλεμον
541 2530 773 2621 ὑπομείνειεν,
789 2530 863 2603 οἷον
875 2532 963 2613 είκός
973 2538 1070 2621 γενέ·

160 2662 190 2702 αι
205 2634 448 2722 βουληθέντων
460 2630 574 2720 ήμῶνς
588 2637 677 2712 τίνες
690 2628 724 2699 δ’
737 2629 801 2699 οὐκ
815 2627 860 2698 ἀν
872 2634 1069 2718 έκιιλαγεῖεν

161 2782 163 2793 ,
185 2736 333 2799 δείσειαν
348 2732 575 2817 στρατόπεδον
588 2729 835 2816 συνιστάμενον
852 2735 991 2801 τοιαῦτα
1006 2731 1069 2817 μέν

161 2832 422 2915 πεπραγμένον,
438 2833 574 2908 δικαίως
588 2831 625 2897 δὲ
640 2840 710 2908 τοῖς
726 2834 843 2908 αίτίοις
856 2829 988 2898 τούτων
1002 2825 1069 2914 ἀρ-

161 2929 282 3014 ’μένον,
295 2922 574 3014 ἀπονενοημένως
584 2927 621 2995 δέ
631 2922 716 3012 πρὸς
726 2925 763 2994 τό
776 2932 836 3014 ζῆν
845 2932 1069 3015 διακείμενον,

175 3034 222 3117 τῷ
238 3026 301 3113 μὲν
315 3025 439 3115 σχολήν
457 3025 552 3114 ἄγειν
567 3028 623 3095 καλ
636 3029 721 3113 μηδὲ
740 3028 817 3111 περὶ
836 3030 875 3095 ἓν
894 3025 976 3096 ἀλλο
992 3032 1097 3097 δια-ο

162 3134 238 3213 βεεν
255 3120 277 3212 ή
291 3128 369 3212 περὶ
382 3123 443 3195 τδν
459 3127 609 3214 πόλεμον
622 3139 691 3204 τοῖς
706 3127 847 3205 ξενικοῖς
861 3127 1069 3212 στρατεύμα-

180 3222 418 3311 ὥμοιωμέυον,
439 3238 510 3305 ταῖς
530 3222 561 3292 δ’
578 3221 710 3311 ἀρεταῖς
729 3224 784 3292 καί
804 3238 873 3303 τοῖς
894 3222 1068 3310 έπιτηδεά-

163 3344 187 3391 ιι
204 3330 377 3409 τοιοῦτον,
392 3349 411 3390 ο
425 3348 466 3390 ον
477 3326 511 3403 έξ
525 3320 686 3391 ἁπάντων
697 3319 895 3408 ἀνθράπων
904 3321 1015 3403 οὐδεὶς
1024 3320 1069 3391 ἀν

163 3421 321 3507 τάξειεν,
340 3426 387 3490 έτι
408 3422 445 3490 δὲ
459 3427 604 3513 μηδεμιᾷ
619 3428 769 3512 πολιτείᾳ
782 3431 964 3512 τεταγμένη
979 3428 1070 3511 χροί-

163 3547 213 3589 *ov
227 3516 314 3589 ἀλλά
332 3530 521 3608 θυραυλεῖν
541 3524 596 3591 καί
616 3528 811 3591 πλανᾶσθαι
824 3520 908 3590 κατὰ
923 3519 982 3609 τήν
1000 3524 1068 3611 χοὶ-
1087 3539 1138 3595 13ε

164 3650 171 3677 ι
188 3619 384 3705 δυνάμενον
398 3623 453 3690 καὶ
470 3623 592 3709 ῥηιδίως
604 3622 668 3707 μέν
681 3617 809 3707 ὅμορον
821 3615 873 3699 οἷς
885 3614 930 3689 ἀν
941 3623 1069 3707 βούλη-
