2859 4334
537 392 719 481 mmm
1044 392 1107 454 νεε

161 556 256 643 σύνην
269 561 307 623 ἔν
320 581 356 625 τε
369 566 438 633 τολς
451 554 706 641 προειρημένοις
720 555 776 621 κοιλ
785 550 920 639 μάλιστ’
934 556 972 622 δν
984 551 1034 634 οίς
1044 551 1106 640 τὴν

112 664 145 715 32
161 654 247 723 πόλιν
259 655 436 745 διῴκησεν.
460 650 540 735 (ις’.)
556 648 667 740 Ὁρῶν
679 648 746 740 γάρ
760 649 841 731 τούς
853 657 913 741 βίμ
925 659 994 720 τῶν
1008 661 1131 723 πολι-ν

159 761 220 821 τῶν
236 752 350 841 ἀρηειν
369 758 548 839 ζητοῦντας
569 753 693 839 ἑτέροις
713 748 940 830 δουλεύοντας
954 752 1010 820 καὶ
1026 749 1106 830 τούς

160 856 364 922 ἐπικίνδυνον
377 848 438 920 τόν
452 856 529 936 βίον
539 864 609 929 τοῖς
619 848 734 930 ἀλλοις
744 850 972 928 καθιστάντας
982 846 1106 929 αύτούς

159 954 307 1036 περιδεῶς
322 954 461 1035 ζῶντας,
476 950 533 1017 καὶ
547 955 705 1034 πολεμελν
719 943 1009 1033 ἀναγκαζομένους
1022 943 1105 1035 μετὰ

158 1053 215 1136 μέν
226 1056 290 1117 τῶν
305 1054 451 1117 πολιτῶν
465 1045 552 1136 πρός
559 1046 640 1127 τούς
651 1050 1007 1134 ἐπιστρατευομένους,
1023 1046 1105 1133 μετά

107 1161 142 1214 &³
157 1146 187 1215 δ’
198 1145 303 1216 ἀλλων
318 1154 421 1215 τινῶν
435 1145 521 1234 πρός
534 1142 615 1225 τούς
628 1147 991 1233 συμπολιτευομένους,
1007 1152 1054 1215 έτι
1070 1147 1106 1215 δέ

155 1253 318 1324 συλῶντας
339 1245 401 1331 μέν
421 1241 462 1315 τά
478 1251 547 1313 τῶν
567 1251 678 1332 θεῶν,
701 1243 959 1325 ἀποκτείνοντας
975 1244 1011 1313 δέ
1027 1242 1107 1323 τούς

153 1350 337 1431 βελτίστους
350 1348 419 1410 τῶν
432 1348 596 1425 πολιτῶν,
612 1339 836 1423 ἀπιστοῦντας
850 1344 887 1412 δὲ
901 1358 969 1422 τοῖς
983 1348 1105 1410 οἰκειο-

152 1442 267 1525 τάτοις,
280 1436 382 1509 οὐδέν
393 1441 430 1509 δὲ
441 1439 679 1531 ῥᾳθυμότερον
690 1446 813 1522 ζῶντας
822 1446 891 1508 τῶν
903 1441 956 1509 ἐπὶ
966 1438 1107 1531 θανάτφ

150 1542 432 1627 συνειλημμένων,
443 1536 529 1608 ἀλλά
539 1537 580 1607 τά
591 1541 654 1627 μὲν
664 1544 727 1621 ἔξω
735 1535 1132 1626 ζηλουμένονς,αύτούςσ

99 1659 134 1711 34
149 1644 184 1710 δὲ
203 1635 281 1725 παρ’
301 1635 414 1718 αὑτοῖς
430 1646 559 1726 μᾶλλον
581 1645 650 1709 τῶν
670 1638 783 1707 ἀλλων
799 1640 1050 1725 λυπουμένους·
1073 1643 1108 1704 τί

145 1740 210 1827 γάρ
224 1742 313 1807 ἐστιν
327 1733 447 1823 ἀλγιον
462 1732 554 1824 ἢζῆυ
566 1734 617 1806 ἀεὶ
627 1738 778 1822 δεδιότα,
792 1738 838 1823 μή
852 1762 902 1815 τις
916 1732 1022 1804 αύτδν
1036 1741 1105 1803 τῶν

144 1838 367 1925 παρεστῴτωυ
379 1834 577 1927 ἀποκτείνῃ,
593 1838 649 1906 καί
660 1836 766 1923 μηδὲν
775 1828 877 1923 ἧττον
887 1835 1105 1923 φοβούμενον

143 1934 222 2016 τούς
244 1934 475 2022 φυλάττοντας
495 1930 517 2022 ἢ
539 1930 618 2016 τούς
643 1934 944 2021 έπιβουλεύονταςς
974 1934 1104 2001 τούτων

141 2033 305 2103 ἁπάντων
315 2034 572 2122 καταφρονήσας
582 2036 637 2102 καὶ
648 2038 788 2119 νομίσας
799 2030 862 2100 ούκ
872 2030 1035 2119 ἀρχοντας
1044 2028 1105 2099 ἀλ-

139 2132 183 2203 λά
199 2133 373 2221 νοσήματα
386 2140 456 2201 τῶν
469 2133 602 2201 πόλεων
618 2128 704 2200 είναι
720 2128 801 2210 τούς
813 2130 1005 2215 τοιούτους,
1028 2133 1090 2199 ἔπε’

138 2236 262 2318 δειξεν,
281 2228 333 2301 ὅτι
344 2230 466 2322 όρίδιόυ
478 2234 569 2299 ἐστιν
578 2227 648 2315 ἀμα
658 2241 839 2316 τυραννεῖν
849 2230 905 2296 καὶ
918 2229 1024 2315 μηδὲν
1036 2243 1103 2314 χελ-

89 2346 118 2397 35
135 2334 203 2415 ρον
218 2334 412 2398 διακεῖσθαι
424 2334 493 2397 τῶν
505 2330 538 2409 ἐξ
549 2337 627 2396 ίσου
638 2330 917 2412 πολιτευομένων.
941 2326 1021 2414 (ιζ.)
1037 2329 1129 2395 Kale

134 2434 279 2513 πρῶτον
292 2429 354 2514 μὲν
369 2425 431 2515 τὴν
445 2426 547 2496 πόλιν
562 2426 740 2513 σποράδην
753 2427 809 2494 καί
822 2424 907 2493 κατὰ
920 2425 1035 2512 κῶμος
1053 2430 1103 2492 ol-

132 2532 273 2595 κούσαν
294 2530 341 2605 εἰς
354 2521 480 2593 ταύτδν
500 2521 705 2611 συναγαγῶν
725 2523 929 2611 τηλικαύτην
949 2527 1104 2610 ἐποίησεν

131 2620 220 2693 ὥστ’
239 2629 288 2691 ἔτι
308 2626 364 2693 καὶ
385 2629 451 2692 νῦν
473 2619 532 2691 ἀπ’
556 2626 688 2691 ἐκείνου
709 2631 771 2691 τού
794 2623 922 2712 χρόνον
946 2631 1104 2711 μεγίστην
1120 2634 1172 2685 21⁶

127 2730 206 2791 τῶν
215 2718 425 2809 Ἑλληνίδων
440 2720 542 2790 είναι·
563 2719 646 2810 μετά
661 2722 698 2791 δέ
711 2730 816 2791 ταῦτα
830 2721 951 2811 κοινὴν
962 2721 1025 2811 τὴν
1038 2746 1105 2789 παυ

124 2824 236 2906 τρίδα
250 2819 459 2908 καταστήσας
473 2823 530 2889 καί
543 2818 603 2901 τάς
616 2821 726 2909 ψυχάς
738 2829 807 2891 τῶν
818 2823 1104 2910 συμπολιτευομέ-

124 2946 208 2988 νων
225 2918 464 3005 έλευθερῶσας
474 2926 508 3006 ίξ
520 2936 597 2993 ίσον
607 2926 669 3011 την
680 2919 826 3010 ἅμιλλαν
835 2920 950 3003 αὐτοῖς
959 2924 1036 3010 περὶ
1047 2928 1103 3008 της

121 3018 260 3109 ἀρετῆς
276 3024 425 3111 ἐποίησε,
438 3020 610 3093 πιστεύων
619 3020 682 3110 μὲν
696 3019 821 3111 ὁμοίως
830 3019 947 3091 αύτῶν
956 3021 1111 3111 προέξειν

127 3115 347 3189 ἀσκούντων
368 3122 480 3208 ῶσπερ
503 3120 740 3208 ἀμελούντων,
766 3126 862 3204 είδῶς
881 3125 918 3193 δέ
937 3126 996 3204 τὰς
1011 3126 1107 3212 τιμὰς

126 3216 260 3306 ἡδίους
275 3216 380 3299 οὔσας
393 3217 452 3300 τοὶς
468 3217 559 3306 παρά
575 3227 644 3289 τῶν
661 3225 746 3309 μέγα
766 3223 991 3311 φρονούντων
1007 3220 1030 3310 ἦ
1048 3222 1108 3302 τάς

89 3330 104 3382 5
122 3316 232 3405 παρὰ
254 3325 326 3387 τῶν
340 3322 587 3417 δουλευόντων.
616 3324 781 3392 τοσούτου
797 3321 829 3392 δ’
846 3325 982 3412 ἐδέησεν
1001 3323 1135 3393 ἀκόν-ῑι

122 3443 204 3486 των
227 3444 262 3486 τι
284 3432 396 3488 ποιεῖν
417 3424 489 3502 ρῶν
504 3429 667 3509 πολιτῶν,
691 3421 777 3491 ὅσθ’
794 3420 812 3491 ὁ
834 3425 897 3510 μὲν
916 3421 979 3491 τόν
1000 3428 1107 3510 δῆμον

119 3524 288 3606 καθίστη
297 3520 427 3611 ,κύριον
442 3529 501 3610 τῆς
516 3530 699 3610 πολιτείας,
716 3528 752 3592 οί
761 3524 798 3591 δὲ
808 3522 918 3610 μόνον
927 3519 1034 3591 αάτδν
1044 3521 1107 3608 ἀρ-

116 3642 203 3701 ηειν
234 3613 376 3703 ἠξίουν,
403 3616 587 3707 ἡγούμενοι
610 3623 810 3707 πιστοτέραν
830 3624 887 3689 καὶ
909 3622 1107 3709 κοινοτέραν
