2859 4334
441 432 755 493 ΑΡΧΙΔΑΜΟΣ
1015 435 1077 499 141

153 587 248 671 ολλάς
260 594 314 661 καλ
330 590 443 671 δεινάς
457 586 597 678 ἀνομίας
610 594 874 684 ἐμπεπτώκασιν,
892 599 1078 684 είθισμάνοι

151 688 231 759 ὲτδν
241 689 342 759 ἀλλον
352 688 477 777 χρόνον
487 687 568 776 μεθ’
580 688 677 777 ἡμῶν
688 689 744 779 ἐφ’
757 694 890 779 ἑτάρους
899 698 996 782 ίάναι,
1011 700 1078 763 νῦν

151 786 200 867 ιὸς
215 786 334 867 ἀλλους
348 786 474 875 ὁρῶσιν
488 785 544 876 ἐφ’
561 786 686 868 αύτούς
700 793 1004 879 στρατευομένους,
1021 794 1077 861 καλ

151 886 181 967 λς
194 888 340 975 στάσεις,
362 883 403 968 ἀς
422 885 659 957 ἐπυνθάνοντο
675 888 842 975 πρότερον
857 886 937 976 παρ’
954 891 1108 978 ἑτέροιςᾱ

150 988 239 1074 ὕσας,
254 994 320 1057 νῦν
333 985 414 1074 παρ’
427 984 541 1067 αὸτοίς
555 984 673 1075 ἀλίμου
683 992 757 1058 δείν
768 986 850 1059 καθ’
863 990 1005 1077 ἑκάστην
1015 988 1079 1078 τὴν

150 1090 247 1173 αίραν
266 1086 474 1172 γιγνομένας.
504 1084 594 1154 οὕτω
612 1084 644 1153 δ’
662 1084 888 1174 ῶμαλισμίνοι
904 1101 976 1166 ταῖς
990 1108 1079 1176 συμ-

150 1196 241 1270 οραίς
256 1187 340 1254 είσὶν
357 1182 441 1252 ῶστε
461 1186 589 1271 μηδένα
611 1188 798 1270 διαγνῶναι
812 1185 983 1253 δύνασθαι
997 1182 1079 1265 τούς

149 1285 261 1351 άκιστα
279 1282 486 1369 πράττοντας
509 1280 639 1351 αὐτῶν·
668 1280 809 1369 οὐδεμία
829 1281 896 1368 γάρ
918 1284 986 1351 ἐστι
1008 1291 1077 1352 τῶν

148 1384 252 1451 άλεοιν
272 1380 443 1469 ἀκέραιος,
467 1380 543 1451 οὐδ’
564 1380 636 1469 ἥτις
656 1379 718 1469 οὐχ
741 1379 889 1469 ὁμόρους
912 1388 977 1469 ἔχει
997 1381 1078 1463 τούς

148 1488 228 1558 ικῶς
243 1480 460 1568 ποιήσοντας,
487 1478 572 1549 ῶστε
588 1487 773 1568 τετμῆσθαι
787 1480 851 1566 μὲν
873 1476 932 1559 τάς
956 1481 1076 1568 χάρας,

148 1584 358 1665 επορθῆσθαι
372 1578 410 1647 δὸ
425 1576 485 1657 τάς
505 1578 637 1665 πόλεις,
663 1576 872 1657 ἀναστάτους
886 1579 924 1647 δὲ
937 1586 1078 1665 γεγενῆ-

147 1688 200 1746 θαι
221 1673 301 1755 τούς
322 1685 437 1755 οίκους
446 1672 529 1755 τούς
545 1680 674 1763 ἰδίους,
698 1673 953 1766 ἀνατετράφθαι
969 1672 1104 1754 δλτάςε

147 1780 285 1853 ολιτείας
307 1777 364 1843 καὶ
387 1774 637 1843 καταλελύσθαι
661 1772 743 1853 τούς
762 1774 906 1861 νόμους,
932 1770 1012 1860 μεθ’
1029 1763 1078 1841 ῶν

146 1881 294 1951 ἵκοῦντες
308 1870 600 1959 εὐδαιμονέστατοι
611 1880 679 1941 τῶν
688 1871 859 1961 Ἑλλήνων
868 1865 965 1959 ἦσαν.
988 1870 1078 1939 οὕτω

146 1978 147 1985 ’
163 1972 313 2051 ἀπίστως
325 1970 367 2040 τά
382 1968 467 2057 πρὸς
480 1978 568 2058 σφᾶς
582 1969 706 2051 αὐτούς
722 1974 778 2040 καὶ
792 1975 966 2057 δυσμενῶς
980 1975 1078 2055 ἕχον·

145 2101 187 2159 ν,
214 2070 300 2139 ῶστε
313 2077 443 2158 μάλλον
455 2069 536 2150 τούς
549 2077 685 2148 πολίτας
696 2065 720 2155 ἢ
733 2066 814 2148 τούς
826 2075 1008 2156 πολεμίους
1022 2072 1079 2136 δε·

145 2178 244 2239 ἴασιν
266 2166 341 2237 ἀντὶ
361 2172 397 2237 δὲ
411 2176 470 2258 τῆς
490 2165 545 2256 ἐφ’
560 2166 657 2255 ἡμῶν
678 2164 837 2254 ὁμονοίας
852 2170 910 2238 καὶ
924 2175 983 2256 τῆς
995 2164 1076 2255 παρ’

145 2269 273 2353 [λη’λωυ
288 2264 448 2354 εὐπορίας
463 2274 510 2346 είς
524 2267 692 2353 τοσαύτην
708 2264 844 2352 ἀμιξίαν
857 2268 1078 2353 ἐληλύθασιν,
1096 2288 1144 2341 130

145 2364 203 2434 σθ’
220 2370 258 2433 οί
274 2366 338 2453 μὲν
353 2370 549 2454 κεκτημένοι
563 2363 623 2445 τάς
637 2362 754 2443 ούσίας
773 2362 871 2453 ἥδιον
890 2361 998 2446 ἀνείς
1014 2363 1078 2454 τὴν

145 2468 291 2533 άλατταν
305 2464 345 2532 τά
363 2462 498 2552 σφέτερ’
515 2462 628 2532 αὐτῶν
650 2464 825 2552 ἐκβάλοιεν
837 2458 861 2550 ἢ
875 2478 945 2544 τοῖς
960 2466 1077 2551 δεομέ-

145 2591 184 2642 ας
195 2565 428 2648 ἐπαρκέσειαν,
437 2567 471 2629 οί
479 2566 515 2630 δὲ
524 2565 783 2649 καταδεέστερον
789 2563 990 2647 πράττοντες
999 2558 1074 2629 οὐδ’

145 2689 155 2722 ι
169 2657 291 2745 εὑρεῖν
305 2662 454 2741 δέξαιντο
468 2667 598 2747 μᾶλλον
611 2656 633 2748 ἢ
648 2658 689 2728 τά
702 2666 773 2728 τῶν
792 2659 939 2745 ἐχόντων
953 2656 1077 2746 ἀφελέ-

145 2772 213 2827 λαι·
243 2760 491 2839 καταλύσαντες
511 2760 547 2827 δὲ
567 2757 627 2838 τάς
646 2764 771 2837 θυσίας
790 2760 843 2826 ίπλ
863 2765 933 2825 τῶν
952 2762 1077 2844 βωμῶν

145 2859 328 2933 μάττουσιν
347 2856 528 2947 ἀλλήλους·
558 2863 694 2935 πλείους
714 2859 752 2924 δὲ
772 2855 939 2943 φεύγουσι
958 2862 1026 2923 νῦν
1040 2856 1077 2923 ἐκ

146 2963 188 3034 οἷς
210 2955 343 3034 πόλεως
357 2951 380 3042 ἢ
396 2956 564 3042 πρότερον
583 2957 618 3036 ἐξ
635 2953 768 3042 ἀπάσης
782 2961 841 3042 τῆς
855 2953 1077 3040 Πελοποννή-

145 3081 184 3121 υ.
196 3053 439 3123 καὶτοσούτιον
450 3052 739 3142 ἀπηρνθμημίνιον
750 3060 865 3123 κακῶν
876 3049 964 3124 πολύ
975 3058 1105 3128 πλείονι)

145 3184 146 3189 ’
165 3156 463 3240 παραλελειμμένα
480 3161 549 3221 τῶν
565 3156 751 3241 εἰρημένων
764 3156 870 3222 ἐστίν·
893 3150 995 3222 ούδδν
1011 3148 1076 3237 γάρ

145 3259 262 3321 τιτῶν
285 3250 445 3343 δεινῶνῆ
464 3262 618 3340 χαλεπῶν
633 3252 696 3323 ούκ
716 3257 866 3323 ἐνταῦθα
888 3251 1077 3339 συνδεδρά-

145 3379 229 3439 ηκεν.
255 3342 306 3420 ῶν
317 3357 351 3421 ολ
359 3352 422 3439 μὲν
434 3351 499 3440 ἤδη
509 3356 622 3440 μεστοὶ
632 3353 859 3439 τυγχάνουσιν
869 3348 980 3437 ὄντες,
996 3354 1031 3419 οί
1040 3349 1076 3417 δὲ

145 3451 164 3520 ἀ
179 3452 314 3539 ταχέων
328 3452 639 3538 ἑμκλησθήσονται,
657 3453 712 3519 καὶ
726 3448 906 3537 ζητήσουσί
918 3475 994 3516 τινα
1007 3456 1077 3517 τῶν

145 3550 297 3636 ιρόντων
322 3549 528 3635 πραγμάτων
552 3546 665 3637 εὸρείν
692 3544 897 3634 ἀπαλλαγήν.
938 3543 983 3633 μὴ
1010 3543 1076 3634 γάρ

145 3646 224 3717 εσθ’
253 3645 380 3726 αύτούς
404 3660 519 3730 μενεῖν
541 3650 593 3715 ἐπὶ
614 3645 761 3724 τούτοις·
801 3646 922 3721 οἵτινες
945 3639 1011 3730 γάρ
1036 3636 1077 3711 εύ
