2859 4334
273 442 335 504 m
558 442 944 520 ιεοιινκτουῐρι

224 621 260 680 π
275 602 457 690 ποιήσαιτο.
481 598 660 690 διαφυγὸν
675 598 711 671 δὲ
725 597 787 670 τδν
801 606 964 670 κίνδυνον
978 603 1034 672 καλ
1048 604 1172 684 σωθεὶς
1185 609 1238 684 είς
1266 622 1332 677 194

274 700 408 780 Σόλους
422 707 480 790 τῆς
494 708 646 779 Κιλικίας
666 697 708 768 ού
725 696 789 786 τήν
802 696 910 788 αύτήν
922 699 1063 789 γνύμην
1076 707 1149 788 ἔσχε
1162 715 1238 782 τοῖς

273 812 344 879 ταῖς
360 801 529 880 τοιαύταις
544 811 735 887 συμφοραῖς
751 805 1017 884 περιπίπτουσιν.
1041 805 1075 870 οί
1087 800 1150 888 μὲν
1164 797 1235 888 γάρ

273 898 386 986 ἄλλοι,
399 894 465 967 κάν
475 902 512 968 έκ
523 901 723 984 τυραννίδος
732 899 910 984 έκπέσωσι,
922 895 979 967 διά
988 898 1047 979 τάς
1059 898 1236 986 παρούσας

273 999 375 1085 τύχας
388 1001 623 1084 ταπεινοτέρας
635 994 695 1077 τάς
708 994 818 1083 ψυχάς
832 1002 983 1084 ἔχουσιν·
1005 1001 1132 1079 ἐκεῖνος
1142 995 1172 1066 δ’
1184 1004 1235 1078 είς

273 1102 436 1165 τοσούτου
460 1096 760 1185 μεγαλοφροσύνης
783 1089 909 1184 ήλθεν,
936 1094 1021 1165 ὥστε
1043 1093 1104 1165 τὸν
1127 1096 1235 1166 άλλον

272 1196 398 1283 χρόνον
411 1198 544 1287 ίδιύτης
559 1192 623 1285 (δυ,
647 1193 761 1282 ἐπειδὴ
776 1195 919 1283 φεύγειν
932 1192 1151 1284 ἠναγκάσθη,
1172 1220 1236 1263 τυ-

226 1313 260 1369 28
274 1308 413 1379 ραυυεῖν
427 1292 524 1388 ᾠήθη
534 1300 615 1365 δεῖν.
638 1296 692 1363 καὶ
702 1291 782 1374 τούς
791 1294 855 1381 μέν
866 1293 1016 1375 πλάνους
1030 1292 1109 1375 τούς
1120 1321 1236 1382 φυγα-

275 1392 392 1473 δικούς
406 1397 460 1464 καί
480 1391 517 1465 τύ
533 1391 579 1463 δι’
597 1395 719 1480 ἑτέρων
733 1397 841 1479 ζητεῖν
853 1390 917 1479 τήν
934 1394 1087 1462 κάθοδον
1100 1398 1155 1462 καί
1169 1403 1237 1463 θε-

274 1493 437 1581 ραπεύειν
448 1490 555 1562 αὑτοῦ
565 1500 698 1581 χείρους
711 1490 905 1580 ὑπερεῖδεν,
926 1492 1043 1581 λαβύν
1053 1495 1090 1564 δὲ
1107 1494 1273 1581 ταύτηνὴ

275 1590 444 1681 ἀφορμήν,
453 1592 561 1681 ἥνπερ
572 1590 634 1681 χρή
642 1588 722 1673 τούς
733 1591 885 1681 εύσεβεῖν
894 1596 1133 1681 βουλομένους,
1144 1591 1237 1682 άμύ-

275 1703 398 1763 νεσθαι
414 1694 467 1762 καί
483 1690 528 1780 μή
542 1695 727 1780 προτέρους
741 1690 922 1779 ὑπάρχειν,
938 1695 993 1761 καὶ
1007 1694 1236 1782 προελόμενος

273 1787 296 1881 ἢ
304 1793 522 1879 κατορθώσας
532 1804 712 1879 τυραννεῖν
722 1786 745 1879 ή
756 1788 948 1879 διαμαρτὸν
959 1790 1158 1880 άποθανεῖν,
1167 1817 1236 1861 πα-

274 1896 457 1976 ρακαλέσας
476 1890 697 1979 άνθρύπους,
723 1888 768 1971 ὥς
786 1895 820 1959 ot
831 1887 910 1970 τούς
925 1898 1099 1971 πλείστους
1114 1892 1233 1979 λέγον-

272 2016 341 2077 τες,
367 1993 442 2077 περὶ
461 1993 684 2079 πεντήκοντα,
710 1987 793 2078 μετά
819 1989 950 2057 τούτων
970 1992 1235 2076 παρεσκευάζετο

226 2105 261 2161 ῖ9
275 2098 446 2157 ποιεῖσθαι
461 2084 523 2176 τήν
537 2088 698 2159 κάθοδον.
729 2085 815 2155 ὅθεν
834 2089 889 2156 καί
906 2085 1038 2175 μάλιστ’
1054 2087 1098 2157 άν
1116 2115 1166 2169 τις
1178 2091 1234 2157 καί

276 2183 338 2273 τήν
358 2186 464 2273 φύσιν
484 2186 546 2275 τήν
561 2189 693 2256 ἐκείνου
705 2188 759 2255 καί
783 2183 846 2273 τὴν
859 2185 979 2273 δόξαν,
1004 2183 1048 2275 ἣν
1063 2184 1128 2275 εἶχε
1140 2182 1234 2270 παρά
1246 2218 1266 2255 ο

275 2300 343 2366 τοῖς
358 2283 486 2373 ἄλλοις,
508 2288 730 2375 θεωρήσειεν·
752 2286 932 2372 μέλλοντος
951 2284 1016 2373 γάρ
1038 2295 1135 2357 πλεῖν
1150 2283 1234 2374 μετά

275 2384 446 2452 τοσούτων
460 2386 512 2453 ἐπὶ
527 2384 729 2473 τηλικαύτην
742 2386 866 2470 πρᾶξιν
875 2382 913 2451 τὸ
924 2387 1067 2470 μέγεθος
1077 2387 1133 2453 καί
1143 2385 1234 2452 πάν-

276 2508 344 2550 των
357 2490 426 2551 τῶν
441 2488 564 2553 δεινῶν
577 2490 722 2571 πλησίον
735 2481 845 2551 ὄντων
865 2478 938 2549 οὔτ’
955 2483 1082 2562 ἐκεῖνος
1095 2479 1235 2569 ήθύμη·

275 2600 335 2649 σεν
349 2578 426 2650 ούτι
443 2588 512 2649 τῶν
526 2580 814 2667 παρακληθέυτοευ
830 2576 939 2658 ούδείς
958 2574 1142 2665 ἀποστῆναι
1162 2586 1235 2647 τοῖν

275 2679 447 2748 κινδύνων
460 2676 617 2767 ἠξίωσεν,
639 2675 713 2747 ἀλλ’
731 2682 767 2747 οί
786 2682 849 2766 μὲν
866 2676 979 2766 ὥσπερ
998 2684 1070 2771 θεῷ
1085 2697 1235 2746 συνακο·

275 2785 482 2859 λουθοῦντες
492 2777 637 2858 άπαντες
647 2782 822 2865 ἐνέμειναν
836 2791 905 2857 τοῖς
914 2774 1198 2865 ὡμολογημένοις,
1213 2773 1234 2847 δ

275 2874 306 2943 δ’
325 2874 436 2963 ὥσπερ
451 2873 472 2964 ἢ
494 2877 721 2964 στρατόπεδον
735 2883 820 2964 ἔχων
835 2890 986 2962 κρεῖττον
1006 2884 1074 2946 τῶν
1089 2872 1234 2946 άντιπά·

273 2983 344 3045 λων
362 2970 384 3063 ἢ
399 2975 564 3062 προειδώς
578 2976 614 3046 τὰ
633 2976 893 3064 συμβησόμενον
912 2975 1001 3046 οὕτω
1016 2981 1156 3047 διέκειτο
1170 2972 1264 3064 τὴυᾱ

226 3092 261 3146 σο
274 3073 421 3161 γνύμην.
452 3075 538 3163 (ιβ.)
558 3081 674 3163 Δῆλον
689 3073 721 3141 δ’
738 3078 775 3144 ἐκ
789 3083 857 3144 τῶν
871 3081 995 3164 ἔργον·
1016 3072 1147 3163 άποβάς
1167 3071 1235 3162 γάρ

275 3179 321 3253 είς
336 3174 398 3261 τήν
414 3182 520 3262 νήσου
534 3172 596 3262 ούχ
609 3174 757 3263 ἡγήσατο
773 3180 845 3243 δεῖν
857 3181 981 3261 χωρίον
994 3176 1117 3262 ἐχυρὸν
1129 3199 1235 3243 πατα-

274 3270 390 3361 λαβύν
401 3275 455 3342 καὶ
467 3272 504 3341 τό
516 3270 601 3361 σῶμ’
616 3276 653 3342 ἐν
664 3272 831 3364 άσφαλείᾳ
841 3274 1048 3362 καταστήσας
1058 3278 1234 3360 περιιδεῖν,

275 3382 308 3439 εί
317 3397 405 3451 τινες
417 3370 507 3461 αύτῷ
521 3380 589 3439 τῶν
603 3381 748 3441 πολιτῶν
762 3374 1011 3462 βοηθήσουσιν·
1027 3371 1101 3443 ἄλλ’
1114 3370 1233 3461 εύθύς,
1361 3429 1362 3454 ,

275 3470 386 3556 ὥσπερ
400 3469 474 3558 εἶχε,
488 3472 611 3557 ταύτης
622 3479 679 3559 τῆς
691 3469 812 3551 νυκτδς
825 3468 947 3542 διελύν
956 3479 1018 3541 τοῦ
1028 3478 1156 3559 τείχους
1165 3495 1234 3540 πυ-
1360 3531 1361 3534 ,

273 3576 349 3641 λίδα
360 3574 413 3640 καί
422 3574 527 3663 ταύτη
538 3572 618 3653 τούς
629 3571 710 3659 μεθ’
723 3571 830 3643 αὑτοῦ
840 3573 1012 3663 διαγαγάν
1026 3580 1234 3662 προσέβαλλε
1359 3649 1360 3654 ,

224 3685 257 3741 ⁸1
275 3666 359 3752 πρὸς
369 3668 406 3738 τδ
417 3678 596 3758 βασίλειον.
616 3675 669 3741 καί
681 3670 761 3752 τούς
771 3670 833 3757 μέν
842 3674 1017 3757 θορύβους
1026 3670 1106 3752 τούς
1116 3677 1154 3741 έν
1163 3686 1234 3753 τοῖς
1359 3719 1360 3730 ³
