2859 4334
534 391 829 449 ΕΠΙΣΤΟΛΑΙ.
1094 387 1155 450 269

200 561 304 630 αἴτιος
317 549 451 636 γενήσει
467 550 522 616 καὶ
538 554 576 636 τη
591 548 685 615 πόλει
698 553 738 634 τῇ
752 555 879 614 σαυτοῦ
895 550 948 615 καὶ
962 563 1028 628 τοίς
1040 546 1155 635 Ἐλλη·

159 671 180 720 ’2
198 672 255 717 σιν
272 647 406 715 ἅπασιν.
438 648 563 731 ταύτην
585 644 616 712 δ’
634 648 843 733 ἐποιησάμην
858 646 920 734 τὴν
935 650 1076 733 αἵρεσιν,
1093 646 1155 715 ούκ

200 748 337 835 ύγνοῶν
360 749 430 816 τῶν
447 746 559 832 λόγων
583 743 644 813 τόν
684 743 1047 831 εύμεταχειριστότερον
1080 745 1152 814 ἀλλ’

201 848 349 934 ἀκριβῶς
364 844 470 927 είδῶς,
492 844 543 912 ὅτι
561 846 695 928 πράξεις
709 847 772 931 μὲν
787 843 900 929 εὑρεῖν
915 843 1018 924 καλὰς
1032 847 1156 932 καὶμε-

201 949 306 1035 γύλας
328 948 381 1012 καὶ
395 945 635 1031 συμφερούσας
658 942 805 1030 χαλεπόν
818 946 873 1012 καὶ
894 944 1039 1012 σπάνιόν
1055 949 1155 1024 ἐστιν,

201 1050 372 1115 ἐπαινέσαι
388 1045 422 1110 δὲ
437 1041 496 1120 τας
513 1040 632 1125 ἀρετὰς
647 1044 705 1121 τὰς
724 1040 882 1129 ὑμετέρας
897 1047 1019 1132 ῥᾳδίως
1034 1040 1104 1123 οἷός
1124 1039 1153 1111 τ’

200 1142 245 1213 δν
266 1144 437 1231 ἐγενόμην.
479 1138 522 1208 ού
535 1139 600 1228 γὰρ
616 1146 680 1210 ἔδει
701 1167 742 1227 με
757 1139 837 1228 παρ’
860 1145 1005 1228 ἐμαυτοῦ
1026 1150 1155 1226 πορίζε-

199 1255 281 1315 σθαι
298 1247 336 1311 τα
354 1243 584 1330 λεχθησόμενα
599 1243 674 1327 περὶ
692 1238 822 1327 αὐτῶν,
844 1239 918 1311 ἀλλ’
941 1245 976 1310 ἐκ
994 1250 1062 1310 τῶν
1076 1240 1157 1326 ὑμῖν

199 1347 443 1428 πεπραγμένων
454 1339 616 1417 τοσαύτας
626 1334 671 1406 ἂν
682 1341 737 1407 καλ
748 1340 902 1417 τοιαύτας
914 1337 1068 1427 ἀφορμὰς
1079 1347 1156 1409 ἐλα-

198 1453 262 1532 βον
288 1442 371 1509 ὥστε
392 1439 450 1519 τὰς
470 1443 633 1524 περὶτῶν
658 1437 771 1507 ἄλλων
794 1435 945 1525 εὐλογίας
966 1441 1048 1525 μηδὲ
1071 1437 1153 1506 κατὰ

198 1541 323 1630 μικρὸν
343 1545 540 1627 ἐναμίλλους
561 1542 720 1625 γενέσθαι
740 1544 779 1632 τῇ
800 1539 875 1622 περὶ
897 1535 983 1624 ὑμᾶς
1002 1541 1152 1626 ῥηθείσῃ.

161 1642 271 1729 ρλβ’.)
292 1647 370 1718 Πῶς
385 1636 450 1725 γὰρ
475 1637 518 1706 ἄν
539 1664 589 1716 τις
609 1635 631 1724 ἢ
653 1635 715 1724 τὴν
738 1635 910 1723 εύγένειαν
932 1634 1153 1726 ὑπερεβάλετο

200 1749 269 1810 τῶν
284 1740 474 1827 γεγονότων
491 1735 553 1823 ἀφ’
566 1735 769 1821 Ἡρακλέους
786 1739 841 1805 καί
856 1737 956 1823 Διὸς,
974 1737 1017 1826 ἢν
1033 1738 1154 1816 πύντες

200 1853 289 1910 ίσασι
305 1840 421 1926 μόνοις
437 1836 518 1924 ὑμῖν
529 1834 807 1925 ὁμολογουμένως
818 1836 1047 1926 ὑπάρχουσαν,
1059 1835 1080 1927 ἢ
1092 1838 1154 1926 τὴν

198 1937 323 2026 ἆρετην
338 1946 405 2005 τῶν
419 1942 456 2007 ἐν
463 1935 711 2026 Πελοποννήσῳ
726 1936 951 2022 τάςΔωρικάς
961 1939 1073 2017 πόλεις
1083 1966 1153 2007 κτι-

198 2039 334 2106 σύντων
360 2040 415 2106 καὶ
436 2035 497 2123 τὴν
520 2037 633 2123 χῶραν
652 2038 776 2124 ταύτην
797 2040 1048 2124 κατασχόντων,
1074 2035 1095 2125 ἢ
1116 2037 1152 2107 τὸ

198 2146 329 2224 πλῆθος
343 2143 411 2203 τῶν
427 2136 597 2205 κινδύνοιν
613 2141 668 2204 καὶ
683 2143 751 2204 τῶν
766 2144 934 2222 τροπαίων
947 2144 1014 2205 τῶν
1027 2135 1081 2204 διὰ
1094 2136 1154 2224 τὴν

175 2254 191 2300 4
206 2232 564 2323 ύμετέρανὴγεμονίαν
571 2237 625 2302 καί
638 2243 813 2323 βασιλειάν
826 2238 1038 2320 σταδέντωνς
1052 2244 1104 2318 τίς
1116 2235 1146 2307 δ

204 2334 415 2424 ἆνήπόρησε,
427 2336 580 2417 διεξιέναι
585 2340 769 2424 βουληθείς
782 2337 843 2425 τὴν
851 2337 996 2426 ἀνδρίαν
1002 2336 1148 2428 ὅληςτῆς

206 2440 333 2518 πόλεως
347 2439 404 2506 καὶ
422 2438 651 2526 σωφροσύνην
663 2442 719 2508 καί
733 2446 904 2509 πολιτείαν
916 2439 978 2526 τὴν
992 2438 1061 2508 ύπδ
1079 2446 1148 2508 τῶν

207 2540 386 2629 προγόνων
399 2546 468 2610 τῶν
475 2541 647 2629 ύμετέρων
659 2551 927 2627 σννταχθεῐσαν;
946 2541 1060 2620 πόσοις
1068 2538 1097 2609 δ’
1105 2538 1149 2609 διν

210 2641 1208 2730 λόγοιςἐξεγένετοχρήσασδαιπερῖτὴνφρόνησιντούσοῦ435

207 2744 331 2832 πατρὸς
350 2751 405 2814 καὶ
425 2746 486 2834 τὴν
503 2749 540 2815 ἐν
553 2761 625 2827 ταῖς
639 2762 829 2834 συμφοραῖς
844 2752 1008 2831 διοίκησιν
1029 2739 1159 2828 κοίτην

204 2848 315 2934 μα’χην
328 2845 389 2934 τὴν
402 2851 440 2915 ἐν
454 2855 494 2936 τῇ
507 2847 601 2916 πόλει
618 2849 822 2934 γενομένην,
837 2839 876 2932 ἧς
891 2840 1023 2931 ἡγεμῶν
1039 2839 1083 2908 σύ
1098 2867 1159 2908 κα-

205 2943 326 3024 ταστόις
348 2949 402 3014 καὶ
424 2943 496 3033 μετ’
522 2943 646 3032 ὀλίγων
670 2943 755 3028 πρδς
777 2941 922 3020 πολλούς
937 2939 1159 3017 κινδυνεύσας

205 3045 260 3113 καί
281 3045 419 3112 πάντων
443 3043 625 3132 διενεγκῶν
648 3054 753 3122 αίτιος
781 3045 899 3130 ἐγένου
920 3047 959 3128 τῇ
985 3039 1079 3108 πόλει
1103 3043 1160 3122 τῆς

204 3149 384 3230 σωτηρίας,
409 3137 452 3211 οὖ
472 3145 611 3212 κάλλιον
633 3149 733 3228 ἔργον
752 3139 861 3220 οὐδεὶς
885 3135 930 3207 ἄν
950 3140 1159 3218 ἐπιδείξειενς

175 3241 283 3311 εούτε
302 3241 367 3328 γὰρ
391 3243 504 3322 πόλεις
521 3248 607 3312 ἑλεῖν
620 3241 699 3311 οὔτε
713 3240 859 3320 πολλούς
879 3239 1070 3309 ἀποκτεῖναι
1091 3243 1159 3305 τῶν

206 3349 375 3427 πολεμίων
394 3340 484 3409 ούτω
508 3344 663 3428 μέγακαὶ
685 3341 812 3427 σεμνόν
832 3343 937 3423 ἐστιν,
968 3335 1013 3416 ὡς
1038 3339 1073 3404 ἐκ
1091 3340 1160 3405 τῶν

205 3441 369 3509 τοιούτων
388 3443 561 3509 κινδύνων
575 3447 680 3533 σῷσαι
694 3439 757 3526 τὴν
775 3445 934 3523 πατρίδα,
957 3435 1002 3524 μὴ
1018 3432 1080 3520 τὴν
1099 3461 1158 3500 τν-

204 3546 331 3624 χοῦσαν
351 3538 436 3609 όλλιὶ
456 3538 519 3628 τὴν
538 3548 701 3608 τοσοῦτον
718 3539 771 3607 ἐπ’
791 3537 892 3627 ἀρετῇ
910 3542 1156 3622 διενεγκοῦσαν.

204 3643 279 3719 περὶ
300 3634 350 3709 ῶν
371 3640 415 3728 μὴ
440 3647 576 3728 κομψῶς
599 3639 673 3709 ἀλλ’
693 3641 807 3719 ἁπλῶς
832 3639 995 3734 διελθών,
1021 3637 1103 3721 μηδὲ
1122 3640 1161 3718 τῇ
