2859 4334
431 380 806 444 ΠΑΝΗΓΤΡΙΚΟΣ
1054 373 1095 439 81

156 570 218 630 μεν,
235 544 320 626 είκδς
333 541 413 625 τούς
426 540 490 632 τὴν
504 545 635 610 Λυδίαν
648 542 705 608 καί
722 545 877 626 Φρυγίαν
891 542 947 609 καί
959 534 1022 624 τὴν
1036 534 1097 606 άλ-

155 651 208 729 λην
220 641 280 730 τὴν
299 642 545 731 ὑπερκειμένην
558 637 672 726 χῶραν
692 643 869 717 οἰκοῦντας
887 638 941 707 έπλ
957 649 1026 716 τοῖς
1041 637 1098 703 έν·

128 748 265 810 λτεύδεν
277 740 486 829 ὁρμωμένοις
499 738 593 808 εἶναι.
617 733 669 806 διδ
684 739 736 805 δεῖ
748 734 910 806 σπεύδειν
924 738 980 804 καί
994 738 1098 822 μηδε-

154 847 223 925 μίαν
235 851 407 909 ποιεῖσθαι
421 834 608 926 διατριβὴν,
632 838 690 904 ἵνα
703 834 749 921 μὴ
767 835 944 922 πάθωμεν,
968 831 1051 918 ὅπερ
1067 833 1101 900 oc

153 943 278 1025 πατέρες
293 937 399 1026 ἡμῶν.
422 942 544 1008 έκεῖνοι
558 932 624 1023 γάρ
638 932 872 1021 ὑστερίσαντες
886 939 954 1002 τῶν
968 929 1126 1020 βαρβά-ῖι

153 1063 212 1122 ρων
226 1038 280 1106 καί
295 1039 479 1124 προέμενοί
488 1059 583 1113 τινας
596 1041 666 1101 τῶν
679 1032 865 1118 συμμάχων
879 1027 1099 1117 ἡναγκάσθη-

152 1155 206 1203 σαν
226 1132 333 1222 ύλίγοι
356 1131 441 1219 πρὸς
460 1130 608 1211 πολλούς
628 1128 862 1212 κινδυνεύειν,
890 1125 966 1208 έξόν
986 1123 1100 1206 αὐτοῖς

152 1238 315 1320 προτέροις
336 1239 494 1320 διαβᾶσιν
515 1236 563 1310 είς
578 1227 641 1317 τὴν
660 1227 802 1315 ἤπειρον
817 1223 899 1313 μετὰ
919 1225 1028 1310 πάσης
1042 1230 1100 1310 τῆς

153 1342 210 1402 τῶν
217 1333 389 1420 Ἑλλήνων
404 1331 581 1418 δυνάμεως
594 1333 632 1398 έν
645 1333 737 1416 μέρει
752 1335 820 1395 τῶν
835 1328 948 1394 έθνῶν
960 1326 1100 1391 ἕκαστον

129 1441 349 1521 οχειροῦσθαι.
372 1436 536 1502 δέδεικται
549 1426 634 1516 γὰρ,
652 1426 734 1496 ὅταν
745 1453 794 1506 τις
805 1432 933 1516 πολεμῇ
942 1421 1027 1508 πρδς
1038 1418 1101 1490 αἰν-

149 1536 345 1626 δρύπουςέκ
357 1538 494 1603 πολλῶν
501 1534 617 1604 τόπων
631 1533 914 1623 συλλεγομένους,
928 1531 979 1603 ὅτι
990 1538 1048 1604 δεῖ
1057 1535 1104 1624 μὴ

149 1637 341 1725 περιμένειν,
361 1637 424 1715 ἕως
436 1631 480 1704 διν
493 1637 682 1720 έπιστῶσιν,
699 1630 775 1703 ἄλλ’
789 1639 838 1705 δτι
850 1635 1104 1724 διεσπαρμένοις

150 1735 256 1818 ιύτοῖς
277 1740 464 1822 ἐπιχωρεῖν.
492 1739 614 1807 ἐκεῖνοι
629 1733 694 1824 μέν
710 1726 778 1806 ούν
797 1735 1104 1825 προεξαμαρτόντες
1123 1767 1138 1802 ε

150 1826 270 1900 ἅπαντα
285 1842 378 1901 ταῦτ’
398 1837 706 1924 ἐπηνωρθώσαντο,
722 1839 944 1918 καταστάντες
959 1843 1005 1917 είς
1018 1837 1097 1915 τούς

149 1939 315 2020 μεγίστους
324 1931 473 2021 άγῶνας·
488 1934 582 2024 ἡμεῖς
592 1933 625 2004 δ’
638 1932 683 2004 ἄν
693 1943 936 2024 σωφρονῶμεν,
952 1940 985 2018 έξ
996 1933 1097 2022 ἀρχῆς

148 2034 360 2120 γυλαξόμεθα
371 2038 426 2103 καί
432 2034 665 2123 πειρασόμεθα
674 2041 807 2123 φθῆναι
815 2037 891 2120 περί
897 2034 960 2122 τὴν
967 2038 1097 2102 Λυδίαν

128 2133 191 2204 λαοί
200 2130 264 2218 τὴν
272 2129 402 2199 Ἰωνίαν
408 2134 635 2219 στρατόπεδον
641 2135 954 2222 ίγκαταστήσαντες,
963 2135 1097 2218 εἰδότες,

147 2227 189 2298 ὅτι
208 2234 265 2299 καὶ
279 2228 438 2318 βασιλεύς
452 2231 513 2319 οὐχ
532 2234 680 2303 ἑκόντων
699 2233 793 2321 ἄρχει
813 2240 882 2302 τῶν
901 2231 1097 2322 ἠπειρωτῶν

146 2326 222 2398 άλλᾶ
235 2335 336 2416 μειῗω
350 2330 498 2417 δύναμιν
509 2335 585 2419 περὶ
595 2331 702 2401 αὑτὸν
713 2333 862 2401 ἑκάστων
874 2331 987 2401 αύτῶν
998 2357 1097 2419 ποιη-

146 2429 299 2513 σάμενος·
314 2421 353 2515 ἧς
364 2427 458 2515 ἡμεῖς
469 2427 552 2498 ὅταν
562 2439 701 2515 κρείττω
712 2433 973 2519 διαβιβάσομεν,
985 2432 1004 2498 ὃ
1011 2439 1124 2518 βου-δ

145 2529 298 2612 λυθέντες
308 2530 432 2616 ῥᾳδίως
444 2523 490 2596 ἂν
500 2530 712 2617 ποιήσαιμεν,
725 2529 884 2616 ἀσφαλῶς
892 2529 1026 2597 ἅπασαν
1036 2528 1097 2616 τὴν

142 2621 245 2695 Ἀσίαν
266 2626 527 2713 καρπωσάμεθα.
555 2627 644 2698 πολύ
664 2633 701 2698 δέ
724 2632 863 2699 κάλλιον
884 2632 1000 2718 έκείνμ
1021 2633 1095 2714 περί

143 2733 194 2810 τῆς
208 2732 381 2812 βασιλείας
396 2736 556 2814 πολεμεῖν
571 2725 594 2815 ἦ
610 2727 695 2814 πρὸς
712 2729 799 2815 ἡμᾶς
813 2725 937 2806 αὐτούς
951 2731 1025 2814 περὶ
1040 2734 1097 2814 τῆς

144 2820 318 2910 ἡγεμονίας
336 2823 569 2914 ἀμφισβητεῖν.

218 2925 312 3010 (μδ.)
325 2923 439 3005 ’Ἄξιον
461 2923 493 2994 δ’
510 2928 562 2995 έπί
579 2935 637 3014 τῆς
653 2933 720 2994 νῦν
740 2925 870 3014 ἡλικίας
889 2937 1096 3015 ποιήσασθαι

141 3021 195 3108 τὴν
211 3030 399 3109 στρατείαν,
422 3021 470 3092 ἵν’
487 3030 522 3092 οί
533 3032 602 3092 τῶν
616 3032 804 3112 συμφορῶν
819 3027 1094 3114 κοινωνήσαντες,

141 3115 229 3190 ούτοι
244 3127 299 3192 καί
315 3129 384 3191 τῶν
399 3121 541 3211 άγαθῶν
554 3122 772 3194 ἀπολαύσωσι
788 3125 900 3213 καὶμὴ
916 3128 1026 3194 πάντα
1036 3122 1098 3194 τδν

139 3221 260 3305 χρόνον
270 3227 516 3310 δυστυχοῦντες
526 3222 744 3310 διαγάγωσιν.
760 3220 878 3302 ίκανδς
889 3221 953 3310 γάρ
964 3221 981 3292 ὁ
992 3247 1122 3306 nuos-e

140 3318 304 3406 ληλυθῶς,
317 3322 354 3389 έν
365 3313 393 3408 ᾦ
404 3329 440 3390 τί
446 3329 515 3390 τῶν
526 3326 648 3389 δεινῶν
659 3319 702 3391 ού
712 3327 853 3409 γέγονεν
860 3352 871 3399 ,·
885 3327 1020 3390 πολλῶν
1031 3318 1096 3408 γάρ

137 3428 249 3488 κακῶν
259 3427 300 3509 τῇ
314 3420 416 3504 φύσει
426 3428 467 3510 τῇ
478 3427 548 3488 τῶν
558 3417 756 3507 ἀνθρώπων
767 3419 990 3506 ὑπαρχόντων
1001 3415 1096 3488 αύτοί

136 3527 235 3590 πλείω
260 3526 331 3586 τῶν
356 3517 550 3607 ἀναγκαίων
569 3521 902 3607 προσεξευρήκαμεν,
930 3522 1097 3605 πολέμους

136 3622 187 3687 καὶ
202 3617 338 3696 στάσεις
350 3615 430 3766 ἡμξν
445 3615 559 3698 αὐτοῖς
573 3621 828 3707 ἐμποιήσαντες,
848 3614 1021 3770 ῶστεέούς
1034 3618 1096 3702 μὲν

216 3729 376 3769 uocum·
409 3753 416 3765 .
