2859 4334
486 379 863 439 ΑΙΓΙΝΗΤΙΚΟΣ.“.
1069 381 1130 444 233

182 543 239 621 της
254 550 367 615 κακοῖς
381 540 733 624 ἐπιδικαζομένηντοόν
743 542 932 627 χρημάτων,
946 544 1001 630 ἐμὲ
1017 546 1052 611 δὲ
1068 569 1133 630 μη·

182 639 280 712 δενος
305 636 497 721 δυνάμενον
523 646 590 704 τῶν
618 643 757 706 δικαίων
787 656 915 727 τυχεῖν,
944 639 980 722 δς
1004 640 1127 711 τοιαῦτ’

183 740 309 819 ἔπραξα
325 743 400 819 περὶ
415 737 494 814 τούς
510 740 647 826 ἐκείνης,
667 737 746 807 ὥστ’
761 750 794 808 εῖ
803 749 851 818 τίς
866 769 907 826 με
919 759 1074 811 σκοποῖτο
1088 741 1161 830 μὴι)

183 830 269 915 πρὸς
282 834 408 920 ταύτην
423 833 506 903 ἄλλα
523 833 607 919 πρδς
621 837 699 915 τοὺς
713 837 846 907 ποέποτε
858 840 940 908 κατὰ
957 842 1052 909 δόσιν
1068 839 1133 926 ἆμ-

185 934 464 1020 φισβητήσαντας,
481 933 660 1023 εὑρεθείην
674 933 718 1004 δν
734 935 871 1017 οὐδενὸς
884 945 1005 1026 χείρων
1020 939 1133 1008 αὐτῶν

185 1034 260 1116 περί
274 1030 353 1110 τοὺς
368 1040 487 1117 φίλους
500 1036 730 1121 γεγενημένος.
763 1043 869 1105 καίτοι
888 1035 950 1124 χρὴ
971 1038 1050 1116 τούς
1064 1067 1133 1108 τοι,

185 1131 306 1210 ου’τονς
318 1139 418 1217 τιμᾶν
430 1135 484 1200 καί
498 1138 572 1219 περὶ
583 1142 710 1204 πολλοῦ
721 1145 890 1202 ποιεῖσθαι
905 1135 992 1204 πολὺ
1005 1146 1133 1223 μᾶλλον

185 1225 286 1315 ἢτάς
310 1227 372 1314 ὑφ’
400 1233 522 1317 έτέρων
549 1237 728 1321 δεδομένας
753 1233 880 1318 δωρεὰς
903 1234 1130 1322 ἀφαιρεῖσθαι.

134 1335 171 1388 ῖ9
186 1326 281 1408 ἄξιον
296 1326 327 1394 δ’
345 1331 413 1397 ἐστὶ
426 1334 482 1400 καὶ
495 1339 541 1422 τῷ
557 1334 649 1422 νόμῳ
672 1341 830 1418 βοηθεῖν,
859 1333 939 1403 καθ’
953 1333 993 1404 δν
1009 1341 1134 1418 ἔξεστιν

185 1427 266 1514 ἡμῖν
292 1431 346 1496 καὶ
372 1435 491 1510 παῖδας
517 1434 773 1519 είσποιήσασθαι
802 1436 857 1501 καλ
881 1429 1133 1521 βουλεύσασθαι

185 1529 260 1614 περὶ
275 1535 343 1595 τῶν
356 1527 525 1616 ἡμετέρων
542 1529 673 1617 αὐτῶν,
699 1534 969 1618 ἐνθυμηθέντας,
1000 1533 1050 1602 ὅτι
1065 1549 1159 1614 colse

185 1627 318 1714 ἐρήμοις
329 1637 397 1696 τῶν
408 1629 605 1717 ἀνθρώπων
615 1628 689 1700 α’ντί
700 1636 830 1700 παίδων
841 1623 939 1710 οὗτός
950 1635 1054 1701 ἐστιν·
1077 1631 1133 1700 διὰ

185 1726 250 1814 γὰρ
264 1735 385 1797 τοῦτον
400 1733 455 1800 καὶ
471 1737 505 1798 οί
518 1745 691 1816 συγγενεῖς
706 1733 761 1799 καὶ
777 1736 811 1798 οί
823 1732 928 1818 μηδὲν
943 1735 1132 1820 προσηκον·

186 1855 239 1908 τες
253 1837 380 1914 μᾶλλον
394 1827 548 1917 αλλήλων
561 1834 803 1916 ἐπιμελοῦνται.

135 1944 170 1994 εο
270 1928 359 2014 (κγ’.)
372 1926 445 1998 Ἵνα
460 1933 495 1996 δὲ
511 1929 688 2014 παύσωμαι
704 1933 811 2013 λέγων
825 1931 879 1996 καὶ
895 1931 1009 2015 μηκέτι
1031 1939 1133 2000 πλείω

185 2027 309 2113 χρόνον
335 2033 508 2114 διατρίβω,
537 2024 702 2106 σκέψασθ’
730 2024 774 2104 ὡς
799 2027 925 2113 μεγάλα
949 2030 1002 2095 καὶ
1028 2027 1131 2096 δίκαι’

185 2124 257 2211 ἥκοι
271 2124 354 2209 πρὸς
369 2124 454 2213 ὑμᾶς
470 2133 570 2212 ἔχων,
591 2132 725 2211 πρῶτον
743 2133 805 2210 μὲν
826 2133 940 2209 φιλίαν
955 2123 1039 2208 πρὸς
1054 2127 1134 2205 τούς

186 2225 427 2302 καταλιπόντας
442 2222 500 2290 τδν
515 2232 640 2310 κλῆρον
661 2220 809 2292 παλαιὰν
830 2226 883 2291 καὶ
898 2223 1063 2314 πατρικὴν
1080 2228 1133 2293 καί

186 2321 295 2389 πάντα
319 2320 379 2388 τδν
400 2322 524 2406 χρόνον
545 2325 796 2406 διατελέσασαν,
822 2317 922 2388 ἔπειτ’
948 2321 1164 2409 εὐεργεσίαςο

186 2418 312 2497 πολλὰς
328 2421 382 2488 καὶ
395 2421 541 2506 μεγάλας
557 2421 610 2486 καὶ
625 2420 701 2500 περὶ
716 2424 964 2503 δυστυχοῦντας
984 2424 1134 2503 ἐκείνους

184 2521 424 2604 γεγενημένας,
451 2516 532 2600 πρὸς
546 2519 581 2585 δὲ
597 2518 727 2595 τούτοις
745 2519 909 2602 διαθήκας
924 2517 1002 2603 παρ’
1021 2518 1133 2589 αὐτῶν

185 2621 252 2682 τῶν
267 2612 446 2681 ἀντιδίκων
461 2615 747 2702 ὁμολογουμένας,
765 2620 810 2682 ἔτι
827 2619 862 2682 δὲ
878 2617 984 2701 νόμον
1000 2620 1134 2698 ταύταις

183 2712 1132 2801 βοηθοῦντα,δςδοκεῖτοῖςἝλλησινᾶπασικαλῶςκεῖοθαι.

145 2827 175 2874 51
188 2811 365 2898 τεκμήριον
379 2809 596 2898 δδμέγιστον·
615 2811 692 2898 περί
705 2810 770 2898 γὰρ
784 2809 897 2881 ἄλλοιν
910 2817 1046 2882 πολλῶν
1059 2817 1132 2881 δια-

187 2911 367 3000 φερόμενοι
385 2914 461 2996 περὶ
478 2909 600 2980 του’του
614 2910 720 2980 ταύτδ
735 2913 990 2999 γιγνώσκουσιν.
1020 2917 1133 3000 δέομαι

190 3005 255 3084 οὖν
272 3012 372 3100 ὑμῶν
388 3014 446 3081 καὶ
464 3011 594 3081 τούτων
612 3016 846 3101 μεμνημένους
865 3018 922 3084 καὶ
939 3020 1009 3083 τῶν
1022 3013 1134 3083 ἄλλων

190 3119 259 3183 τῶν
273 3115 458 3201 εἰρημένων
471 3113 512 3181 τὰ
526 3118 638 3182 δίκαια
654 3122 878 3201 ψηφίσασθαι,
893 3119 950 3183 καὶ
960 3116 1134 3194 τοιούτους
1147 3148 1162 3185 ε

189 3245 245 3305 μοι
263 3217 421 3298 γενέσθαι
438 3213 616 3302 δικαστδς,
640 3221 725 3285 οἵων
751 3243 812 3303 περ
837 3211 880 3283 δυ
903 3216 1002 3285 αὐτοὶ
1019 3232 1135 3302 τυχεῖν

189 3311 373 3398 ἆξιιόσαιτε.
