2859 4334
463 402 775 462 ΔΡΧΙΑΑΜΟΣ.
1041 401 1103 468 125

131 567 351 646 τυραννικῶς
362 556 476 628 αύτῶν
486 562 678 649 ἐπιστατῇς,
690 561 729 630 τό
741 561 777 630 δὲ
791 569 860 630 τῶν
870 561 982 634 ἄλλων
991 573 1101 651 γένος,

131 660 177 749 ἦν
196 658 257 728 διά
274 661 312 729 σὲ
328 666 535 748 βαρβαρικῆς
556 664 748 742 δεσποτείας
767 658 1012 750 ἀπαλλαγέντες
1024 662 1130 733 ‘El-d

130 766 278 846 ληνικῆς
290 761 478 845 ἐπιμελείας
493 759 649 845 τύχωσιν.
673 757 776 828 ταῦθ’
794 759 885 841 ὅπως
900 763 962 849 μὲν
977 767 1101 850 γέγρα-

131 885 218 925 πται
230 870 302 936 τοῖς
313 871 443 941 καιροῖς
455 859 511 926 καὶ
523 871 595 936 ταῖς
608 855 810 947 ἀκριβείαις,
825 859 905 946 παρ’
924 859 1022 947 ὑμῶν
1032 868 1101 930 τῶν

130 957 340 1025 ἀκουόντων
360 957 603 1026 πννδάνεσδαι
624 959 757 1026 δίκαιόν
777 962 883 1028 ἐστιν·
916 959 968 1030 ὅτι
987 963 1100 1048 μίντοι

130 1061 258 1144 βελτίω
277 1056 410 1125 τούτων
434 1057 491 1126 καὶ
513 1063 642 1142 μᾶλλον
667 1055 877 1145 ἁρμόττοντα
895 1075 965 1139 τοῖς
988 1059 1101 1142 ὑπόρ-

130 1174 258 1240 χουσιν
277 1150 389 1231 ούδελς
407 1151 451 1220 ἀν
465 1173 518 1221 σοι
539 1154 820 1241 συμβουλεύσειε,
844 1164 960 1240 σαφῶς
977 1162 1101 1227 εἰδέναι

130 1257 270 1338 vom».

597 1570 639 1640 0.

455 1685 782 1756 ΑΡΧΙΔΑΜΟΣ.

220 1948 294 2033 (α’.)
306 1928 418 2022 ’Ῑσως
435 1945 522 2020 τινες
531 1938 628 2027 ὑμῶν
639 1942 893 2026 θαυμάζουσιν,
905 1939 957 2009 ὅτι
967 1940 1028 2010 τόν
1039 1941 1100 2012 ἀλ·
1120 1968 1169 2024 ης

132 2056 198 2114 λον
208 2043 338 2132 χρόνον
345 2033 580 2127 ίμμεμενηκῶς
589 2053 658 2116 τοῖς
667 2045 726 2124 τῆς
737 2039 866 2117 πόλεως
876 2047 1040 2128 νομίμοις,
1058 2036 1101 2120 ῶς

133 2143 200 2212 ούκ
222 2139 287 2210 οἶδ’
304 2151 336 2211 εί
354 2167 404 2219 τις
417 2136 518 2217 ἀλλος
536 2143 605 2204 τῶν
619 2133 824 2223 ἡλικιωτῶν,
849 2139 1018 2225 τοσαύτην
1039 2161 1101 2206 πε-

133 2249 280 2329 ποίημαι
298 2237 361 2327 την
382 2234 588 2326 μεταβολὴν,
614 2234 697 2303 ῶστε
719 2239 795 2322 περλ
816 2228 865 2306 ῶν
886 2234 1048 2308 ὀκνοῦσιν
1069 2242 1103 2307 οί

135 2338 363 2427 πρεσβύτεροι
375 2340 502 2422 λέγειν,
520 2335 596 2421 περὶ
609 2333 740 2402 τούτων
755 2334 918 2420 νεῶτερος
933 2330 982 2404 ῶν
996 2361 1102 2421 παρε-

139 2439 278 2527 λήλυθα
295 2433 570 2523 συμβουλεύσων.
604 2431 669 2519 ἐγῶ
685 2432 718 2500 δ’
736 2438 766 2502 εί
784 2436 846 2520 μέν
862 2461 912 2512 τις
931 2441 1000 2502 τῶν
1015 2441 1103 2504 absto-

137 2541 275 2625 σμόνων
291 2537 329 2602 ἐν
342 2531 424 2620 ὑμίν
439 2530 618 2619 ἀγορεύειν
631 2530 731 2614 ἀξίως
744 2526 788 2620 ἦν
798 2541 857 2621 τῆς
867 2533 996 2613 πόλεως
1011 2540 1102 2620 είρη-

137 2634 223 2721 κῶς,
239 2629 370 2720 πολλὴν
384 2627 580 2718 ἀνὴσνχίαν
595 2625 698 2718 ἦγον·
720 2639 787 2700 νῦν
798 2629 831 2700 δ’
845 2629 936 2717 ὁρῶν
949 2629 1029 2712 τούς
1039 2636 1103 2719 μὲν

137 2732 433 2820 συναγορεύοντας
448 2726 498 2809 οἷς
517 2735 552 2798 οί
569 2731 721 2817 πολέμιοι
739 2730 999 2816 προστάττουσι,
1019 2728 1128 2812 τούςὴ

138 2831 169 2900 δ’
188 2828 254 2899 ούκ
268 2832 465 2917 ἐρρωμένως
474 2833 772 2916 ἐναντιουμένους,
787 2825 868 2907 τούς
877 2829 1102 2898 δὲπαντάπα-

137 2955 195 3000 σιν
218 2927 551 3015 ἀποσεσιωπηκότας,
582 2925 727 3013 ἀνέστην
752 2923 1052 3015 ἀποφανούμενος,
1079 2929 1102 2998 ἀ

138 3029 317 3117 γιγνῶσκω
328 3030 405 3115 περὶ
415 3028 563 3114 τούτων,
578 3023 717 3113 αίσχρόν
728 3035 882 3112 νομίσας,
900 3032 930 3095 εί
938 3025 1001 3114 τὴν
1012 3031 1100 3096 ἰδίαν

137 3137 200 3196 τοῦ
221 3135 299 3216 βίου
320 3127 415 3207 τάξιν
438 3125 675 3214 διαφυλάττων
692 3124 896 3213 περιόψομαι
918 3122 981 3212 την
1000 3125 1101 3194 πόλιν

141 3228 263 3310 ἀνάξια
283 3231 523 3316 ψηφισαμένην
538 3223 648 3312 αὑτῆς.
682 3224 753 3312 (β’.)
770 3222 935 3310 Ἡγοῦμαι
950 3220 981 3290 δ’
1000 3229 1031 3292 εί
1045 3228 1101 3292 καὶ

138 3333 215 3414 περὶ
223 3335 292 3397 τῶν
303 3326 417 3396 ἀλλων
424 3330 544 3412 πρέπει
551 3323 632 3404 τούς
641 3323 861 3411 τηλικούτους
872 3327 1014 3408 σιωπᾶν,
1024 3324 1102 3411 περί

140 3422 445 3515 γετοῦπολεμετνῆ
456 3423 501 3514 μὴ
513 3425 696 3513 προσήκειν
706 3424 848 3502 τούτους
859 3423 1001 3509 μάλιστα
1013 3441 1101 3512 συμ-

141 3526 334 3613 βουλεύειν,
361 3529 458 3611 οἳπερ
478 3527 534 3594 καὶ
549 3551 618 3594 τον
637 3524 810 3593 κινδύνων
824 3531 981 3590 πλεῖστον
1000 3527 1101 3611 μέρος

140 3629 357 3712 μεθέξουσιν,
373 3623 482 3705 ἄλλως
491 3651 527 3692 τε
538 3622 579 3708 δὴ
591 3626 646 3692 καὶ
656 3631 719 3693 τοῦ
731 3628 864 3706 γνῶναί
873 3647 905 3690 τι
919 3626 989 3690 τῶν
999 3623 1124 3690 δεόν·ο
