2859 4334
291 381 333 446 ιο
580 380 899 440 mamm
918 383 971 461 (4)

294 554 434 626 Μύσιον
448 555 566 620 πεδίον
584 550 775 622 ἀνάστατον
790 557 937 642 ἐποίησε,
952 561 1089 641 Θίβρων
1103 548 1139 624 δ’
1154 554 1263 647 όλίγφ

294 651 780 742 πλείονςτούτωνδιαβιβάσας
787 654 849 743 τήν
857 660 991 725 Λυδίαν
1005 654 1142 724 άπασαν
1157 657 1262 744 ἐπόρ-

294 769 423 846 θησεν,
436 752 633 841 Ἀγησίλαος
651 754 689 825 δὲ
706 757 756 848 τςό
774 763 909 848 Κυρείςο
928 758 1151 844 στρατεύματι
1170 758 1262 844 χριό-

295 883 396 945 μενος
408 860 532 943 μικροῦ
540 860 614 926 δεῖν
626 859 686 943 τῆς
700 855 926 938 ἐντὸς”Αλυος
939 857 1260 946 χάραςίκράτησεν.
1281 885 1296 919 e

230 975 278 1026 145
296 958 435 1046 καὶμὴν
446 954 529 1026 ούδδ
542 957 604 1044 τήν
618 957 779 1045 στρατιάν
785 956 849 1046 τήν
861 957 942 1046 μετά
958 962 1019 1027 τοῦ
1027 961 1191 1047 βασιλέως
1198 985 1262 1029 πε·

297 1061 518 1147 ριπολοῦσαν,
538 1057 620 1129 οῦδὲ
638 1061 700 1147 τήν
714 1062 859 1147 Περσῶν
876 1056 1021 1149 άνδρίαν
1038 1058 1132 1142 άξιον
1151 1068 1262 1148 φοβη-

296 1166 415 1249 θήναι·
440 1160 498 1230 καί
514 1158 580 1248 γάρ
600 1163 724 1231 ἐκείνοι
741 1164 898 1247 φανερῶς
924 1164 1170 1250 ίπεδείχθησαν
1187 1156 1260 1231 ῦπδ

298 1266 365 1331 τόν
378 1261 486 1353 Κύρῳ
502 1261 771 1348 συναναβάντων
788 1259 892 1331 οῦδὲν
905 1269 1061 1349 βελτίους
1078 1261 1174 1344 ὄντες
1190 1269 1262 1332 τῶν

298 1365 353 1432 ἐπὶ
366 1362 529 1452 θαλάττῃ.
548 1363 608 1444 τάς
619 1363 684 1450 μὲν
692 1361 759 1449 γάρ
773 1360 875 1443 ἄλλας
888 1363 997 1450 μάχας
1011 1363 1095 1444 ὅσας
1108 1362 1261 1452 ήττήθη-
1280 1374 1304 1424 λλ

298 1485 361 1533 σαν
380 1467 437 1552 ἑῦ,
461 1465 519 1534 καλ
542 1471 660 1553 τίθημι
678 1463 861 1548 στασιάζειν
885 1461 1010 1544 αύτούς
1034 1466 1091 1534 καὶ
1110 1465 1156 1553 μὴ
1174 1466 1260 1552 βού-

297 1573 415 1637 λεσθαι
440 1565 627 1654 προθύμως
654 1566 738 1651 πρὸς
762 1565 823 1635 τόν
849 1562 1000 1652 ἀδελφόν
1018 1565 1079 1634 τὸν
1097 1568 1262 1654 βασιλέως

229 1683 279 1734 146
299 1666 579 1737 διακινδυνεύων.
614 1663 690 1735 ἄλλ’
714 1665 828 1751 ἐπειδή
853 1667 975 1755 Κύρου
998 1668 1262 1755 τελευτήσαντος

297 1771 472 1856 συνῆλθον
479 1766 625 1847 ἅπαντες
633 1771 670 1836 οί
674 1766 737 1855 τήν
746 1765 863 1837 Ἀσίαν
871 1773 1117 1854 κατοικοῦντες,
1133 1770 1262 1838 ίντού·

296 1895 363 1949 τοις
371 1883 442 1949 τοῖς
449 1883 578 1956 καιροῖς
592 1867 698 1949 οὕτως
711 1873 862 1958 αἰσχράς
876 1869 1087 1957 ἐπολέμησαν
1101 1867 1260 1957 άστεμη-

298 1970 379 2039 δένα
397 1969 501 2056 λόγον
518 1968 699 2040 ῦπολιπελν
716 1983 787 2050 τοῖς
813 1972 1016 2057 εἰθισμένοις
1034 1969 1096 2057 τήν
1115 1976 1261 2056 Περσοῑν

297 2068 442 2160 άνδρίαν
461 2074 619 2141 ἐπαινεῖν.
656 2069 817 2160 λαβόντες
834 2069 900 2161 γάρ
925 2073 1164 2159 ἑξακισχιλίους
1190 2076 1295 2141 τῶνε

295 2166 462 2259 Ἑλλήνων
479 2170 544 2242 οῦκ
561 2169 759 2261 άριστίνδην
773 2172 1041 2260 ίπειλεγμένους,
1059 2169 1137 2241 ἀλλ’
1153 2180 1190 2242 οἳ
1205 2174 1261 2242 διά

293 2275 510 2361 ’φαυλότητος
519 2277 556 2345 ἐν
564 2289 639 2355 ταῖς
651 2273 768 2343 αῦτῦν
782 2268 923 2360 οόχοῖοί
933 2270 964 2343 τ’
974 2266 1062 2362 ήσαν
1075 2280 1146 2361 ζῆν,
1160 2271 1262 2345 άπεί-

278 2389 281 2393 ’
297 2402 381 2464 ρους
392 2374 520 2463 μὲντής
534 2375 644 2464 χάρας
658 2374 775 2462 ὄντας,
790 2375 935 2462 ἐρήμους
948 2376 985 2443 δὲ
1000 2374 1187 2463 συμμάχων
1200 2402 1263 2463 γε·

298 2478 516 2567 γενημένους,
533 2476 805 2565 προδεδομένους
819 2473 854 2544 δ’
870 2471 940 2546 ὑπό
954 2481 1024 2546 τῶν
1042 2477 1263 2565 συναναβάν-

298 2605 378 2666 των,
392 2577 681 2667 ἀπεστερημένους
688 2577 727 2647 δὲ
742 2581 805 2646 τοῦ
817 2581 1018 2666 στρατηγοῦ,
1031 2575 1109 2665 μεθ’
1119 2569 1161 2646 οῦ
1176 2599 1263 2647 συν-

231 2695 280 2748 λλτ
297 2680 546 2770 ηκολοόθησαν,
560 2685 725 2749 τοσοῦτον
744 2674 858 2746 αύτῶν
876 2675 995 2766 ήττους
1012 2669 1116 2766 ἦσαν,
1135 2676 1223 2748 ὥσθ’
1244 2677 1264 2750 δ

297 2783 456 2869 βασιλεῦς
470 2778 644 2870 άπορήσας
655 2795 726 2860 τοῖς
740 2781 888 2867 παροῦσι
902 2779 1073 2869 πράγμασι
1087 2781 1145 2850 καλ
1157 2807 1263 2849 κατα-

298 2883 469 2972 φρονήσας
492 2887 551 2969 τής
569 2885 646 2970 περὶ
671 2879 779 2951 αῦτόν
797 2878 972 2967 δυνάμεως
997 2879 1078 2962 τοῦς
1097 2879 1264 2972 ἄρχοντας

298 2981 377 3064 τούς
391 2986 460 3052 τῶν
474 2985 662 3073 ἐπικούρων
668 2980 912 3062 ῦποσπόνδους
924 2991 1108 3073 συλλαβεῖν
1123 2983 1264 3071 ἐτόλμη-
1282 3013 1297 3050 c

299 3104 370 3172 σευ,
389 3082 436 3166 ῦς
453 3092 486 3154 εί
497 3090 599 3154 τοῦτο
616 3083 861 3173 παρανομήσειν
876 3083 1095 3171 συνταράξων
1107 3085 1145 3153 τό
1160 3106 1263 3172 στρα·

299 3185 452 3276 τόπεδον,
471 3187 671 3274 καὶμᾶλλον
690 3189 797 3255 είλετο
811 3186 889 3271 περὶ
903 3185 983 3266 τοῦς
996 3184 1102 3266 θεούς
1121 3187 1264 3273 ἐξαμαρ-

298 3302 370 3358 τεῖν
387 3284 408 3376 ἢ
427 3287 512 3375 πρός
528 3291 680 3368 ἐκείνους
695 3291 732 3357 ἐκ
745 3290 807 3354 τοῦ
821 3289 972 3372 φανεροῦ
987 3291 1265 3373 διαγωνισασθαι.

233 3402 282 3453 148
299 3389 492 3476 διαμαρτδν
501 3387 538 3459 δὲ
547 3391 606 3475 τῆς
619 3389 800 3475 ἐπιβουλῆς
815 3387 871 3454 καί
881 3393 950 3454 τῶν
958 3392 1172 3476 στρατιτοῖν
1178 3410 1266 3475 σνμ-

298 3492 486 3578 μεινάντων
516 3492 574 3560 καὶ
604 3493 715 3570 καλῶς
748 3488 957 3572 ἐνεγκόντων
987 3483 1050 3576 τήν
1074 3491 1266 3576 συμφοράν,

299 3590 460 3661 άπιούσιν
474 3589 592 3672 αύτοίς
606 3589 842 3676 Τισσαφέρνην
857 3591 914 3657 καί
928 3592 1007 3670 τοῦς
1029 3591 1149 3669 ἱππίας
1164 3590 1266 3659 συνί-

300 3707 445 3779 πεμψεν,
456 3690 519 3779 ὑφ’
536 3683 585 3760 ὦν
601 3696 723 3760 ἐκείνοι
737 3689 827 3774 παρὰ
843 3693 956 3759 πᾶσαν
970 3693 1268 3778 ἐπιβουλευόμενοι
