2859 4334
264 346 285 407 ε
541 347 940 423 mmmmm)

266 515 346 573 σθαι
367 513 607 592 βουληθεῖμεν,
632 508 769 583 καὶτοῖς
784 505 846 590 μέν
861 506 1077 591 ἐργάζεσθαι,
1102 523 1169 585 τοῖς
1184 509 1228 575 δὲ

266 602 305 672 τό
318 605 446 671 τούτων
457 603 574 694 σφ’ζειν
586 604 725 686 δόξειεν,
737 604 869 671 ἕκαστοι
884 601 947 689 τὴν
963 602 1075 672 αὐτῶν
1090 611 1228 690 ἔχοντες

267 701 474 789 εὐδαιμόνως
488 699 532 770 όν
545 701 605 770 τόν
619 711 695 789 βίον
706 707 922 788 διατελοῖμεν.

217 818 246 870 21
351 803 426 889 (θ’.)
448 804 511 870 Καὶ
525 803 587 888 μέν
601 800 641 889 δὴ
658 805 782 889 καὶτῆς
797 805 873 886 περὶ
887 802 949 888 τὴν
964 803 1133 889 φρόνησιν
1147 805 1227 869 έπι-

265 909 396 987 μελείας
412 903 545 979 εἰκότως
559 899 603 968 όν
617 930 665 979 τις
680 904 810 969 ἐκεῖνον
824 912 932 969 αἴτιον
947 910 1125 989 νομίσειεν.
1150 917 1227 980 τοῖς
1363 829 1365 960 δ

265 998 329 1087 γὰρ
345 1005 470 1083 ίερεύσι
487 1001 738 1087 παρεσκεύασεν
756 998 918 1083 εύπορίαν
934 1002 995 1086 μέν
1011 1016 1081 1079 ταῖς
1095 1004 1132 1068 ἐκ
1149 1006 1257 1068 τῶνδ

266 1104 365 1182 ίερῶν
387 1099 582 1183 προσόδοις,
606 1097 833 1183 σωφροσύνην
849 1100 885 1165 δέ
903 1113 972 1177 ταῖς
987 1097 1135 1184 ἁγνείαις
1149 1113 1227 1176 ταῖς

266 1194 332 1263 ὑπό
345 1202 412 1263 τῶν
424 1196 539 1281 νόμων
553 1199 869 1281 προστεταγμέναις,
883 1195 1008 1284 σχολην
1020 1200 1055 1266 δέ
1070 1212 1140 1276 ταῖς
1151 1203 1225 1264 τῶν
1365 1163 1366 1246 δ

218 1320 252 1373 ⁶22
267 1294 437 1364 κινδύνων
457 1297 511 1362 καὶ
532 1302 599 1361 τῶν
620 1295 731 1362 ἄλλων
749 1301 857 1379 ἔργων
872 1294 1048 1376 ἆτελείαις·
1070 1295 1150 1382 μεθ’
1171 1288 1224 1364 όν

266 1397 387 1462 ἐκείνοι
402 1391 611 1479 βιοτεύοντες
630 1408 698 1471 τοῖς
715 1395 777 1478 μὲν
792 1394 945 1478 σώμασιν
960 1394 1112 1481 ἰατρικὴν
1126 1398 1223 1475 ἐξεύ-

267 1520 328 1580 ρον
345 1497 558 1578 ἐπικουρίαν,
585 1490 625 1560 ού
643 1497 1012 1580 διακεκινδυνενμένοις
1029 1495 1222 1582 φαρμάκοις

265 1596 440 1681 χρωμένην
455 1591 537 1661 ἀλλὰ
549 1593 731 1677 τοιούτοις,
747 1590 768 1659 δι’
781 1591 841 1678 τὴν
852 1594 914 1678 μέν
925 1591 1113 1680 ἀσφάλειαν
1125 1592 1223 1681 ὁμοί-

266 1723 309 1762 αν
330 1701 393 1780 έχει
413 1700 453 1781 τη
472 1700 580 1781 τροφῇ
600 1700 640 1780 τῇ
661 1690 743 1760 καθ’
759 1690 904 1778 ἡμέραν,
931 1691 990 1771 τας
1011 1692 1042 1761 δ’
1060 1691 1224 1779 ὠφελείας
1237 1725 1255 1761 e

266 1794 465 1879 τηλικαύτας
480 1790 558 1859 ὥστ’
574 1794 722 1869 ἐκείνους
737 1789 1013 1877 ὁμολογουμένως
1029 1790 1220 1878 ὑγιεινοτά-

266 1919 344 1970 τους
360 1892 511 1959 εἶναικαὶ
529 1893 839 1977 μακροβιωτάτους,
854 1906 925 1969 ταῖς
939 1896 975 1959 δὲ
990 1905 1110 1979 ψυχαῖς
1120 1902 1221 1979 φιλο-

266 1998 386 2077 σοφίας
408 1988 549 2076 ύσκησιν
571 1996 778 2074 κατέδειξαν,
799 1986 823 2076 ἢ
842 1993 897 2057 καὶ
919 2000 1144 2077 νομοθετῆσαι
1165 1994 1220 2059 καὶ

219 2114 252 2167 υ3
266 2088 328 2177 τὴν
343 2090 449 2175 φύσιν
463 2099 530 2156 των
546 2087 654 2156 όντων
671 2095 803 2175 ζητῆσαι
820 2089 969 2156 δύναται.
994 2093 1048 2157 καὶ
1064 2087 1142 2168 τούς
1157 2091 1220 2175 μέν

266 2193 513 2276 πρεσβυτέρους
527 2191 579 2256 έπί
594 2188 633 2255 τό
646 2193 783 2275 μέγιστα
795 2195 862 2255 των
874 2190 1078 2274 πραγμάτων
1090 2194 1216 2283 ἔταξεν,

268 2285 345 2367 τούς
353 2290 388 2355 δὲ
396 2285 815 2373 νεωτέρουςύμελήσαντας
824 2293 891 2353 τῶν
899 2285 1094 2373 ἡδονῶνέπ’
1104 2286 1220 2374 ἀστρο-
1238 2303 1292 2354 ‘2⁶20

267 2396 362 2477 λογίηι
374 2389 429 2456 καὶ
439 2397 608 2474 λογισμοῖς
620 2391 674 2454 καὶ
686 2395 868 2475 γεωμετρίᾳ
879 2393 1062 2473 διατρίβειν
1072 2395 1216 2474 ἔπεισεν,

269 2481 316 2557 ὦν
331 2491 389 2567 τάς
404 2488 564 2573 δυνάμεις
579 2493 612 2554 οί
625 2488 687 2572 μὲν
699 2484 743 2565 ὡς
754 2485 838 2569 πρός
850 2492 921 2554 ἔνια
933 2495 1114 2573 χρησίμους
1125 2490 1220 2555 έπαι-

268 2596 397 2671 νουσιν,
414 2591 448 2653 οί
460 2584 492 2653 δ’
506 2583 550 2663 ὡς
565 2595 699 2653 πλεῖστα
714 2582 798 2668 πρός
812 2582 934 2670 ἀρετὴν
947 2589 1221 2670 συμβαλλομένας

266 2684 469 2769 ἀποφαίνειν
484 2687 716 2769 ἐπιχειροῦσιν.

228 2797 260 2845 24
346 2780 406 2871 (ι’.)
422 2791 578 2853 Μάλιστα
592 2781 624 2850 δ’
640 2779 952 2864 όῖξιονέπαινεῑνκαὶ
960 2782 1143 2869 θαυμάζειν
1153 2781 1213 2870 τὴν

270 2883 444 2972 εύσέβειαν
456 2880 571 2953 αύτων
584 2884 638 2951 καὶ
653 2883 714 2969 τὴν
722 2884 800 2968 περὶ
812 2883 892 2962 τούς
905 2882 1009 2962 θεούς
1017 2890 1212 2969 θεραπείαν.

270 2984 340 3053 ὅσοι
350 2985 412 3072 μέν
427 2987 491 3071 γὰρ
500 2993 588 3072 σφας
597 2981 820 3063 αύτούςούτω
833 2984 1117 3073 κατεσχημύτισαν
1131 2984 1210 3053 ὥστ’

270 3085 379 3173 ἢκατὰ
388 3084 619 3174 σοφίανέηκατ’
635 3084 741 3174 ἄλλην
755 3085 818 3154 τιν’
838 3085 960 3174 ἀρετὴν
974 3079 1212 3173 ύπολαμβύυε-

270 3200 351 3258 σθαι
359 3191 519 3276 μειζόνως
533 3185 642 3275 ἢκατόι
655 3186 716 3273 τὴν
725 3182 838 3275 ύξίαν,
852 3178 943 3255 οὗτοι
956 3186 1019 3274 μέν
1027 3189 1215 3274 βλάπτουσι
1227 3206 1244 3258 b

269 3288 351 3370 τούς
366 3292 645 3377 ἐξαπατηθέντας
669 3286 741 3358 ὅσοι
756 3289 794 3357 δέ
806 3294 874 3356 τῶν
886 3297 993 3358 θείων
1008 3289 1214 3377 πραγμάτων

269 3388 360 3460 οὕτω
378 3393 589 3479 προέστησαν
608 3389 765 3459 ὥστεκαὶ
785 3390 842 3470 τὰς
861 3394 1049 3478 ἐπιμελείας
1073 3392 1128 3457 καὶ
1152 3392 1213 3471 τὰς

267 3498 426 3581 τιμωρίας
444 3492 528 3562 εἶναι
546 3499 657 3561 δοκεῖν
673 3491 910 3580 ἀκριβεστέρας
922 3495 991 3560 τῶν
1003 3490 1213 3581 συμβαινόν-

268 3621 349 3681 των,
363 3600 400 3663 οί
411 3593 450 3664 δέ
462 3593 823 3667 τοιούτοιπλεῖστατδν
835 3601 915 3683 βίον
922 3592 982 3663 τόν
990 3598 1060 3663 τοῖν
1072 3588 1211 3680 ἀνθρύ-
