2859 4334
428 408 859 469 ΠΑΝΑΘΗΝΑῙΚΟΣ.
1079 406 1122 469 69

175 564 275 653 βολήν
292 564 423 653 ἀπρεπῆ
444 575 647 652 πεποιῆσθαι
667 567 751 651 πρός
772 568 834 654 τὴν
856 572 992 637 ἐκείνων
1009 570 1120 650 δόξαν,

174 668 295 753 ταύτην
316 669 377 752 μὲν
398 670 458 750 έώ,
484 672 569 752 λέγω
590 667 626 735 δέ
645 665 871 753 Τριβαλλούς,
899 664 958 747 οὓς
978 666 1121 746 ἅπαντές

174 787 275 851 φασιν
290 764 448 851 ὁμονοεῖν
468 767 531 851 μὲν
546 764 591 845 ώς
606 764 748 846 οὐδένας
766 764 890 845 ἀλλους
904 765 1120 850 ἀνθρώπους,

172 862 356 933 ἀπολλύναι
378 863 408 931 δ’
434 862 476 933 ού
490 865 599 950 μόνον
614 863 693 944 τούς
713 864 860 951 ὁμόρους
877 869 931 935 καί
946 864 1025 945 τούς
1039 875 1119 952 πλη-

172 971 244 1031 σίον
259 969 434 1041 οἰκοῦντας
451 961 535 1033 ἀλλά
551 968 605 1033 καὶ
624 963 703 1043 τοὺς
721 963 861 1050 ἀλλους,
878 964 969 1032 ὅσων
984 960 1028 1032 ἀν
1045 968 1120 1051 ἐφι-

108 1079 155 1130 εἳθ
170 1063 287 1129 κέσθαι
303 1066 510 1147 δυνηθῶσιν.
537 1060 598 1141 οὕς
613 1061 655 1131 ού
674 1060 735 1150 χρη
755 1074 928 1150 μιμεῖσθαι
946 1061 1024 1141 τούς
1039 1060 1147 1147 ἀρε-ὓ

171 1170 226 1246 της
248 1158 548 1248 ἀντιποιουμένους
587 1160 671 1231 ἀλλά
703 1159 791 1229 πολύ
824 1169 952 1247 μᾶλλον
977 1161 1038 1250 τὴν
1063 1169 1121 1247 της

171 1267 289 1347 σοφίας
311 1263 366 1328 καὶ
387 1269 444 1348 τῆς
464 1264 681 1347 δικαιοσύνης
700 1264 755 1329 καί
775 1268 842 1329 τών
863 1259 975 1329 ἀλλων
993 1259 1120 1344 ἀρετών

171 1359 324 1445 δύναμιν.
348 1351 446 1427 αύται
458 1364 520 1447 μέν
533 1360 599 1447 γάρ
615 1358 657 1427 ού
671 1358 730 1439 τάς
747 1363 907 1447 σφετέρας
922 1358 1035 1429 αύτών
1052 1361 1120 1446 φύ-

170 1455 238 1538 σεις
252 1458 497 1545 εὐεργετοῦσιν,
515 1458 591 1529 ἀλλ’
605 1455 655 1540 οίς
668 1457 712 1528 ἀν
724 1462 995 1546 παραγενόμεναι
1010 1486 1119 1543 παρα·

170 1567 346 1644 μείνωσιν,
363 1557 564 1646 εὐδαίμονας
585 1562 639 1628 καί
657 1567 841 1646 μακαρίους
856 1567 1029 1627 ποιοῦσιν·
1052 1566 1120 1625 Λα-

169 1658 375 1744 κεδαιμόνιοι
390 1658 427 1726 δὲ
438 1656 647 1745 τούναντίον,
673 1655 723 1738 οές
737 1660 799 1746 μέν
821 1655 865 1726 ἀν
880 1659 1119 1744 πλησιάσωσιν,

168 1756 394 1841 ἀπολλύουσι,
419 1754 459 1824 τά
483 1759 519 1825 δέ
542 1765 610 1825 τών
632 1756 744 1825 ἀλλων
769 1756 882 1843 ἀγαθά
909 1759 1018 1826 πάντα
1046 1759 1119 1839 περὶ

168 1862 257 1941 σφᾶς
277 1852 402 1933 αύτούς
416 1864 626 1924 ποιοῦνται.“

99 1979 149 2033 m
252 1958 319 2047 (ς’.)
346 1953 448 2023 Ταῦτ’
463 1954 567 2025 είπών
578 1960 748 2043 κατέσχον,
765 1953 899 2042 πρόςόν
910 1952 988 2033 τούς
1000 1956 1144 2040 λόγουςο

165 2057 368 2141 ἐποιούμην,
395 2054 503 2139 ἀνδρα
523 2055 638 2124 δεινόν
659 2060 714 2124 καὶ
734 2061 869 2123 πολλῶν
892 2061 1050 2140 ἔμπειρον
1065 2055 1119 2122 καί

165 2158 240 2239 περὶ
263 2154 299 2221 τὸ
327 2156 437 2241 λέγειν
463 2158 739 2241 γεγυμνασμένον
762 2152 902 2231 οὐδενός
928 2146 1028 2241 ἦττον
1053 2162 1119 2220 τών

165 2256 239 2340 ἐμοὶ
249 2256 532 2338 πεπλησιακότων.
553 2252 596 2321 ού
605 2254 673 2340 μὴν
684 2252 725 2321 τά
739 2254 894 2340 μειράκια
909 2252 948 2320 τά
961 2260 1041 2320 πᾶσι
1053 2279 1119 2319 πα-

165 2357 414 2439 ραγεγενημένα
429 2354 560 2431 τούτοις
574 2353 635 2440 τήν
652 2350 760 2438 αύτην
777 2355 849 2437 ἐμοί
860 2354 999 2438 γνώμην
1014 2358 1118 2437 ἔσχεν,

164 2450 241 2520 ἀλλ’
259 2455 315 2539 ἐμέ
330 2457 392 2538 μὲν
408 2454 575 2540 ἐπῄνεσαν
597 2450 641 2529 ὡς
657 2455 884 2536 διειλεγμένον
897 2475 933 2517 τε
955 2453 1119 2533 νεαρωτέ-

164 2579 233 2635 ραις
243 2547 264 2637 ἢ
276 2552 540 2638 προσεδόκησαν,
556 2550 786 2638 ἠγωνισμένον
800 2577 835 2617 τε
851 2559 970 2635 καλῶς,
988 2553 1119 2619 ἐκείνου

162 2655 200 2718 δὲ
225 2651 498 2737 κατεφρόνησαν,
526 2649 589 2717 ούκ
615 2648 728 2736 όρθώς
755 2649 999 2735 γιγνώσκοντες
1035 2647 1118 2716 ἀλλά

98 2768 143 2821 ’30
163 2752 424 2835 διημαρτηκότες
448 2748 649 2836 ἀμφοτέρων
674 2747 779 2834 ἡμῶν.
812 2746 830 2813 ὁ
857 2750 918 2833 μὲν
936 2746 1000 2833 γάρ
1018 2745 1144 2835 ἀπῄειδ

163 2850 417 2934 φρονιμώτερος
434 2852 655 2937 γεγενημένος
675 2849 730 2915 καὶ
745 2850 1016 2932 συνεσταλμένην
1035 2854 1118 2934 έχων

161 2946 227 3033 την
241 2949 412 3035 διάνοιαν,
438 2950 549 3034 ώσπερ
570 2946 632 3035 χρὴ
654 2946 734 3027 τούς
751 2941 790 3014 εὖ
808 2954 1036 3033 φρονοῦντας,
1065 2948 1119 3015 καὶ

161 3047 346 3127 πεπονθώς
370 3048 407 3116 τό
437 3051 669 3136 γεγραμμένον
697 3052 734 3116 ἐν
759 3056 923 3133 Δελφοῖς,
955 3044 1060 3115 αὑτόν
1087 3046 1116 3113 τ’

162 3145 320 3231 ἐγνωκώς
342 3151 396 3215 καί
424 3147 485 3234 τὴν
513 3153 788 3234 Λακεδαιμονίων
814 3148 920 3231 φύσιν
946 3154 1073 3232 μᾶλλον
1096 3145 1117 3232 ἢ

161 3247 345 3329 πρότερον·
372 3245 436 3330 ἐγώ
464 3244 495 3314 δ’
515 3245 745 3333 ὑπελειπόμην
768 3249 926 3331 ἐπιτυχῶς
957 3246 1019 3332 μὲν
1041 3257 1118 3325 ίσως

161 3351 398 3432 διειλεγμένος,
417 3344 636 3433 ἀνοητότερος
656 3347 691 3413 δέ
709 3344 755 3413 δι’
773 3344 855 3414 αύτό
870 3354 967 3414 τοῦτο
978 3374 1118 3434 γεγενη-

159 3441 803 3569 μένος,καδφρονώνμείξονηπροσηκει
805 3473 884 3526 τους
891 3449 1116 3533 τηλικουτους,

98 3562 136 3613 31
158 3549 215 3611 καί
230 3554 371 3649 ταραχῆς
384 3544 765 3652 μειρακιώδουςμεστός
776 3544 832 3612 ών.
858 3546 917 3628 (ζα
858 3560 940 3624 )
956 3554 1067 3631 Δηλος
1083 3546 1113 3614 δ
1127 3558 1142 3597 ‘

159 3634 207 3711 ην
221 3627 309 3696 οὕτω
322 3636 544 3716 διακείμενος·
558 3626 716 3713 ἐπειδη
676 3656 742 3715 γαρ
752 3627 888 3715 ησυχιας
896 3633 1114 3718 επελαβομηι
