2859 4334
259 362 300 426 38
527 365 608 421 1Σο
619 364 706 419 ΚΡΑ
716 362 845 420 Tor&
860 364 922 431 (12)

196 541 243 592 102
341 526 436 610 (W.)
464 522 508 591 Τό
528 528 645 590 τοίνυν
662 528 870 607 τελευταῖον,
894 519 913 587 ὃ
934 522 1033 605 μόνοι
1053 522 1107 589 καλ
1129 518 1214 587 καθ’

260 620 382 701 αὐτούς
404 629 560 708 ἔπραξαν,
579 628 629 699 τίς
643 618 707 687 ούκ
723 617 833 706 οἶδεν,
858 618 909 688 ὅτι
925 629 1040 707 κοινῆς
1053 620 1133 707 ἡμῖν
1155 628 1217 705 της

260 728 381 807 ἔχθρας
392 718 606 808 ὑπαρχούσης
615 727 673 807 της
684 715 1055 808 πρόςτούςβαρβάρους
1066 723 1120 787 καὶ
1131 718 1241 797 τούςε
1353 731 1354 773 λ

260 822 414 907 βασιλέας
428 816 556 905 αύτών,
578 816 672 905 ἡμεῖς
687 818 750 904 μὲν
767 820 804 886 ἐν
825 822 980 905 πολέμοις
1001 830 1135 901 πολλοῖς
1157 848 1215 906 γι-

260 923 418 1005 γνόμενοι
432 923 487 987 καὶ
502 919 661 1005 μεγάλαις
675 932 864 1004 συμφοραῖς
876 922 981 987 ἐνίοτε
993 927 1213 1004 περιπίπτον-

261 1047 313 1098 τες
327 1020 382 1087 καλ
396 1025 455 1106 τῆς
467 1018 576 1104 χώρας
594 1016 690 1104 ἡμῶν
703 1014 799 1104 θαμά
821 1023 1060 1106 πορθουμένης
1077 1022 1131 1089 καλ
1157 1048 1214 1087 τε-

261 1121 427 1205 μνομένης
454 1114 664 1186 οὐδεπώποτ’
687 1120 874 1203 ἐβλίφαμεν
890 1117 974 1201 πρὸς
991 1118 1053 1205 τήν
1074 1122 1214 1188 ἐκείνων

261 1225 376 1303 φιλίαν
397 1220 451 1284 καλ
472 1224 678 1302 συμμαχίαν,
708 1214 782 1285 ἀλλ’
799 1213 883 1303 ὑπὲρ
905 1210 954 1287 ών
974 1234 1041 1297 τοῖς
1055 1218 1213 1304 Ἕλλησιν

261 1318 508 1404 ἐπεβούλευσαν
519 1324 695 1403 μισοῦντες
707 1314 832 1395 αύτούς
844 1321 1074 1404 διετελέσαμεν
1084 1328 1215 1405 μᾶλλον

196 1442 242 1495 ιος
263 1415 376 1505 ήτοιλς
390 1422 487 1506 ἐντῷ
502 1416 643 1501 παρόντι
660 1424 769 1494 κακῶς
788 1415 870 1501 ἡμᾶς
885 1425 1080 1498 ποιοῦντας·
1105 1429 1214 1487 Λακε-
1233 1430 1287 1483 ²54
1356 1441 1357 1539 χ

262 1518 430 1602 δαιμόνιοι
452 1485 483 1583 ιλ
509 1512 587 1582 οὔτε
603 1517 784 1601 πάσχοντες
799 1513 904 1583 κακόν
922 1513 1080 1584 οὐδέν’
1038 1543 1115 1585 ουτε
1132 1519 1213 1604 μέλ-

261 1625 377 1693 λοντες
391 1614 469 1682 ούτε
479 1615 669 1693 δεδιότεςί
639 1641 654 1680 ε
669 1624 776 1692 ςτοῦτ
779 1611 982 1700 ἀπληστίας
992 1611 1113 1740 ήλθον,
1131 1614 1210 1685 ὥστ’

261 1715 324 1785 οὐκ
339 1716 514 1803 ἐξήρκεσεν
530 1714 641 1791 αὐτοῖς
654 1712 786 1799 ἔχειν
752 1741 813 1800 την
825 1713 906 1782 κατά
918 1724 983 1801 γῆν
994 1714 1111 1805 ἀρχην,
1128 1714 1212 1786 ἀλλά

261 1819 316 1885 καλ
330 1813 393 1901 τήν
410 1815 493 1882 κατὰ
518 1815 691 1882 θάλατταν
711 1815 858 1900 δύναμιν
873 1814 978 1895 οὕτως
993 1819 1212 1904 ἐπεθύμησαν

263 1923 387 2001 λαβεῖν,
405 1913 488 1980 ὥστε
502 1911 584 1980 κατά
603 1910 681 1991 τούς
692 1910 816 1992 αύτούς
829 1914 973 1999 χρόνους
984 1916 1064 1995 τούς
1078 1944 1113 1984 τε
1125 1940 1213 2005 σύμ.

263 2014 388 2099 μάχους
399 2009 478 2091 τούς
491 2009 670 2100 ἡμετέρους
682 2011 873 2095 ἀφίστασαν
890 2018 1134 2101 ἐλευθερώσειν
1149 2014 1213 2085 αύ-

263 2112 341 2191 τούς
354 2111 633 2197 ὑπισχνούμενοι,
661 2116 716 2180 καλ
738 2119 870 2199 βασιλεῖ
888 2118 962 2202 περὶ
978 2126 1089 2202 φιλίας
1106 2121 1211 2185 διελέ-

263 2236 362 2298 γοντο
376 2212 431 2277 καὶ
456 2217 655 2294 συμμαχίας,
681 2212 895 2295 παραδώσειν
914 2212 1004 2304 αύτῷ
1026 2216 1214 2300 φάσκοντες

197 2330 245 2385 104
267 2312 414 2387 ἅπαντας
425 2307 504 2386 τούς
513 2310 565 2377 ἐπὶ
580 2316 638 2395 τῆς
645 2306 753 2388 Ἀσίας
763 2322 1013 2393 κατοικοῦντας·
1037 2321 1161 2394 πίστεις
1176 2315 1244 2385 esth

263 2413 378 2489 ιλόντες
408 2410 539 2486 τούτοις
570 2405 770 2495 ἀμφοτέροις
797 2415 853 2479 καὶ
884 2414 1214 2501 καταπολεμήσαντες

263 2511 357 2598 ἡμᾶς,
372 2506 432 2587 ούς
437 2508 500 2594 μὲν
507 2509 750 2591 ἐλευθερώσειν
758 2507 904 2595 ώμοσαν,
918 2516 1212 2583 κατεδουλώσαντο

263 2620 391 2699 μᾶλλον
408 2605 430 2696 ή
448 2607 527 2687 τούς
548 2612 712 2693 Εἵλωτας,
736 2618 868 2697 βασιλεῖ
886 2616 922 2679 δὲ
943 2615 1100 2700 τοιαύτην
1115 2615 1213 2699 χάριν

264 2710 449 2786 ἀπέδοσαν,
476 2705 549 2775 ὥστ’
574 2715 709 2777 ἔπεισαν
725 2707 785 2776 τόν
803 2708 953 2796 ἀδελφὸν
975 2710 1081 2780 αὐτοῦ
1098 2721 1214 2798 Κῦρον

262 2811 342 2878 ὄντα
360 2810 525 2892 νεώτερον
543 2805 764 2893 ἀμφισβητεῖν
779 2816 837 2894 τῆς
847 2816 1026 2896 βασιλείας,
1041 2812 1096 2879 καλ
1112 2832 1213 2895 στρα-

263 2911 405 2978 τόπεδον
427 2904 517 2996 αύτῷ
544 2908 807 2993 συναγαγόντες,
833 2909 1019 2995 στρατηγόν
1045 2911 1214 2996 Κλέαρχον

200 3033 246 3082 105
262 3008 507 3095 ἐπιστήσαντες,
527 3005 723 3093 ἀνέπεμψαν
738 3003 790 3075 ἐπ’
817 3010 963 3076 ἐκεῖνον·
991 3005 1215 3094 ἀτυχήσαντες

265 3107 296 3177 δ’
316 3111 354 3176 ἐν
372 3107 504 3186 τούτοις
524 3110 579 3175 καλ
602 3109 812 3192 γνωσθέντες
854 3098 902 3173 ών
923 3107 1120 3192 ἐπεθύμουν
1158 3110 1241 3177 nale

264 3208 460 3296 μισηθέντες
474 3203 540 3274 ὑπό
556 3208 754 3285 πάντων,ει’ς
768 3205 914 3291 πόλεμον
928 3207 983 3274 καλ
998 3204 1142 3292 ταραχάς
1156 3230 1213 3272 το-

264 3307 388 3384 σαύτας
414 3308 634 3391 κατέστησαν,
665 3304 745 3383 ὅσας
765 3304 852 3383 είκός
872 3301 952 3383 τούς
973 3305 1027 3372 καλ
1045 3305 1119 3389 περὶ
1133 3302 1214 3384 τούς

257 3408 417 3491 Έλληνας
441 3409 496 3474 καλ
524 3402 603 3483 τούς
628 3403 822 3492 βαρβάρους
842 3404 1114 3491 ἐξημαρτηκότας.
1138 3405 1213 3487 περὶ

267 3498 316 3573 ών
330 3502 393 3570 οὐκ
405 3502 469 3571 οἷδ’
483 3503 502 3571 ὅ
516 3532 548 3572 τι
564 3508 617 3572 δεῖ
628 3512 731 3572 πλείω
746 3512 886 3589 λέγοντα
902 3507 1100 3590 διατρίβειν,
1127 3502 1215 3590 πλήν

265 3602 677 3691 ὅτικατανανμαχηθέντες
690 3601 757 3671 ὑπό
767 3629 802 3673 τε
808 3611 865 3690 τῆς
872 3604 1034 3692 βασιλέως
1040 3602 1216 3705 δυνάμεως
