2859 4334
460 413 833 474 ΠΛΝΗΓΤΡΙΚΟΣ.
1082 411 1124 476 59

123 589 151 645 16
163 593 291 652 σαντες.
308 569 350 641 οά
360 572 427 662 γάρ
435 573 633 660 ἀλιγάρουν
642 579 711 640 τῶν
722 583 858 661 κοινῶν,
871 571 1124 643 οὐδ’ἀπέλαυοκ

166 675 229 758 μὲν
240 668 288 750 ῶς
297 675 404 758 ἰδίων,
415 670 563 759 ἠμέλουν
573 666 605 737 δ’
616 666 661 749 ῶς
671 668 866 759 ἀλλοτρίων,
877 669 952 742 ἀλλ’
964 672 1123 759 ἐκήδοντο

163 772 225 858 μὲν
248 769 293 851 ῶς
313 777 464 858 οἰκείων,
484 768 659 858 ἀπείχοντο
681 767 712 837 δ’
732 770 843 856 ῶσπερ
858 769 920 861 χρή
934 780 1002 841 τῶν
1019 775 1121 859 μηδὲν

163 869 422 957 προσηκόντων·
450 869 529 939 οὐδὲ
550 868 635 956 πρός
650 867 817 957 ἀργύριον
830 870 892 960 τήν
908 870 1152 960 εόδαιμονίανο

163 976 312 1055 ἔκρινον,
327 966 403 1040 ἀλλ’
412 963 511 1049 οὗτος
525 970 635 1038 ἐδόκει
646 977 795 1040 πλοῦτον
806 969 1058 1059 ἀσφαλέστατον
1068 999 1125 1040 κε·

161 1077 310 1157 κτήσθαι
320 1071 376 1138 καί
386 1069 575 1155 κάλλιστον,
590 1066 681 1148 ὅστις
690 1075 830 1138 τοιαῦτα
843 1071 1003 1160 τυγχάνοι
1017 1070 1125 1158 πράτ-

161 1195 247 1252 των,
268 1171 304 1248 ἐξ
319 1160 369 1236 ῶν
379 1165 481 1248 αότός
493 1195 530 1237 τε
543 1171 657 1255 μέλλοι
671 1167 804 1256 μάλιστ’
821 1168 1055 1258 εὐδοκιμήσειν
1070 1171 1124 1238 καί

120 1281 149 1336 Π
163 1281 234 1346 τοις
244 1271 340 1335 παισὶ
350 1273 509 1354 μεγίστην
519 1267 622 1348 δόξαν
636 1275 859 1352 καταλείψειν.
877 1266 957 1338 οὐδὲ
967 1267 1026 1348 τάς
1035 1278 1124 1355 θρα-

163 1364 308 1452 σύτητας
327 1363 386 1445 τάς
407 1363 562 1455 ἀλλήλων
576 1366 728 1453 ἐζήλουν,
752 1364 832 1434 οὐδὲ
853 1364 913 1446 τάς
926 1367 1050 1453 τόλμας
1066 1364 1125 1444 τάς

163 1460 279 1532 αὑτῶν
298 1463 439 1551 ήσκουν,
467 1462 551 1534 ἀλλά
573 1464 766 1551 δεινότερον
785 1467 848 1552 μὲν
864 1465 1018 1550 ἐνόμιζον
1039 1461 1123 1530 εἰναι

162 1569 276 1640 κακῶς
295 1559 362 1631 ἀπό
378 1568 447 1630 τῶν
465 1569 613 1631 πολιτῶν
637 1559 778 1632 ἀκοόειν
797 1558 819 1650 ή
837 1569 945 1642 καλῶς
966 1559 1052 1650 ὑπὲρ
1067 1569 1125 1648 τῆς

162 1661 295 1740 πόλεως
315 1659 559 1749 ἀποθνήσκειν,
582 1667 712 1747 μᾶλλον
731 1658 764 1729 δ’
786 1658 965 1750 ήσχήνοντ’
985 1662 1038 1728 ἐπὶ
1056 1673 1151 1739 τοῖςτ
1178 1713 1196 1752 3

162 1773 292 1838 κοινοῖς
306 1757 541 1848 ἁμαρτήμασιν
555 1756 577 1846 ή
591 1767 658 1828 νῦν
672 1763 726 1829 ἐπὶ
739 1775 808 1840 τοῖς
819 1766 915 1841 ἰδίοις
926 1773 994 1840 τοῖς
1004 1763 1124 1846 σφετέ-

118 1877 151 1933 τε
162 1883 236 1944 μοις
249 1854 378 1925 αάτῶν.
414 1857 547 1926 τούτων
565 1855 599 1925 δ’
618 1848 662 1943 ήν
679 1867 806 1942 αἴτιον,
831 1855 882 1924 ὅτι
897 1854 979 1938 τοάς
998 1861 1125 1947 νόμους

165 1957 348 2041 ἐσκόπουν,
360 1954 451 2035 ὅπως
462 1952 611 2044 ἀκριβῶς
620 1958 677 2024 καί
687 1962 797 2036 καλῶς
807 1958 951 2042 ἕξουσιν,
963 1953 1024 2043 οόχ
1035 1953 1125 2023 οὕτω

160 2054 244 2136 τοάς
264 2058 341 2143 περὶ
360 2062 429 2122 τῶν
448 2059 546 2124 ἰδίων
566 2061 782 2142 συμβολαίων
803 2050 848 2134 ῶς
867 2053 946 2135 τούς
965 2056 1124 2140 περὶτῶν

162 2153 246 2225 καθ’
264 2155 407 2241 ἑκάστην
421 2153 483 2242 τήν
496 2153 626 2242 ήμίραν
639 2155 926 2242 ἐπιτηδευμάτων·
944 2150 1124 2242 ἠπίσταντο

161 2253 248 2343 γάρ,
266 2253 319 2323 ὅτι
333 2267 402 2334 τοῖς
415 2262 529 2334 καλοῖς
543 2250 708 2339 κάγαθοῖς
722 2260 791 2321 τῶν
807 2250 1004 2340 ἀνθρώπων
1023 2249 1124 2320 οὐδὲν

162 2356 278 2442 δεήσει
293 2362 428 2424 πολλῶν
440 2354 658 2442 γραμμάτων,
681 2348 756 2421 ἀλλ’
775 2348 834 2420 ἀπ’
851 2348 975 2440 ὀλίγων
992 2361 1124 2438 συνθη-

162 2455 281 2543 μάτων
301 2456 424 2541 όηιδίως
439 2455 494 2522 καί
515 2456 592 2541 περὶ
605 2460 674 2520 τῶν
689 2456 786 2520 ἰδίων
803 2452 858 2520 καί
877 2454 1035 2536 περὶτῶν
1050 2463 1152 2518 ποι-δ

113 2574 148 2628 79
161 2561 237 2622 νῶν
248 2551 507 2639 ὁμονοήσουσιν.
524 2549 615 2618 οὕτω
625 2550 663 2618 δὲ
671 2556 849 2628 πολιτικῶς
859 2547 958 2635 εἰχον,
974 2548 1058 2616 ῶστε
1068 2551 1124 2616 καί

160 2651 223 2733 τάς
244 2651 378 2731 στάσεις
398 2653 574 2720 ἐποιοῦντο
589 2646 675 2735 πρός
687 2646 871 2735 ἀλλήλους,
893 2645 954 2734 οὐχ
968 2644 1123 2732 ὁπότεροι

159 2749 244 2832 τοάς
258 2753 392 2836 ἐτέρους
405 2748 628 2829 ἀπολέσαντες
641 2756 711 2817 τῶν
722 2754 849 2816 λοιπῶν
859 2745 1032 2833 ἀρξουσιν,
1047 2740 1120 2815 ἀλλ’

159 2849 322 2935 ὁπότεροι
332 2849 524 2938 φθήσονται
534 2846 597 2937 τήν
611 2848 710 2918 πόλιν
721 2844 856 2934 ἀγαθόν
865 2873 897 2913 τι
908 2843 1121 2933 ποιήσαντες·

158 2952 217 3018 καί
230 2946 293 3027 τάς
308 2951 468 3035 ἑταιρείας
483 2956 633 3035 συνῆγον
648 2943 710 3033 οόχ
724 2943 810 3031 ὑπὲρ
825 2951 893 3013 τῶν
907 2948 976 3035 ἰδίη
990 2963 1122 3032 συμφε-
1144 3007 1169 3030 χ

106 3064 144 3118 80
158 3048 298 3133 ρόντων
311 3043 386 3118 ἀλλ’
402 3049 455 3116 ἐπὶ
468 3055 509 3137 τῇ
521 3052 584 3115 τοῦ
598 3047 753 3133 πλήθους
768 3043 920 3135 ἀφελείᾳ.
943 3043 1005 3113 τόν
1018 3041 1124 3113 αὐτόν

157 3145 345 3229 δὲτρόπον
358 3145 414 3212 καὶ
428 3144 469 3212 τά
483 3151 553 3212 τῶν
566 3141 678 3212 ἀλλων
696 3141 854 3234 διῴκουν,
876 3143 1124 3228 θεραπεύοντες

157 3243 238 3314 ἀλλ’
263 3241 326 3331 οὐχ
344 3243 536 3333 ὑβρίζοντες
553 3240 823 3328 τοόςἝλληνας,
849 3244 904 3310 καί
926 3253 1148 3326 στρατηγεῖνε

156 3346 316 3430 οἰόμενοι
331 3345 403 3410 δεῖν
417 3339 502 3411 ἀλλά
517 3339 562 3429 μή
576 3354 758 3425 τυραννεῖν
771 3338 901 3423 αὐτῶν,
923 3342 978 3406 καὶ
995 3344 1123 3424 μᾶλλον

157 3448 412 3529 ἐπιθυμοῦντες
425 3439 587 3527 ἡγεμόνες
600 3437 621 3527 ἢ
636 3438 794 3507 δεσπόται
808 3435 1123 3523 προσαγορεύεσθαι
1216 3487 1219 3494 -

157 3541 220 3608 καί
246 3546 392 3626 σωτῆρες
416 3536 502 3608 ἀλλά
525 3537 570 3625 μή
593 3544 764 3624 λυμεῶνες
791 3532 1050 3619 ἀποκαλεῖσθαι,
1076 3541 1122 3623 τῷ

158 3652 276 3705 ποιεῖν
293 3630 332 3705 εὖ
344 3637 591 3723 προσαγόμενοι
608 3635 668 3715 τάς
684 3636 799 3714 πόλεις
813 3631 887 3703 ἀλλ’
900 3632 942 3702 οό
952 3640 1010 3724 βίᾳ
1020 3659 1121 3702 κατα-
