2859 4334
319 347 379 411 122
598 350 679 407 1Σο
689 349 779 406 κΡΑ
792 350 918 407 ΤονΣ
936 354 1000 423 (ιο)

316 508 377 593 τήν
394 506 458 576 ὑπό
473 516 541 576 τῶν
557 507 669 576 ἄλλων
684 509 746 593 μὲν
762 504 1013 593 ἀγνοουμένην,
1029 504 1090 574 ὑπ’
1107 506 1224 575 αὐτῶν
1239 510 1276 575 δὲ

315 608 443 674 τούτων
465 603 740 693 άντιλεγομένην,
763 604 827 692 ἐγώ
848 604 881 672 δ’
903 608 955 674 ἐπὶ
975 604 1037 693 τήν
1053 604 1119 674 ὑπό
1137 608 1278 675 πάντων

266 716 302 770 8ο
316 702 604 792 ὁμολογουμένην·
627 703 793 783 κάκείνοις
814 705 876 790 μὲν
889 704 1018 791 όπόχρη
1034 712 1215 791 τοσοῦτον,
1233 701 1281 790 ἢν

317 808 543 892 ἐπαγαγέσθαι
563 802 656 883 τινάς
677 812 716 893 τῇ
738 805 818 893 δόξη
839 810 878 891 τή
892 810 960 870 των
976 800 1154 889 ὀνομάτων
1169 808 1278 888 δυνη-

317 912 426 972 θῶσιν
449 911 494 983 είς
507 903 569 990 τήν
584 902 697 972 αὑτων
713 902 864 989 ὁμιλίαν,
888 903 952 990 ἐγω
968 903 1005 970 δὲ
1019 909 1086 970 τῶν
1101 904 1165 989 μὲν
1181 907 1278 970 ίδιω-
1348 944 1349 949 1

317 1012 384 1071 τῶν
395 1001 517 1071 οὐδένα
527 1005 660 1071 πώποτε
670 1004 863 1089 φανήσομαι
873 1006 1103 1087 παρακαλέσας
1113 996 1160 1069 ἐπ’
1172 1005 1278 1086 ἐμαυ-

317 1101 393 1185 τόν,
413 1101 475 1188 τήν
497 1103 532 1169 δὲ
552 1102 652 1170 πόλιν
674 1100 758 1188 ὅλην
779 1109 941 1187 πειρῶμαι
963 1109 1096 1170 πείθειν
1110 1103 1280 1178 τοιούτοις

317 1201 508 1286 πράγμασιν
523 1203 709 1286 ἐπιχειρεῖν,
726 1204 758 1282 ἐξ
773 1192 822 1267 ὦν
837 1197 934 1267 αὐτοί
946 1196 975 1267 τ’
992 1197 1279 1285 εὐδαιμονήσουσι

315 1306 369 1373 καὶ
383 1302 461 1381 τούς
474 1300 762 1388 άλλονςἜλληνας
772 1310 840 1369 τῶν
851 1304 1028 1387 παρόντων
1040 1309 1155 1370 κακῶν
1167 1299 1277 1369 άπαλ-

267 1416 302 1472 86
317 1404 485 1481 λάξουσιν.
520 1407 626 1468 καίτοι
645 1399 705 1466 τόν
727 1401 853 1477 πάντας
873 1397 953 1479 τούς
975 1408 1110 1479 πολίτας
1130 1404 1276 1484 προτρέ-

317 1526 394 1568 πειν
414 1500 701 1585 προθυμούμενον
723 1497 806 1580 πρός
822 1496 863 1572 ,τό
885 1501 1017 1585 βέλτιον
1039 1501 1093 1568 καὶ
1109 1501 1275 1568 δικαιότε-

318 1626 379 1682 ρον
395 1607 578 1685 προστῆναι
594 1605 662 1665 τῶν
672 1596 852 1684 Ἑλλήνων,
869 1607 939 1677 πῶς
956 1597 1042 1677 εἰκός
1056 1609 1177 1667 τούτου
1195 1598 1276 1678 τούς
1348 1640 1349 1643 ¹

317 1698 482 1775 συνόντας
496 1701 726 1782 διαφθείρεινς
743 1704 790 1775 τίς
804 1696 839 1764 δὲ
853 1699 1027 1775 τοιούτους
1041 1698 1164 1784 λόγους
1180 1696 1274 1782 εὑρί-

317 1821 409 1865 σκειν
444 1796 631 1881 δυνάμενος
656 1794 826 1880 πονηρούς
856 1791 900 1863 όν
926 1798 982 1863 καὶ
1010 1800 1084 1880 περὶ
1114 1806 1275 1884 πονηρῶν

316 1895 520 1980 πραγμάτων
535 1900 640 1979 ζητεῖν
654 1889 901 1979 ἐπιχειρήσειεν,
918 1892 1024 1973 άλλως
1039 1922 1073 1961 τε
1087 1900 1141 1963 καὶ
1156 1901 1276 1964 διαπε-
1291 1908 1318 1961 θλ

316 1995 506 2080 πραγμένος
521 1991 579 2061 ἀπ’
597 1990 710 2060 αὐτῶν
727 1991 814 2075 άπερ
830 1992 910 2078 έγτό;

264 2108 298 2164 87
399 2092 471 2178 (κέ.
482 2093 533 2178 *γ’
549 2102 560 2174 )
585 2092 722 2159 Τούτων
736 2089 800 2177 γὰρ
815 2092 1014 2176 γραφέντων
1025 2094 1078 2159 καὶ
1092 2093 1275 2159 διαδοθέν-

317 2219 385 2262 των
399 2196 453 2259 καῖ
471 2192 572 2272 δόξαν
587 2198 684 2276 ἔσχον
698 2188 788 2274 παρά
805 2198 939 2269 πολλοῖς
952 2193 1005 2257 καὶ
1021 2187 1173 2277 μαθητάς
1188 2200 1274 2258 πολ-

316 2291 397 2374 λοὺς
412 2299 549 2379 ἔλαβον,
566 2283 614 2358 ὦν
629 2288 739 2368 οὐδεὶς
757 2286 800 2357 άυ
816 2294 1032 2376 παρέμεινεν,
1057 2297 1086 2358 εί
1098 2290 1142 2377 μή
1158 2298 1273 2358 τοιοῦ-

316 2422 376 2464 τον
392 2392 472 2462 ὄντα
486 2416 527 2477 με
542 2392 741 2477 κατέλαβον,
758 2384 830 2457 οἷόν
845 2415 907 2476 περ
919 2389 1189 2476 προσεδόκησαν·
1205 2400 1275 2457 νυν

317 2495 352 2562 δὲ
369 2490 539 2559 τοσούτων
552 2491 797 2576 γεγενημένων,
812 2490 865 2555 καὶ
881 2495 948 2555 των
962 2490 1024 2574 μὲν
1035 2496 1090 2575 έτη
1101 2495 1187 2573 τρία,
1202 2514 1274 2555 ταν

316 2595 352 2661 δὲ
367 2594 503 2673 τέτταρα
517 2591 834 2674 συνδιαιτηθέντων,
849 2584 958 2665 οὐδεὶς
972 2585 1072 2655 οὐδὲν
1087 2588 1274 2674 φανήσεται

267 2705 302 2761 88
316 2702 384 2761 των
398 2686 477 2772 παρ’
494 2690 565 2774 ἐμοὶ
575 2689 801 2773 μεμψάμενος,
818 2682 892 2755 ἀλλ’
905 2688 957 2754 ἐπὶ
968 2694 1129 2773 τελευτῆς,
1142 2684 1192 2753 ὅτ’
1206 2686 1273 2772 ἤδη

316 2794 468 2879 μέλλοιεν
485 2785 648 2855 άποπλεῖυ
671 2784 715 2864 ὡς
736 2782 815 2864 τούς
835 2786 953 2871 γονέας
974 2787 1027 2852 καὶ
1049 2783 1127 2864 τούς
1149 2791 1273 2869 φίλους

316 2888 395 2969 τούς
410 2885 533 2969 αὑτῶν,
550 2884 656 2964 οὕτως
671 2882 811 2971 ἠγάπων
825 2883 886 2970 τήν
902 2881 1075 2971 διατριβήν
1094 2882 1177 2950 ὥστε
1189 2882 1273 2968 μετά

317 2990 429 3059 πόθου
441 2989 495 3055 καὶ
507 2986 664 3069 δακρύων
675 2996 844 3053 ποιεῖσθαι
857 2982 918 3070 τήν
933 2980 1137 3069 ἀπαλλαγήν.
1163 2989 1272 3051 καίτοι

320 3092 442 3176 πότερα
457 3083 519 3173 χρή
542 3086 712 3152 πιστεύειν
728 3081 815 3169 ὑμᾶς
829 3098 897 3163 τοῖς
912 3088 1027 3169 σαφῶς
1042 3084 1274 3169 ἐπισταμένοις

320 3192 373 3258 καὶ
396 3184 475 3265 τούς
497 3185 618 3271 λόγους
638 3185 693 3251 καὶ
706 3181 767 3251 τόν
781 3184 907 3269 τρόπον
921 3179 981 3249 τόν
995 3178 1092 3266 ἐμόν,
1107 3175 1127 3265 ή
1143 3187 1189 3269 τῷ
1206 3207 1271 3266 μη-
1347 3246 1348 3267 3

319 3291 376 3359 δδν
397 3287 459 3375 μὲν
479 3284 579 3353 εἰδότι
599 3290 667 3350 τῶν
681 3287 786 3369 ἐμῶν,
810 3284 1030 3370 προῃρημένῳ
1045 3281 1080 3346 δὲ
1095 3301 1271 3365 συκοφαν-
1347 3272 1348 3323 f

268 3400 303 3455 09
317 3402 403 3468 τεῖος
417 3381 454 3464 δς
468 3389 514 3460 είς
530 3389 692 3449 τοσοῦτον
708 3390 870 3468 πονηρίας
884 3384 939 3448 καὶ
956 3380 1077 3465 τόλμης
1091 3380 1270 3465 ἐλήλυθεν,

316 3485 400 3555 ὥστε
414 3483 642 3570 γραψάμενος,
659 3479 703 3560 ὡς
718 3482 839 3567 λόγους
855 3481 1017 3563 διδάσκω,
1040 3474 1084 3545 δι’
1105 3470 1154 3545 όν
1170 3487 1270 3547 πλεο-

317 3585 512 3668 νεκτήσουσι
534 3579 623 3666 παρὰ
638 3580 675 3647 τό
691 3584 833 3663 δίκαιον,
849 3578 1019 3658 ἀπόδειξιν
1034 3576 1096 3662 μὲν
1110 3576 1270 3658 οὐδεμίαν
