2859 4334
270 393 292 454 ο
542 395 886 472 [ιεοιτνλτονεη
909 400 957 473 (ι)

229 571 263 623 ⁶22
273 553 457 639 ἅνθρωπος
471 549 520 621 ἀν
530 551 796 642 ύπομιμνήσκης.
823 561 968 623 Μᾶλλον
984 553 1077 644 τήρει
1087 582 1147 635 τας
1161 562 1230 623 των
1343 623 1344 644 ρ

272 652 384 739 λόγων
397 647 419 738 ή
431 648 491 731 τᾶς
503 659 572 722 τῶν
587 654 766 739 χρημάτων
779 654 1080 742 παρακαταθήκας·
1102 661 1153 724 δεῖ
1162 651 1229 741 γάρ

271 750 351 830 τούς
366 747 519 837 ἀγαθούς
533 750 660 837 ἀνδρας
673 752 802 835 τρόπον
816 750 923 837 ὅρκου
936 753 1135 841 πιστότερον
1148 758 1230 839 φαί,
1344 790 1345 793 “

272 861 394 920 υεσθαι
409 856 664 936 παρεχομένους.
689 849 874 936 προσήκειν
888 847 976 936 ἡγοῦ
989 867 1057 932 τοῖς
1069 864 1231 938 πονηρολς

272 948 440 1036 ἀπιστεῖν,
464 949 576 1036 ὥσπερ
596 966 664 1030 τοῖς
686 965 840 1037 χρηστοῖς
856 952 1036 1020 πιστεύειν.
1066 952 1142 1036 περὶ
1160 955 1231 1017 τῶν
1345 943 1346 964 ’

272 1047 472 1138 ἀπορρήτων
482 1051 693 1138 μηδενὶλέγε,
703 1046 793 1136 πλήν
801 1046 862 1117 ἐᾶν
873 1046 996 1135 ὁμοίως
1006 1051 1162 1137 συμφέρη
1171 1044 1261 1126 τάςε
1346 1074 1347 1095 ·

271 1149 407 1232 πράξεις
420 1157 614 1218 σιωπᾶσθαι
630 1155 688 1216 σοί
708 1175 743 1216 τε
763 1155 809 1238 τῷ
824 1149 956 1232 λέγοντι
976 1144 1144 1226 κάκείνοις
1159 1160 1230 1226 τοῖς

229 1262 264 1316 23
274 1244 468 1316 ἀκούουσιν.
485 1245 588 1332 ὅρκον
597 1245 743 1316 ἐπακτὸν
753 1249 941 1332 προσδέχου
950 1243 1005 1314 διά
1018 1245 1083 1338 δύο
1093 1244 1230 1333 προφύ-

272 1367 352 1429 σεις,
367 1339 544 1432 ἢσεαυτδν
559 1352 663 1426 αἰτίας
679 1353 816 1433 αἰσχρᾶς
830 1343 1004 1432 ἀπολύων,
1018 1341 1040 1434 ἦ
1055 1352 1175 1433 φίλους
1190 1345 1228 1413 έκ

272 1444 428 1531 μεγάλων
438 1445 609 1514 κινδύνων
619 1445 801 1527 διασόζων.
818 1447 916 1512 ἕνεκα
927 1445 964 1513 δὲ
972 1444 1153 1532 χρημάτων
1163 1471 1229 1530 μη-

273 1547 352 1612 δένα
366 1551 459 1612 θεῶν
474 1541 613 1634 ὀμόσῃς,
634 1541 713 1631 μηδ’
734 1539 778 1612 ἀν
793 1540 947 1628 εύορκείν
961 1546 1095 1633 μέλλης·
1121 1541 1255 1624 δόξειςτ

272 1641 337 1730 γὰρ
352 1658 421 1722 τοῖς
433 1643 496 1729 μὲν
512 1647 696 1732 ἐπιορκεῖν,
712 1658 782 1722 τοῖς
794 1644 830 1711 δὲ
841 1642 1096 1729 φιλοχρημάτως
1106 1648 1203 1728 ἔχειν.

229 1761 265 1813 24
357 1745 500 1829 Μηδένα
511 1749 613 1828 φίλον
626 1750 744 1829 ποιοῦ,
761 1743 842 1829 πρὶν
852 1737 897 1809 ᾶν
908 1743 1076 1830 έξετύοης,
1091 1748 1161 1820 πῶς
1171 1745 1228 1808 κέ-

270 1869 388 1928 χρηται
400 1856 470 1921 τοῖς
490 1841 655 1928 πρότερον
674 1848 801 1929 φίλοις·
832 1847 940 1922 ἔλπιζε
959 1837 1025 1929 γάρ
1046 1837 1151 1908 αύτδν
1172 1843 1228 1908 καὶ

271 1945 346 2026 περὶ
366 1942 404 2009 οὲ
425 1944 584 2028 γενέσθαι
610 1949 781 2025 τοιοῦτον,
810 1935 879 2020 οἷος
903 1942 959 2009 καλ
981 1941 1057 2025 περὶ
1078 1943 1228 2018 ἐκείνους

270 2044 396 2126 γέγονε.
422 2045 572 2127 βραδέως
581 2044 644 2128 μὲν
659 2048 757 2127 φίλος
768 2048 899 2126 γίγνου,
913 2040 1096 2127 γενόμενος
1105 2040 1142 2108 δέ
1153 2063 1228 2106 πει-

271 2165 318 2225 ρω
331 2140 510 2225 διαμένειν.
531 2136 653 2227 ὁμοίως
662 2137 728 2228 γάρ
740 2136 878 2227 αίσχρδυ
889 2143 1017 2227 μηδένα
1027 2144 1128 2225 φίλον
1139 2143 1228 2226 έχειν

270 2241 325 2307 καὶ
335 2236 481 2318 πολλούς
493 2240 644 2323 ἑταίρους
654 2239 897 2325 μεταλλάττειν.
913 2237 996 2325 μήτε
1006 2235 1088 2324 μετὰ
1100 2237 1255 2325 βλύβηςι)

270 2345 374 2425 πειρῶ
396 2344 591 2425 τῶνφίλων
612 2338 688 2425 μήτ’
715 2337 852 2426 ἄπειρος
879 2335 966 2405 εἶναι
990 2343 1060 2404 τῶν
1085 2340 1228 2422 ἑταίρων

270 2437 359 2505 θέλε.
380 2438 531 2505 τοῦτοδὲ
548 2438 715 2524 ποιήσεις,
732 2433 793 2505 ἐᾶν
806 2433 850 2525 μή
866 2435 1025 2522 δεόμενος
1039 2433 1077 2504 τὸ
1093 2440 1227 2505 δεῖσθαι

225 2552 258 2604 25
270 2543 444 2624 προσποιῇ.
467 2538 544 2623 περὶ
555 2543 624 2603 τῶν
634 2538 746 2624 ῥητῶν
757 2532 803 2616 ὥς
813 2533 1014 2622 ἀπορρήτων
1025 2529 1225 2603 ἀνακοινού·

270 2631 314 2719 μή
329 2630 440 2720 τυχάν
453 2634 516 2720 μέν
531 2632 595 2720 γὰρ
612 2632 713 2703 οὐδέν
730 2633 909 2723 βλαβήσει,
923 2630 1035 2718 τυχόν
1046 2633 1083 2700 δὲ
1096 2639 1226 2720 μᾶλλον

269 2730 381 2800 αὐτῶν
395 2730 455 2800 τόν
465 2733 593 2818 τρόπον
605 2734 781 2819 ἐπιστήσει.
801 2739 953 2817 δοκίμαζε
965 2729 1045 2810 τούς
1057 2736 1177 2817 φίλους
1188 2734 1225 2799 ἐκ

269 2858 305 2898 τε
318 2839 375 2917 της
389 2835 465 2919 περὶ
476 2828 537 2900 τδν
548 2840 625 2922 βίον
639 2830 774 2920 ἀτυχίας
787 2835 843 2914 καλ
856 2838 914 2917 τῆς
925 2833 962 2899 έν
972 2843 1041 2908 τοῖς
1052 2829 1226 2909 κινδύνοις

268 2937 462 3009 κοινωνίας·
483 2929 521 2998 τδ
537 2929 679 3019 μὲνγὰρ
692 2938 832 3019 χρυσίον
846 2933 884 2999 έν
898 2937 943 3022 τῷ
957 2932 1037 3018 πυρὶ
1047 2935 1224 3018 βασανιῖο-

268 3055 348 3114 μεν,
364 3024 443 3105 τούς
454 3029 490 3096 δέ
505 3035 625 3114 φίλους
635 3033 673 3100 έυ
683 3043 754 3108 ταῖς
764 3028 913 3116 ἀτυχίαις
923 3028 1220 3115 διαγιγνώσκομεν.
1238 3062 1254 3099 c

269 3123 376 3204 οὕτως
392 3123 512 3210 ἀριστα
526 3129 640 3214 χρήσει
657 3144 726 3208 τοῖς
742 3135 871 3224 φίλοις,
894 3127 954 3196 έάυ
969 3127 1013 3215 μή
1035 3132 1226 3218 προσμένης

270 3221 328 3303 τὰς
341 3220 421 3309 παρ’
438 3225 577 3292 ἐκείνων
588 3226 732 3315 δεήσεις,
748 3224 823 3297 ἀλλ’
836 3225 1102 3313 αύτεπάγγελτος
1113 3225 1227 3306 αὐτοῖς

228 3341 262 3394 τό
273 3327 310 3390 ἐν
323 3337 392 3401 τοῖς
407 3338 536 3410 καιροῖς
550 3332 689 3415 βοηθής.
717 3323 839 3414 ὁμοίως
853 3321 992 3412 αίσχρδν
1012 3323 1098 3394 εἶναι
1111 3324 1225 3412 νόμιζε

266 3429 336 3487 τῶν
350 3423 483 3505 έχδρᾶν
497 3429 659 3490 νικᾶσθαι
672 3439 743 3502 ταῖς
754 3429 962 3502 κακοποιίαις
971 3426 1026 3491 καὶ
1036 3434 1105 3492 τῶν
1116 3429 1227 3510 φίλων

268 3515 433 3605 ἡττᾶσθαι
445 3533 517 3598 ταῖς
531 3517 744 3608 εὐεργεσίαις.
765 3520 932 3619 ἀποδέχου
945 3531 1014 3590 των
1027 3526 1168 3607 ἑταίρων
1178 3519 1222 3610 μή

268 3617 377 3702 μόνον
390 3615 470 3696 τούς
484 3620 534 3685 ε’πῖ
552 3634 620 3698 τοῖς
642 3636 756 3700 κακοῖς
770 3627 1049 3706 δυσχεραίνοντας
1069 3618 1151 3689 ἀλλά
1169 3621 1225 3688 καὶ
