2859 4334
318 384 356 447 78
590 385 777 442 ΙΣΟΚΡΛ
788 388 840 444 ΤΟ
852 390 911 443 ΤΣ
930 391 993 463 (Ιῖ)

316 553 406 629 δρῶν
417 544 725 630 καταπεφρόνηκεν,
738 542 811 611 ἀλλ’
825 548 1070 633 ἐπιθυμοῦντες
1081 564 1193 633 τυχεῖν
1204 546 1263 615 αύ-

314 656 370 732 της
388 645 449 713 ούκ
467 652 556 712 ἔστιν
573 642 689 710 ὅντινα
706 648 867 711 κίνδυνον
884 643 944 730 οὐχ
960 644 1182 732 ὑπομένουσι,
1204 645 1266 733 τὴν

315 750 350 814 δὲ
370 743 453 813 κατὰ
473 742 533 811 τόν
554 741 715 828 λογισμόν
736 752 803 810 των
818 750 1034 832 πειρωμένων
1050 749 1263 833 στοχάζεσθαι

314 852 370 931 της
391 843 566 929 ἀληθείας,
593 840 673 924 παρ’
691 840 740 921 οἷς
763 841 952 929 εὐδοκιμεῖν
973 846 1015 911 ἄν
1037 874 1124 926 τινες
1140 851 1264 915 ἕλοιντο

312 953 441 1031 μᾶλλον
461 940 483 1030 ἢ
504 943 594 1026 παρὰ
614 957 681 1019 τοῖς
696 941 808 1021 ἄλλοις
829 948 1013 1021 διπλασίοις
1034 950 1226 1030 γενομένοις
1244 942 1288 1031 ἦε

316 1054 379 1112 νῦν
398 1052 515 1113 εἰσίν.“

208 1181 210 1184 -
246 1164 295 1217 ἐον
395 1146 490 1232 (ρβ.)
512 1141 718 1230 ,,Ἀπληστως
734 1144 768 1210 δὲ
786 1150 993 1230 διακείμενος
1009 1150 1046 1213 ἐν
1063 1154 1109 1235 τῷ
1125 1148 1263 1229 παρόντι

312 1242 396 1327 πρός
410 1243 446 1309 τό
466 1248 575 1329 λέγειν
596 1247 651 1310 καλ
667 1241 764 1311 πόλλ’
781 1240 824 1309 άν
841 1252 944 1311 εἰπεῖν
962 1252 1046 1330 ἔχων
1063 1253 1109 1313 ε”τι
1125 1250 1265 1329 καὶπερὶ

313 1350 375 1409 σου
393 1345 446 1409 καὶ
466 1345 540 1426 περὶ
562 1358 633 1409 τοῖν
655 1345 789 1409 πολέοιν
810 1346 863 1409 καὶ
881 1347 954 1427 περὶ
970 1353 1030 1411 τοῦ
1046 1347 1150 1428 λόγου
1164 1353 1265 1412 ταῦτα

313 1443 374 1526 μὲν
389 1444 487 1523 ἐάσω,
503 1444 577 1523 περὶ
594 1434 643 1508 ὧν
659 1444 693 1507 δὲ
709 1451 968 1528 παρακληθῆναι
981 1470 1021 1527 με
1037 1444 1079 1509 σύ
1095 1443 1177 1531 φῂς,
1194 1446 1266 1527 περὶ
1279 1458 1316 1510 βλ

312 1542 440 1606 τούτων
454 1537 702 1624 ἀποφανοῦμαι.
728 1541 950 1626 συμβουλεύω
964 1543 1028 1627 γάρ
1042 1563 1094 1609 σοι
1109 1545 1191 1629 μήτε
1207 1570 1266 1609 ιια·

312 1640 447 1705 τακάειν
462 1635 522 1704 τόν
539 1638 640 1723 λόγον
657 1638 733 1724 μήτ’
750 1637 939 1723 ἀφανίζειν,
964 1640 1037 1708 ἀλλ’
1055 1653 1088 1710 ελ
1105 1659 1195 1720 τινος
1211 1646 1262 1709 ἐν·

313 1738 389 1823 δεής
402 1740 482 1818 ἐστι,
498 1739 733 1821 διορθώσοντα
749 1742 800 1807 καὶ
815 1744 1077 1825 προσγράψαντα
1088 1743 1196 1819 πάσας
1208 1742 1264 1820 τὰς

312 1836 482 1923 διατριβάς
500 1836 753 1918 ταςπερὶαύτον
766 1840 1181 1921 γεγενημέναςδιαδιδόναι
1198 1856 1264 1918 τοῖς

246 1956 295 2008 263
311 1940 529 2023 βουλομένοις
546 1934 738 2019 λαμβάνειν,
750 1946 842 2018 εἴπερ
856 1939 970 2024 βούλει
983 1949 1187 2025 χαρίσασθαι
1203 1940 1264 2025 μὲν

312 2049 379 2112 τοῖς
393 2036 646 2111 ἐπιεικεστάτοις
662 2043 728 2101 των
738 2036 905 2120 Ἑλλήνων
921 2038 973 2102 καὶ
988 2050 1056 2113 τοῖς
1071 2034 1115 2115 ὡς
1130 2036 1266 2123 άληθῶς

312 2140 558 2220 φιλοσοφοῦσιν
573 2132 656 2202 άλλάι
672 2133 716 2220 μὴ
734 2140 1051 2220 προσποιουμένοις,
1067 2144 1215 2221 λυπῆσαι
1231 2142 1265 2207 δὲ
1278 2151 1288 2196 ῑι

311 2231 389 2311 τούς
403 2235 637 2318 θαυμάζοντας
653 2234 715 2318 μὲν
731 2236 771 2301 τά
782 2233 824 2301 σά
837 2242 965 2320 μᾶλλον
975 2242 1043 2302 των
1053 2236 1176 2321 ἄλλον,
1192 2247 1265 2305 λοι-

312 2336 538 2418 δορουμένους
551 2336 663 2410 δὲτοῖς
675 2334 786 2418 λόγοις
800 2350 867 2413 τοῖς
881 2350 952 2414 σοῖς
963 2338 999 2402 ἐν
1006 2351 1074 2413 τοῖς
1081 2335 1265 2421 όχλοιςτοῑς

310 2446 567 2519 πανηγυρικοῖς,
595 2434 632 2498 ἐν
657 2427 705 2509 οἷς
730 2441 864 2510 πλείους
880 2437 962 2501 είσλν
986 2439 1020 2501 οἱ
1038 2437 1265 2514 καθεύδοντες

311 2539 378 2599 τῶν
393 2528 628 2616 ἀκροωμένων,
645 2533 699 2598 καὶ
714 2535 984 2613 προσδοκῶντας.
1004 2528 1047 2619 ἢν
1069 2535 1264 2618 παρακρού-

311 2652 434 2697 σωνται
444 2629 523 2707 τούς
534 2630 715 2707 τοιούτους,
729 2632 926 2714 ἐναμίλλους
940 2629 1018 2709 τούς
1030 2629 1143 2699 αὑτῶν
1164 2634 1264 2719 γενή·

311 2740 430 2796 σεσθαι
441 2744 508 2805 τοῖς
520 2725 585 2795 ὑπὸ
599 2736 663 2795 σοῦ
677 2738 928 2815 γεγραμμένοις,
940 2737 1049 2809 κακῶς
1061 2733 1193 2811 εἰδότες,
1209 2731 1264 2799 ὅτι

310 2830 413 2894 πλέον
433 2825 705 2912 ἀπολελειμμένοι
727 2836 795 2894 τῶν
816 2836 885 2895 σύν
907 2830 989 2895 είσῖυ
1007 2824 1029 2915 ἢ
1044 2836 1100 2915 τῆς
1115 2828 1264 2915 Ὀμήρου

311 2927 408 3011 δόξης
423 2931 457 2994 οἱ
470 2930 544 3009 περὶ
560 2926 622 3013 τήν
641 2925 749 3013 αὐτὴν
764 2930 879 3018 ἐκείνῳ
897 2936 1031 3015 ποίησιν
1052 2930 1287 3016 γεγονότες.“σ

242 3042 292 3094 264
306 3028 397 3112 (ργ’.)
418 3023 521 3093 Ταῦτ’
541 3027 691 3105 εἰπόντος
707 3024 813 3093 αὐτοῦ
825 3031 878 3095 καλ
890 3026 969 3105 τούς
980 3030 1147 3110 παρόντας
1163 3026 1264 3109 ἆξιεό-

310 3146 429 3203 σαντος
449 3123 709 3212 ἀποφήνασθαι,
731 3129 806 3209 περὶ
828 3118 877 3191 όν
897 3128 1176 3213 παρεκλήθησαν,
1200 3126 1263 3195 οὐκ

309 3228 536 3313 ἐθορύβησαν,
566 3222 586 3291 δ
607 3240 716 3293 ποιεῖν
738 3226 900 3292 είιόθασιν
923 3226 974 3293 ἐπὶ
998 3240 1065 3302 τοῖς
1086 3230 1264 3309 χαριέντως

310 3328 561 3411 διειλεγμένοις,
576 3320 652 3391 ἀλλ’
665 3320 855 3410 ἀνεβόησαν
871 3322 915 3401 ὡς
926 3322 1203 3411 ὑπερβαλλόντως
1215 3332 1261 3393 ελ-

310 3425 465 3511 ρηκότος,
499 3426 554 3491 καλ
574 3425 788 3509 περιστάντες
808 3422 913 3491 αὐτόν
927 3425 1088 3511 ἐπῄνουν,
1111 3426 1260 3510 ἐζήλουν,

310 3526 525 3609 ἐμακάριζον,
546 3525 601 3591 καλ
622 3534 822 3607 προσθεῖναι
838 3524 899 3609 μὲν
915 3521 1015 3591 οὐδὲν
1030 3522 1117 3609 εἶχον
1131 3538 1199 3601 τοῖς
1215 3530 1261 3593 εἰ·

310 3622 466 3705 ρημέυοις
479 3619 554 3689 οὐδ’
569 3620 717 3701 ἀφελεῖν,
735 3630 1027 3707 συναπεφαίνοντο
1042 3626 1076 3689 δὲ
1092 3626 1146 3690 καὶ
1161 3644 1259 3689 συνε-
