2859 4334
270 376 313 439 ιο
539 380 947 459 ιεοκνκνονερι)Ι
1074 450 1076 455 ,
1359 420 1360 489 ,

206 557 254 610 110
271 554 339 620 τολς
356 540 410 609 ὑπ’
436 544 518 628 ἐμοῦ
541 545 748 629 λεγομένοις,
774 537 853 619 τούς
876 541 910 611 δέ
932 551 1161 630 φαυλοτέρους
1181 541 1222 611 ού

272 640 379 726 μόνον
396 639 525 708 τούτων
540 637 639 717 ὄντας
659 637 743 710 ἀλλὰ
765 640 820 707 καλ
834 646 903 707 τῶν
916 648 1061 727 πολλῶν,
1077 644 1133 712 κοιλ
1147 646 1222 727 περὶ

272 743 332 825 μὲν
347 736 451 806 ἀλλου
462 739 653 824 πρήγματος
664 736 804 816 ούδενδς
817 734 861 807 ἀν
871 742 964 820 οἴους
974 767 1009 809 τε
1019 744 1223 829 γενομένους

273 836 419 918 ἀνεκτῶς
427 846 542 922 εἰπεῖν,
556 842 631 923 περὶ
638 841 673 905 δὲ
679 843 956 925 Λακεδαιμονίων
963 837 1005 909 ού
1013 844 1224 927 δυναμένους

272 944 411 1017 σιωπᾶν,
420 935 503 1005 ἀλλά
522 943 790 1021 προσδοκῶντας,
802 932 845 1024 ήν
856 936 1127 1027 ὑπερβάλλοντας
1142 937 1224 1019 τούς

272 1040 428 1115 ἐπαίνους
444 1039 518 1122 περὶ
530 1039 668 1105 ἐκείνων
679 1044 849 1123 ποιῶνται,
864 1035 926 1125 τήν
937 1036 1044 1127 αύτήν
1054 1041 1223 1126 λήψεσθαι

271 1134 373 1216 δόξαν
384 1149 451 1214 τοῖς
465 1133 658 1221 ἁδροτέροις
669 1133 782 1204 αὐτῶν
793 1140 848 1204 καλ
859 1134 946 1205 πολύ
957 1144 1125 1224 βελτίοσιν
1137 1136 1220 1205 εἶναι

206 1255 251 1310 ιιι
270 1239 423 1302 δοκοῦσι·
446 1233 525 1313 τούς
537 1239 575 1304 δὲ
594 1234 777 1321 τοιούτους,
794 1234 929 1303 ἐπειδὰν
943 1246 1129 1306 αἴσθωνται
1140 1234 1250 1317 τούςδ
1359 1312 1360 1323 ,

270 1335 395 1413 τόπους
415 1332 564 1413 ἅπαντας
586 1339 934 1421 προκατειλημμένους
959 1339 1014 1406 καλ
1031 1336 1115 1424 μηδὲ
1138 1334 1224 1418 πρδς

271 1437 309 1502 ἐν
331 1432 499 1502 ἀντειπεῖν
522 1442 618 1519 έχωσι
640 1443 707 1502 τῶν
736 1438 937 1522 είρημένων,
965 1437 1017 1504 ἐπὶ
1037 1433 1098 1503 τὸν
1118 1435 1223 1523 λόγον

270 1532 361 1620 οἶμαι
374 1537 555 1618 τρέψεσθαι
576 1533 636 1602 τὸν
655 1536 730 1619 περὶ
751 1542 819 1602 τῶν
837 1543 1023 1621 πολιτειῶν,
1040 1538 1094 1605 καὶ
1113 1561 1222 1620 παρα-

271 1635 455 1721 βάλλοντος
466 1631 561 1702 τύκεῑ
569 1641 764 1702 καθεστῶτα
779 1650 847 1713 τοῖς
859 1636 994 1719 ένθάδε,
1013 1638 1067 1703 καί
1078 1635 1221 1721 μάλιστα

270 1732 332 1820 τήν
347 1735 574 1818 σωφροσύνην
589 1737 643 1801 καὶ
658 1741 860 1819 πειθαρχίαν
874 1731 957 1818 πρὸς
971 1731 1030 1813 τάς
1044 1732 1126 1817 παρ’
1141 1731 1222 1820 ἡμῖν

271 1829 464 1918 ὀλιγωρίας,
492 1837 527 1899 ἐκ
554 1832 684 1900 τούτων
713 1833 934 1919 ἐγκωμιάσειν
960 1830 1020 1919 τήν
1046 1834 1219 1921 Σπάρτην.

206 1952 252 2006 112
269 1932 364 2019 (μβ.)
378 1926 443 1998 Ἦν
457 1928 497 2015 δή
514 1939 667 1999 τοιοῦτον
679 1934 867 2019 ἐπιχειρῶσί
881 1960 911 1999 τι
924 1947 1042 2019 ποιεῖν,
1057 1935 1219 2020 προσήκει
1231 1962 1249 2000 ο

270 2026 349 2107 τούς
362 2020 401 2095 a}
418 2034 630 2114 φρονοῦντας
638 2039 753 2116 ληρεῖν
766 2037 910 2117 νομίζειν
922 2030 1053 2112 αύτούς.
1078 2032 1142 2118 έχῶ
1153 2030 1220 2119 χάρ

271 2126 444 2213 ὑπεθέμην
470 2127 530 2215 οὐχ
553 2126 597 2208 ῶς
618 2131 693 2212 περὶ
710 2137 777 2198 τῶν
795 2138 970 2199 πολιτειῶν
988 2133 1221 2219 διαλεξόμενος
1349 2163 1357 2196 ι

270 2224 344 2298 ἀλλ’
371 2224 415 2305 ῶς
436 2230 605 2307 ἐπιδείξων
627 2225 689 2314 τήν
716 2231 816 2296 πόλιν
835 2226 930 2316 ήμῶν
954 2228 1041 2298 πολύ
1066 2238 1221 2309 πλείονος

271 2325 366 2408 ἀξίαν
381 2331 656 2414 Λακεδαιμονίων
675 2331 750 2411 περὶ
770 2326 848 2407 τούς
862 2327 1023 2414 Ἕλληνας
1040 2331 1220 2417 γεγενημέ-
1359 2318 1360 2343 ¹

272 2454 343 2515 νην.
367 2423 410 2513 ἢν
424 2429 485 2512 μέν
498 2418 562 2493 ούν
574 2424 740 2511 ἀναιρῶσί
748 2455 779 2495 τι
788 2430 918 2496 τούτων
930 2426 951 2515 ἢ
962 2431 1097 2515 προέξεις
1108 2432 1222 2515 ἐτέρας

271 2525 386 2607 κοινάς
401 2530 531 2615 λέγωσι,
553 2528 628 2613 περὶ
645 2524 684 2605 ἀς
705 2530 826 2595 ἐκείνοι
842 2535 992 2615 βελτίους
1011 2527 1106 2616 ήμῶν
1119 2530 1220 2617 γεγύ-

273 2649 380 2712 νασιν,
398 2628 531 2704 είκύτως
547 2621 590 2694 ἀν
607 2629 746 2694 ἐπαίνου
761 2627 973 2713 τνγχάνοιεν·
989 2622 1033 2714 ἢν
1046 2629 1082 2696 δέ
1109 2630 1220 2716 λέγειν
1239 2646 1290 2700 λεδ

270 2732 468 2813 ἐπιχειρῶσι,
481 2726 554 2817 περὶ
567 2717 615 2792 ῶν
626 2722 690 2812 ἐχῶ
698 2731 862 2811 μηδεμίαν
873 2732 992 2811 μνείαν
1005 2736 1218 2813 ποιησαίμην,

272 2832 408 2905 δικαίως
422 2821 466 2893 ἀν
481 2823 607 2893 ἅπασιν
619 2822 832 2911 ἀναισθήτως
844 2820 932 2910 ἐχειν
949 2830 1089 2893 δοκοτεν.
1122 2826 1218 2912 (μή.)

207 2945 254 2999 113
271 2926 324 2997 Ού
339 2924 406 3014 μήν
420 2923 494 2994 ἀλλ’
514 2926 629 3012 ἐπειδή
645 2951 705 3007 περ
721 2922 844 3004 αύτούς
859 2923 948 3011 οἶμαι
964 2923 1023 2992 τὸν
1040 2926 1144 3010 λόχον
1158 2922 1219 2994 τὸν

271 3028 346 3112 περὶ
365 3032 433 3093 τῶν
458 3032 635 3092 πολιτειῶν
657 3028 702 3102 εές
722 3020 760 3090 τὰ
775 3027 879 3110 μέσον
902 3026 1073 3110 ἐμβαλεῖν,
1095 3019 1157 3091 ούκ
1181 3021 1219 3091 ύ-

271 3125 383 3210 κνήσω
400 3128 617 3209 διαλεχθῆναι
632 3123 708 3208 περὶ
722 3119 850 3190 αὐτῶν·
873 3121 962 3208 οίμαι
977 3119 1042 3207 χάρ
1058 3125 1095 3191 ἐν
1106 3119 1220 3202 αύτοτς

271 3224 401 3299 τούτοις
415 3217 477 3307 τήν
492 3220 592 3287 πόλιν
608 3218 703 3309 ήμῶν
715 3224 889 3301 ἐπιδείξειν
906 3223 1008 3289 πλέον
1025 3224 1220 3307 διενεγκοῦ-

270 3316 368 3407 σανή
383 3332 450 3397 τοῖς
465 3318 528 3406 ήδη
544 3323 807 3406 προειρημένοις.
847 3314 865 3413 λ

208 3443 254 3496 ης
355 3419 449 3505 (μδ.)
472 3420 535 3486 Καὶ
555 3420 669 3504 μηδεὶς
692 3416 846 3507 ὑπολάβη
868 3444 908 3505 με
936 3415 1029 3485 ταῦτ’
1055 3423 1221 3505 εἰρηκέναι

270 3521 345 3605 περὶ
366 3517 487 3604 ταύτης
510 3525 567 3605 τῆς
589 3524 770 3603 πολιτείας,
793 3514 836 3605 ήν
851 3516 1119 3604 ἀναγκασθέντες
1140 3546 1220 3607 μετ-

272 3620 445 3704 ελαβομεν,
464 3614 548 3685 ἀλλὰ
560 3620 704 3701 περὶτῆς
718 3626 786 3685 τῶν
798 3618 987 3705 προγόνων,
1002 3609 1042 3706 ής
1060 3616 1102 3687 ού
1114 3631 1249 3687 κατα-θ
