2859 4334
458 406 765 465 ΑΡΧΙΔΑΜΟΣ
1026 410 1087 471 149

162 578 283 651 ιοπιῖν,
299 562 392 644 ὅπως
405 564 511 653 μηιῖέν
527 566 734 655 συμβήσεται
746 576 912 637 τοιοῦτον.
935 568 980 649 ὥς
997 575 1087 639 ἐστιν

161 690 168 721 ι
183 670 252 731 τῶν
265 669 414 751 αίσχρύν
433 664 600 751 πρότερον
613 666 675 753 μὲν
689 668 774 753 μηδὲ
789 666 847 749 τάς
863 677 931 739 τοῖν
948 673 1087 740 ἐλευσό-

160 789 200 829 ον
210 768 381 849 ἰσηγορίας
391 760 588 853 ἀνέχεσθαι,
606 771 672 833 νῦν
683 764 720 833 δέ
730 768 786 835 καῖ
796 765 859 854 τήν
869 777 937 837 τοῖν
952 769 1087 839 δούλων

160 867 319 949 ιρρησίαν
332 858 564 948 ὑπομένοντας
577 868 769 949 φαίνεσθαι
794 865 936 953 δόξομεν
949 864 1015 953 γάρ
1026 864 1087 935 τόν

159 960 344 1047 αρελθόντα
359 961 485 1048 χρόνον
499 960 779 1045 ἀλαζονεύεσθαι,
795 966 851 1032 καῖ
863 962 926 1051 τὴν
942 963 1005 1051 μὲν
1016 966 1087 1051 φύ-

158 1087 183 1126 ν
202 1058 315 1145 όμοιοι
334 1074 403 1141 τοῖς
423 1059 537 1143 ἀλλοις
552 1060 654 1148 εῖναι,
679 1076 751 1141 ταῖς
766 1060 797 1129 δ’
816 1060 1014 1145 αὐθαδείαις
1030 1067 1087 1133 καῖ

158 1173 197 1238 :cg
216 1160 419 1247 σεμνότησιν
438 1157 501 1230 οὐκ
516 1161 696 1249 ἀληθιναῖς
708 1156 795 1230 ἀλλά
811 1166 1113 1250 καταπεπλασμί·ο

157 1282 197 1333 ιις
206 1265 364 1344 χρῆσθαι.
385 1258 490 1346 μηδὲν
505 1251 571 1327 σύν
582 1261 733 1346 ἐνόόμεν
746 1266 901 1328 τοιοῦτον
915 1274 983 1340 τοῖς
997 1267 1086 1331 είθι-

156 1361 262 1437 ιένοις
281 1355 369 1447 ἡμᾶς
390 1367 604 1445 κακολογεῖν,
626 1355 711 1428 ἀλλά
732 1355 812 1437 τούς
828 1357 951 1445 λόγους
973 1356 1086 1428 αύτοῖν

158 1457 289 1542 ελέγξαι
298 1464 526 1546 πειραθῶμεν,
537 1454 648 1542 ὅμοιοι
658 1456 836 1543 γενόμενοι
844 1468 914 1537 τοῖς
922 1465 991 1526 τόν
1001 1482 1086 1543 προ-

155 1556 240 1622 ἱνων
253 1560 372 1641 ἔργοις.

210 1653 306 1741 (μβῖ)
323 1650 577 1741 Ἀναμνησθητε
591 1654 628 1722 δέ
641 1660 710 1720 τοῖν
724 1655 762 1722 ἐν
771 1661 900 1745 Δικαία
914 1650 999 1741 πρὸς
1009 1651 1086 1739 ’Δρ

154 1751 231 1831 ι’ῖας
241 1749 515 1840 ἀγωνισαμένων,
531 1749 591 1831 ούς
602 1773 707 1838 φασιν
718 1753 772 1821 ἐπὶ
781 1760 859 1839 μιᾶς
869 1749 1010 1832 ἀσπίδος
1019 1776 1085 1820 πα-

153 1854 375 1938 ιταξαμίνονς
385 1853 549 1939 τρόπαιον
559 1858 677 1937 στῆσαι
685 1857 822 1919 πολλῶν
831 1851 1018 1938 μυριάδων,
1028 1856 1085 1921 καῖ

152 1958 192 2018 ὃν
214 1957 416 2037 τριακοσίων
431 1957 500 2019 τοῖν
521 1952 558 2019 ἐν
578 1952 723 2036 Θνρέαις
742 1946 893 2030 ἅπαντας
913 1948 1112 2039 Ἀργείουςιῖ

152 2051 214 2138 ἀχη
228 2048 459 2135 νικησάντων,
476 2050 532 2118 καὶ
546 2055 616 2117 τῶν
629 2056 747 2135 χιλίων
759 2058 829 2117 τοῖν
844 2056 891 2129 είς
904 2049 1085 2136 Θερμοπύ-

151 2177 182 2229 ις
202 2146 487 2235 ἀπαντησάντων,
514 2155 549 2217 οῖ
565 2146 650 2233 πρός
670 2148 899 2236 ἑβδομήκοντα
919 2151 1086 2237 μνριάόας

151 2256 192 2315 όν
212 2247 396 2335 βαρβάρων
410 2248 638 2336 συμβαλόντες
658 2245 723 2317 ούκ
744 2254 873 2336 ἔφυγον
888 2247 964 2318 οὐδ’
984 2249 1083 2337 ἡττή-

150 2366 254 2434 ησαν,
278 2342 353 2413 ἀλλ’
375 2349 525 2415 ἐνταῦθα
544 2342 605 2415 τόν
625 2353 702 2434 βίον
716 2348 950 2435 ἐτελεύτησαν,
977 2342 1083 2434 ούπερ

151 2445 333 2531 εάχθησαν,
347 2444 522 2523 τοιούτους
532 2441 658 2523 αύτούς
668 2445 895 2531 παρασχόντες
910 2445 993 2515 ὥστε
1004 2444 1083 2525 τούς

151 2543 205 2612 ετά
223 2547 339 2630 τέχνης
358 2545 622 2631 ἐγκωμιάζοντος
636 2544 681 2632 μή
701 2543 872 2613 δύνασθαι
892 2544 973 2625 τούς
988 2546 1083 2614 ἐπαί-

151 2671 205 2723 ιυς
213 2646 366 2724 ἐξισῶσαι
375 2658 446 2723 ταῖς
454 2646 592 2713 ἐκείνων
602 2641 744 2729 ἀρεταῖς.
758 2637 991 2711 ἀπάντωνοάν
1001 2644 1083 2711 τού-

151 2771 190 2811 ον
215 2740 490 2830 ἀναμνησθέντες
509 2745 797 2829 ἐρρωμενέστερον
822 2737 1108 2828 ἀντιλαβάμεθαε

151 2850 181 2911 ιῦ
197 2844 347 2928 πολέμου
362 2845 417 2912 καῖ
428 2841 472 2929 μή
485 2847 717 2928 περιμένωμεν
728 2837 772 2919 ὡς
783 2838 896 2908 ἀλλων
909 2847 1013 2909 τινῶν
1024 2838 1083 2920 τάς

151 2942 296 3027 ιρούσας
317 2938 452 3029 ἀτυχίας
472 2942 677 3029 ῖασομένωυ,
706 2935 781 3008 ἀλλ’
806 2939 999 3027 ἐπειδήπερ
1024 2936 1080 3026 ἐφ’

151 3048 217 3109 ιῶν
231 3040 428 3128 γεγόνασιν,
443 3038 537 3129 ἡμεῖς
551 3037 656 3119 αάτάς
669 3040 725 3107 καῖ
736 3043 892 3107 διαλῦσαι
908 3045 1082 3123 πειραθῶ-

151 3167 192 3208 ευ.
214 3138 278 3227 χρὴ
295 3143 331 3209 δὲ
345 3137 425 3219 τούς
438 3138 565 3225 ἀνδρας
574 3136 654 3217 τούς
668 3134 821 3224 ἀγαθούς
836 3139 956 3215 ἐντοῖς
969 3136 1082 3203 τοιού-
1100 3154 1149 3210 137

151 3266 190 3317 ιις
205 3251 335 3323 καιροῖς
350 3244 534 3324 φαίνεσθαι
552 3240 789 3324 διαφέροντας·
815 3240 851 3304 αί
864 3236 927 3321 μὲν
943 3232 1008 3321 γάρ
1023 3230 1082 3300 εύ-

151 3346 231 3424 ιχίαι
253 3340 309 3405 καῖ
329 3351 397 3417 τοῖς
419 3338 565 3425 φαύλοις
583 3346 651 3405 ταῖν
669 3334 865 3422 ἀνθρώπων
886 3331 945 3413 τάς
965 3340 1081 3413 κακίας

151 3437 414 3525 νγκρύπτονσιν,
441 3443 479 3507 αῖ
500 3441 536 3507 δὲ
558 3440 759 3523 ἐνσπραξίαι
783 3438 906 3522 ταχέως
929 3461 1082 3522 καταφα-

151 3550 190 3613 ιῖς
221 3542 401 3622 ποιοῦσιν,
438 3532 550 3607 ὁποῖοί
577 3561 666 3614 τινες
695 3536 828 3601 ἕκαστοι
854 3531 1081 3618 τυγχάνουσιν

151 3658 232 3712 ιτες·
267 3633 304 3700 ἐν
320 3627 373 3713 αἷς
386 3630 466 3720 ἡμῖν
481 3638 685 3703 ἐπιόεικτέον
700 3635 806 3714 ἐστὶν,
832 3641 866 3700 εί
885 3638 1001 3700 τιτῶν
1019 3633 1080 3701 άλ-
