2859 4334
282 391 323 453 ευ
569 390 949 466 ammom)

486 619 804 791 ΝΙΚΟΚΛΗΣᾶΗ
826 722 1038 789 ΚΥΠΡΙΟΙ.

683 858 834 872 *-

365 942 436 1032 (ιί.)
459 937 550 1017 Εἰσί
565 965 669 1026 τινες,
692 945 727 1007 οἳ
742 941 913 1018 δυσκόλως
929 946 1041 1025 έχουσι
1058 940 1141 1025 τρός
1156 940 1241 1022 τοῦς
1256 963 1296 1018 26

280 1048 402 1129 λόγους
426 1043 481 1109 καὶ
505 1043 749 1127 διαμέμφοντοιι
779 1036 858 1118 τοῦς
881 1048 1152 1126 φιλοσοφοῦντας
1180 1047 1245 1110 καί

281 1159 385 1226 φασιν
399 1134 524 1216 αὐτοῦς
539 1133 602 1205 οῦκ
613 1133 732 1224 άρετῆς
742 1133 826 1204 άλλά
841 1140 1034 1218 πλεονεξίας
1043 1140 1143 1207 ἕνεκα
1157 1165 1239 1207 ποι-

281 1249 392 1306 εῖσθαι
405 1233 465 1316 τάς
477 1234 633 1313 τοιαῦτας
644 1235 824 1320 διατριβάς.
848 1232 954 1322 ἡδέως
970 1233 1014 1303 άν
1030 1229 1096 1304 οὖν
1109 1244 1240 1306 πυθοί-

280 1364 347 1425 μην
357 1344 425 1404 τῶν
435 1335 525 1404 οὕτω
539 1336 774 1421 διακειμένων,
791 1333 847 1402 διά
861 1342 896 1402 τί
906 1332 985 1413 τοῦς
999 1338 1061 1421 μέν
1076 1328 1115 1403 εὖ
1125 1339 1239 1420 λέγειν

281 1439 532 1522 ἐπιθυμοῦντας
545 1437 702 1519 ψέγουσι,
719 1429 799 1510 τούς
813 1430 844 1500 δ’
858 1429 971 1515 ὀρθῶς
980 1434 1141 1516 πράττειν
1151 1442 1237 1523 βου-

280 1539 443 1621 λομένους
460 1536 672 1601 ἐπαινοῦσιν·
696 1537 726 1598 εί
738 1529 803 1616 γάρ
819 1535 855 1598 αί
867 1535 1054 1612 πλεονεξίαι
1068 1539 1270 1600 λυποῦσινω

280 1629 420 1718 αὐτοῦς,
437 1638 572 1711 πλείους
585 1633 640 1699 καλ
655 1635 787 1716 μείζους
801 1633 837 1699 ἐκ
852 1637 921 1696 τῶν
936 1636 1045 1715 ἔργων
1062 1628 1163 1717 ἦτων
1176 1632 1233 1700 λό-

251 1753 350 1818 ιγων
373 1728 559 1815 εὑρήσομεν
580 1731 788 1814 γιγνομένας.
816 1734 928 1795 ἔπειτα
949 1725 1079 1796 κάκεῖν’
1097 1728 1229 1798 άτοπον

280 1838 311 1899 εί
324 1833 468 1915 λέληθεν
484 1825 624 1912 αὐτοῦς,
640 1825 689 1894 ὅτι
708 1824 749 1893 τά
764 1831 839 1910 περὶ
856 1824 935 1905 τοῦς
951 1825 1056 1906 θεοὺς
1072 1825 1235 1916 εὐσεβοῦ-

279 1955 342 2016 μεν
352 1930 408 1995 καὶ
417 1924 480 2012 τὴν
492 1927 712 2012 δικαιοσύνην
725 1924 896 2011 ἀσκοῦμεν
908 1929 962 1992 καὶ
973 1924 1031 2004 τάς
1042 1926 1144 2007 άλλως
1155 1926 1235 2013 άρε-
1251 1941 1290 1995 27

279 2026 339 2106 τάς
358 2027 614 2113 ἐπιτηδεύομεν,
639 2023 700 2112 οὐχ
714 2027 772 2093 ἵνα
785 2031 855 2092 τῶν
874 2022 986 2092 άλλων
1000 2031 1137 2108 ἔλαττον
1153 2032 1235 2111 ἐχω-

278 2151 358 2212 μεν,
369 2122 442 2194 ἀλλ’
456 2123 546 2204 ὅπως
556 2121 600 2193 άν
613 2122 657 2201 ὡς
668 2121 749 2208 μετά
760 2130 925 2192 πλείστων
936 2120 1078 2209 ἀγαθοῖν
1088 2121 1150 2190 τόν
1159 2131 1237 2211 βίον

279 2223 456 2309 διάγωμεν.
472 2221 551 2290 ὥστ’
561 2221 602 2289 οῦ
611 2226 857 2309 κατηγορητέον
864 2229 933 2288 τῦν
941 2223 1149 2308 πραγμάτων
1158 2223 1235 2290 τοῦ·

278 2348 347 2390 των
359 2323 458 2406 ἐστὶν,
474 2321 520 2391 δι’
538 2314 586 2391 ὧν
599 2320 642 2390 ἄν
655 2348 704 2401 τις
722 2318 796 2409 μετ’
811 2317 932 2408 αἱρετῆς
948 2321 1235 2409 πλεονεκτήσειεν,

278 2419 360 2488 άλλά
377 2427 445 2486 των
461 2417 655 2504 ἀνθρώπων
667 2427 737 2487 των
747 2424 823 2503 περὶ
832 2417 892 2497 τάς
903 2420 1039 2503 πράξεις
1051 2422 1236 2506 ἐξαμαρτα-

277 2519 410 2586 νόντων
428 2513 451 2605 ἢ
470 2531 539 2598 τοῖς
560 2519 672 2604 λόγοις
696 2516 937 2598 ἐξαπατώντων
956 2515 1076 2604 καὶμὴ
1098 2523 1235 2596 δικαίως

249 2620 460 2706 λχρωμένων
473 2617 594 2697 αὐτοῖς.
625 2618 697 2706 (β’.)
716 2618 883 2704 Θανμάζω
898 2619 934 2685 δέ
950 2627 1017 2685 τῦν
1030 2619 1157 2706 ταύτην
1171 2615 1267 2705 τηνλ)

233 2797 234 2802 ¹
278 2719 417 2806 γνώμην
430 2717 592 2804 ἐχόντων,
615 2714 761 2795 ὅπωςοῦ
781 2714 912 2784 καὶτὸν
930 2726 1079 2787 πλοῦτον
1100 2722 1157 2788 καλ
1172 2717 1235 2806 τὴν

278 2815 530 2905 ῥάμηνκαλτην
540 2814 683 2903 ἀνδρίαν
693 2823 804 2894 κακῶς
814 2818 980 2903 λέγουσιν.
996 2827 1089 2906 είτιερ
1100 2817 1165 2905 γάρ
1177 2818 1232 2886 διὰ

278 2915 358 2995 τοῦς
369 2917 656 3002 ἐξαμαρτάνοντας
665 2920 722 2984 ιιαλ
729 2913 810 2995 τοῦς
819 2919 1049 3002 ψευδομένους
1059 2916 1144 3003 πρὸς
1154 2914 1234 2995 τοῦς

278 3015 400 3102 λόγους
409 3024 558 3100 χαλεπῶς
569 3022 697 3101 έχουσι,
710 3014 872 3101 προσήκει
882 3017 1014 3094 καὶτοῖς
1025 3013 1138 3094 άλλοις
1148 3013 1234 3101 άγοι-

278 3127 355 3197 δοίς
370 3112 494 3195 αὐτοῦς
508 3118 678 3202 ἐπιτιμᾶν·
700 3114 909 3201 φανήσονται
921 3113 986 3199 γάρ
995 3140 1085 3193 τινες
1098 3118 1153 3184 καὶ
1163 3124 1232 3183 τῶν

277 3222 379 3284 ταῦτα
402 3218 614 3299 κεκτημένων
635 3213 916 3299 ἐξαμαρτάνοντες
936 3217 992 3283 καί
1012 3212 1160 3294 πολλοῦς
1175 3212 1232 3283 διά

248 3312 408 3384 ετοότων
423 3317 534 3390 κακῶς
546 3320 730 3390 ποιοῦντες.
753 3309 836 3381 άλλά
854 3309 919 3397 γάρ
936 3310 978 3380 οῦ
993 3316 1141 3400 δίκαιον,
1156 3310 1229 3380 οὔτ’

278 3420 312 3480 εί
321 3436 410 3489 τινες
420 3406 499 3488 τοῦς
514 3407 730 3488 άπαντῦυτας
741 3411 921 3496 τύπτουσι,
935 3419 994 3498 τῆς
1003 3410 1117 3499 ράμης
1128 3437 1262 3496 αντη-ο

277 3523 407 3594 γορεῑν,
429 3507 509 3576 οὔτε
524 3506 579 3576 διά
600 3509 678 3588 τοῦς
693 3507 951 3587 άποκτείνοντας
966 3507 1028 3589 οῦς
1047 3506 1090 3576 οῦ
1104 3513 1157 3576 δεί
1169 3506 1232 3596 τὴν

278 3608 419 3692 άνδρίων
445 3613 629 3694 λοιδορεῖν,
659 3607 739 3677 οὔθ’
761 3608 848 3688 ὅλως
868 3607 930 3695 τὴν
949 3617 1018 3677 τῶν
1035 3608 1233 3693 άνδριόπων
