2859 4334
1334 145 1346 184 λ

316 423 358 483 30
605 420 986 497 ιεοιιεινονειε)

315 581 395 670 δρὸς
404 584 523 673 γνώμη
534 584 710 668 προσέχειν
720 575 781 648 τὸν
794 586 882 647 νοῦν
896 578 1056 667 μᾶλλονῆ
1067 590 1210 662 πολλαῖς
1222 600 1283 651 και

267 698 299 755 17
313 690 540 765 παντοδαπαῖς
560 688 724 762 διανοίαις
740 687 847 768 ζητεῖν
863 681 1028 769 ἀρέσκειν.
1058 684 1111 752 ὅτι
1127 685 1193 768 μέν
1208 679 1281 754 οὖν
1349 722 1350 805 η

314 781 420 870 ἡδίων
429 784 497 852 ἐστὶ
507 785 562 851 καὶ
573 783 741 867 πραοτέρα
751 783 807 848 καί
817 783 1023 870 δικαωτέρα,
1036 781 1092 850 διά
1102 783 1282 851 πλειόνων
1293 791 1317 846 b

315 885 377 970 μέν
395 880 438 949 ἀν
452 908 501 960 τις
515 878 736 965 ἀποδείξειεν,
759 876 801 946 οά
816 876 884 965 μὴν
899 876 984 949 ἀλλά
998 885 1054 948 καὶ
1067 879 1123 947 διά
1140 883 1282 949 τούτων
1350 902 1351 925 ¹

315 983 466 1048 συνιδεῖν
483 979 603 1068 ῥᾴδιόν
622 980 707 1046 ἐστι·
730 980 806 1060 περὶ
826 979 863 1045 δὲ
883 985 952 1045 τῶν
972 986 1118 1067 λοιπῶν,
1140 978 1228 1048 ὅσον
1242 985 1282 1048 αἰ

315 1086 491 1168 μοναρχίαι
515 1078 599 1165 πρὸς
623 1074 660 1145 τδ
685 1078 913 1164 βουλεύεσθαι
933 1079 989 1146 καί
1007 1081 1133 1161 πρᾶξαί
1147 1103 1181 1146 τι
1203 1085 1280 1146 τῶν
1351 1094 1352 1113 ³

315 1178 463 1248 δεόντων
477 1181 714 1263 διαφέρουσιν,
730 1174 837 1255 οὕτως
847 1171 892 1244 ἀν
906 1176 1066 1245 κάλλιστα
1078 1177 1279 1264 θεωρήσαι-

314 1303 394 1363 μεν,
417 1282 448 1344 εἰ
459 1274 518 1355 τάς
533 1282 687 1362 μεγίστας
705 1282 775 1343 τοῖν
788 1276 942 1360 πράξεων
956 1273 1036 1361 παρ’
1060 1275 1206 1362 ἀλλήλας
1221 1304 1279 1343 τι-

313 1379 432 1454 θέντες
444 1375 602 1458 ἐξετάζειν
610 1373 876 1460 ἐπιχειρήσαιμεν
883 1370 1026 1462 [αάτάς].
1034 1380 1069 1444 οἰ
1080 1379 1143 1462 μὲν
1153 1384 1278 1444 τοίνυν

315 1473 388 1544 κατ’
406 1471 563 1544 ἐνιαυτὸν
578 1470 696 1552 εἰςτὰς
710 1471 813 1560 ἀρχάς
824 1475 983 1554 εἰσιόντες
996 1474 1162 1560 πρότερον
1176 1478 1277 1543 ἰδιῶ-

314 1602 369 1643 ται
379 1581 567 1660 γίγνονται,
584 1575 664 1656 πρὶν
678 1575 859 1641 αἰσθέσθαι
873 1601 905 1642 τι
919 1581 988 1641 τῶν
1001 1581 1059 1660 της
1072 1574 1202 1653 πόλεως
1216 1579 1306 1642 καίο

268 1689 300 1744 18
313 1681 430 1760 λαβεῖν
451 1677 625 1759 ἐμπειρίαν
644 1670 774 1739 αὐτῶν·
802 1678 837 1741 οἰ
854 1671 887 1740 δ’
912 1670 964 1742 ἀεὶ
979 1688 1048 1753 τοῖς
1064 1672 1178 1753 αὐτοῖς
1198 1678 1277 1741 ἐπι-

316 1779 530 1856 στατοῦυτες,
546 1766 590 1857 ἢν
600 1774 655 1838 καί
668 1769 731 1857 την
745 1773 852 1858 φύσιν
867 1777 1127 1857 καταδεεστέραν
1138 1780 1275 1860 ἔχωσιν,

315 1865 388 1938 ἀλλ’
404 1864 472 1935 οὖν
484 1883 555 1948 ταῖς
565 1866 598 1956 γ’
611 1872 795 1957 ἐμπειρίαις
804 1869 893 1939 πολὺ
903 1879 973 1939 τῶν
983 1870 1096 1942 ἀλλων
1105 1876 1274 1959 προέχου-

315 1987 378 2035 σιν.
402 1963 512 2034 ἔπειθ’
530 1970 565 2035 οἰ
575 1967 638 2052 μὲν
647 1974 782 2036 πολλῶν
793 1977 1095 2056 καταμελοῦσιν,εἰς
1104 1968 1274 2056 ἀλλήλους

315 2065 570 2153 ἀποβλέποντες,
582 2072 616 2135 οἰ
625 2065 657 2134 δ’
669 2065 809 2145 οὐδενὸς
820 2065 1055 2155 ὀλιγωροῦσιν,
1071 2069 1205 2152 εἰδότες,
1217 2067 1273 2136 ὅτι

314 2166 424 2233 πάντα
444 2169 498 2234 δεῖ
509 2161 554 2232 δι’
572 2162 687 2233 αὑτῶν
707 2172 895 2252 γίγνεσθαι.
929 2165 1014 2253 πρὸς
1030 2169 1067 2234 δὲ
1084 2167 1216 2245 τούτοις
1236 2171 1274 2236 οἰ

314 2267 376 2350 μὲν
393 2269 430 2332 ἐν
446 2277 517 2344 ταῖς
531 2261 734 2352 ὀλιγαρχίαις
747 2267 803 2334 καὶ
815 2280 886 2345 ταῖς
896 2270 1131 2353 δημοκρατίαις
1142 2263 1198 2334 διά
1210 2264 1273 2344 τάς

313 2360 398 2446 πρὸς
418 2369 507 2448 σφᾶς
524 2359 648 2441 αάτοδς
665 2367 854 2447 φιλονικίας
871 2371 1090 2449 λυμαίνονται
1104 2378 1172 2442 τοῖς
1193 2389 1271 2431 κοι-

313 2475 399 2539 νοῖς·
422 2465 457 2528 οἰ
468 2457 500 2527 δ’
514 2464 551 2528 ἐν
565 2474 635 2539 ταῖς
649 2468 842 2547 μοναρχίαις
856 2460 966 2551 ὄντες,
985 2460 1048 2531 οὐκ
1060 2469 1188 2549 ἔχοντες
1198 2459 1268 2554 ὅτφ
1285 2472 1304 2528 δ

314 2561 540 2648 φθονήσουσι,
554 2561 692 2628 πάντων
704 2559 748 2638 ὡς
757 2556 832 2628 οἷόν
839 2558 870 2627 τ’
879 2565 946 2629 ἐστὶ
952 2562 993 2630 τὰ
1001 2567 1152 2649 βέλτιστα
1161 2559 1270 2644 πράτ-

269 2680 299 2734 19
313 2681 439 2728 τουσιν.
469 2657 579 2728 ἔπειθ’
598 2665 632 2728 οί
651 2661 714 2747 μὲν
734 2658 941 2744 ὑστερίζουσι
957 2669 1025 2729 τῶν
1045 2663 1267 2748 πραγμάτων·

313 2759 374 2828 τὸν
393 2758 535 2847 μὲνγὰρ
553 2768 708 2829 πλεῖστον
725 2759 850 2846 χρόνον
872 2762 923 2827 ἐπὶ
944 2774 1012 2839 τοῖς
1028 2763 1123 2837 ἰδίοις
1139 2763 1272 2842 διατρί-

313 2867 444 2944 βουσιν,
457 2857 594 2926 έπειδάν
605 2855 635 2926 δ’
649 2864 696 2937 εἰς
706 2856 747 2925 τὰ
758 2861 918 2946 συνέδρια
929 2861 1152 2943 συνέλθωσιν,
1167 2865 1272 2924 πλεο-

314 2957 410 3035 ιάκις
418 2955 462 3023 ἀν
471 2985 520 3035 τις
531 2955 655 3035 αάτοδς
666 2955 760 3042 εὕροι
769 2959 1035 3043 διαφερομένους
1044 2951 1065 3042 ἢ
1075 2962 1173 3044 κοινῇ
1184 2948 1268 3041 βου-

313 3059 532 3142 λουομένους·
548 3060 582 3123 οἰ
590 3053 622 3123 δ’
637 3053 714 3122 οὔτε
726 3059 913 3141 συνεδρίων
924 3053 1002 3123 οὔτε
1011 3057 1145 3142 χρόνων
1155 3052 1271 3133 αὐτοῖς

314 3153 603 3239 ἀποδεδειγμένων
618 3150 701 3223 ἀλλά
716 3158 772 3221 καὶ
788 3150 847 3232 τάς
859 3151 984 3242 ἡμέρας
999 3156 1055 3223 καί
1070 3154 1130 3234 τὰς
1143 3153 1267 3232 νύκτας

314 3256 367 3322 ἐπὶ
386 3267 456 3331 ταῖς
472 3253 632 3335 πράξεσιν
656 3250 751 3331 ὅντες
772 3250 835 3320 οὐκ
851 3248 1088 3322 ἀπολείπονται
1103 3259 1173 3319 τῶν
1192 3277 1267 3320 και-
1278 3281 1299 3319 e

264 3372 298 3423 20
313 3362 399 3438 ρῶν,
415 3350 490 3420 ἀλλ’
502 3354 643 3420 ἕκαστον
654 3355 691 3420 ἐν
705 3359 751 3444 τῷ
767 3354 876 3419 δέοντι
890 3352 1105 3436 πράττουσιν.
1127 3356 1175 3419 δτι
1188 3347 1221 3417 δ’
1234 3355 1269 3418 οἰ

312 3453 373 3538 μὲν
389 3457 561 3538 δυσμενῶς
575 3457 703 3538 έχουσι,
720 3454 775 3520 καί
789 3448 960 3539 βούλοιντ’
977 3447 1021 3518 ἀν
1034 3453 1091 3519 καί
1105 3448 1185 3529 τοδς
1199 3449 1263 3534 πρὸ

312 3547 426 3616 αὐτῶν
440 3547 602 3636 ἄρχοντας
615 3554 670 3618 καὶ
680 3548 761 3629 τοὺς
771 3546 951 3635 ἐφ’,αὑτοῖς
968 3548 1013 3629 ὡς
1026 3549 1166 3618 κάκιστα
1179 3553 1265 3617 διοι-

310 3656 410 3734 κῆσαι
424 3647 486 3732 τὴν
500 3649 617 3736 πόλιν,
632 3646 679 3717 ἵν’
694 3647 739 3727 ὡς
752 3655 910 3735 μεγίστην
925 3647 1027 3727 δόξαν
1044 3647 1139 3716 αὐτοὶ
1153 3646 1264 3735 λα’βω-

883 3953 897 3998 Χ
