2859 4334
271 393 330 458 ·oe
485 375 488 379 ’
575 394 957 472 mmmmm&

288 554 387 624 καινά
409 557 487 642 μὲν,
511 551 612 621 πιστὰ
634 554 670 620 δὲ
688 557 799 622 δοκεῖν
818 551 901 620 εἶναι
926 552 964 620 τὰ
982 555 1146 640 λεγόμενα
1167 563 1247 642 περὶ

288 650 409 722 αὐτῶν.
434 647 535 720 ἔπειτ’
556 647 597 718 ού
608 650 715 737 μόνον
730 653 879 719 ἐνταῦθα
894 667 1101 738 καταφυγεῖν
1114 659 1247 742 ἔχομεν,

289 753 341 822 ὅτι
355 749 417 821 τὸν
437 750 541 838 λόγον
556 746 685 835 καλιὴν
701 751 817 836 φήμην
839 754 874 817 ἐκ
889 759 1017 819 πολλου
1033 740 1247 839 παρειλήφα-

288 877 367 938 μεν,
383 846 466 918 ἀλλὰ
482 850 537 917 καὶ
552 856 699 934 σημείοις
713 855 860 934 μείζοσιν
875 843 897 935 ἢ
913 849 1044 928 τούτοις
1059 855 1150 918 ἔστιν
1164 850 1248 937 ἡμῖν

240 963 272 1018 ῖ1
287 947 476 1036 χρήσασθαι
492 949 567 1032 περὶ
582 943 703 1014 αὐτῶν.
726 950 762 1014 αί
775 944 916 1032 μὲνγὰρ
931 955 1080 1017 πλεῖσται
1098 957 1166 1017 τῶν
1180 950 1248 1018 πό-

288 1057 375 1116 λεοον
388 1044 571 1132 ὑπόμνημα
585 1052 643 1132 τῆς
656 1053 798 1124 παλαιᾶς
813 1044 1002 1131 εὐεργεσίας
1018 1044 1167 1132 άπαρχάς
1181 1055 1246 1116 τοῦ
1261 1073 1278 1115 ε

289 1154 384 1215 σίτου
404 1143 486 1214 καθ’
506 1147 646 1213 ἕκαστον
667 1142 727 1213 τὸν
747 1145 903 1212 ἐνιαυτὸν
924 1143 968 1224 ὡς
990 1144 1074 1232 ἡμᾶς
1094 1145 1248 1232 άποπέμ-

288 1267 406 1331 πονοι,
422 1259 493 1323 ταῖς
507 1242 539 1311 δ’
557 1243 787 1322 έκλειπούσαις
803 1242 992 1332 πολλάκιςὴ
1007 1252 1123 1313 Πυθία
1138 1267 1247 1328 προσ-

289 1347 403 1426 έταξεν
428 1341 613 1429 ἀποφέρειν
634 1342 672 1409 τά
697 1349 780 1429 μέρη
804 1350 872 1411 τῶν
893 1350 1031 1428 καρπῶν
1059 1345 1113 1411 καὶ
1135 1359 1247 1412 ποιεῖν
1353 1409 1354 1418 ,

288 1439 372 1526 πρὸς
385 1439 447 1528 τὴν
461 1443 560 1509 πόλιν
578 1438 640 1527 τὴν
654 1439 818 1527 ἡμετέραν
833 1440 873 1510 τά
889 1442 1021 1525 πάτρια.
1048 1449 1154 1510 καίτοι
1169 1445 1247 1528 περὶ
1327 1491 1329 1498 ,

286 1549 390 1609 τίνων
401 1539 462 1626 χρὴ
475 1547 604 1626 μᾶλλον
618 1539 788 1607 πιστεύειν
799 1536 820 1626 ἦ
832 1543 906 1624 περὶ
920 1532 967 1606 οὖν
978 1538 998 1607 ὅ
1009 1567 1044 1608 τε
1055 1538 1138 1619 θεὸς
1148 1540 1247 1608 άναι·
1261 1558 1293 1614 λλ

289 1654 343 1722 ρεῖ
353 1642 407 1709 καὶ
421 1649 556 1717 πολλοῖς
565 1645 633 1707 τῶν
642 1636 811 1725 Ἑλλήνων
825 1644 998 1727 συνδοκεῖ,
1014 1642 1068 1709 καὶ
1079 1641 1121 1709 τά
1131 1667 1165 1708 τε
1178 1642 1247 1710 πά·

287 1749 342 1808 λαι
352 1743 500 1827 ρηθέντα
511 1753 580 1817 τοῖς
589 1747 759 1824 παροῦσιν
772 1745 881 1826 ἔργοις
895 1755 1126 1826 συμμαρτυρεῖ
1139 1738 1246 1810 καὶτὰ

288 1845 353 1904 νῦν
370 1837 552 1922 γιγνόμενα
565 1851 634 1914 τοῖς
645 1833 704 1904 ὑπ’
723 1839 860 1906 ἐκείνων
872 1841 1055 1924 είρημένοις
1071 1837 1244 1926 ὁμολογεῖς

237 1955 273 2010 32
287 1935 358 2022 (η’.)
372 1936 482 2017 Χωρὶς
494 1938 530 2002 δὲ
544 1935 683 2019 τούτων,
699 1931 744 2020 ἦν
759 1934 890 2004 ἅπαντα
902 1934 996 2004 ταῦτ’
1010 1937 1166 2017 ἐάσαντες
1177 1935 1243 2005 άπό

286 2041 345 2120 τῆς
354 2029 456 2119 ἀρχῆς
468 2040 662 2119 σκοπῶμεν,
676 2032 873 2124 εὑρήσομεν,
890 2035 939 2104 ὅτι
951 2033 1010 2104 τὰν
1021 2043 1096 2124 βίον
1107 2041 1141 2106 οί
1150 2045 1244 2125 πρῶ-

286 2161 338 2202 τοι
359 2139 521 2219 φανέντες
542 2137 594 2202 ἐπὶ
615 2143 676 2222 γῆς
702 2135 765 2204 οὐκ
791 2136 897 2217 εὐθὺς
917 2136 1023 2217 οὕτως
1046 2137 1157 2224 ὥσπερ
1178 2146 1245 2208 νῦν

288 2239 404 2317 ἔχοντα
415 2235 615 2319 κατέλαβον,
632 2231 715 2302 άλλά
730 2233 812 2302 κατά
824 2232 946 2320 μικρὸν
958 2234 1051 2304 αὐτοὶ
1063 2245 1244 2322 συνεπορί-

286 2353 398 2400 σαντο.
419 2337 511 2408 τίνας
522 2323 586 2397 ούν
599 2331 660 2419 χρὴ
671 2340 801 2417 μᾶλλον
811 2340 956 2420 νομίζειν
970 2331 992 2421 ἦ
1008 2333 1139 2418 δωρεάν
1151 2337 1269 2419 παρὰη

239 2443 273 2499 ῖῖ
286 2439 356 2500 τῶν
375 2437 469 2499 θεῶν
491 2438 605 2515 λαβεῖν
623 2426 645 2516 ἦ
672 2438 850 2517 ζητοῦντας
872 2429 995 2511 αύτούς
1013 2435 1179 2519 έντυχεῖνς
1201 2430 1243 2502 ού

289 2527 368 2608 τούς
378 2525 445 2596 ὑπὸ
458 2526 595 2594 πάντων
606 2525 884 2615 ὁμολογουμένως
910 2535 964 2598 καί
978 2532 1132 2617 πρώτους
1143 2557 1257 2617 γενο-Ι

289 2629 410 2713 μένους
421 2628 475 2693 καῖ
486 2626 569 2710 πρός
580 2651 615 2692 τε
625 2622 685 2703 τὰς
694 2630 810 2710 τέχνας
821 2624 1067 2712 εὐφυεστάτους
1078 2627 1176 2708 ὄντας
1187 2634 1240 2700 καὶ

288 2724 371 2808 πρὸς
382 2721 421 2792 τά
433 2729 502 2791 τῶν
511 2729 604 2790 θεῶν
615 2719 833 2807 εὐσεβέστατα
845 2727 1091 2812 διακειμέυονςς
1108 2731 1163 2794 καὶ
1174 2725 1241 2813 μὴν

253 2819 260 2836 '
288 2822 368 2908 ὅσης
382 2824 542 2909 προσήκει
556 2830 651 2909 τιμῆς
660 2824 839 2908 τυγχάνειν
850 2823 928 2904 τούς
939 2825 1146 2911 τηλικούτων
1157 2825 1239 2914 άγα-

287 2926 363 2986 θῶν
375 2923 516 3004 αίτίους,
531 2925 710 3005 περίεργον
722 2920 902 2988 διδάσκειν.
927 2919 1036 3002 οὐδεὶς
1047 2923 1111 3009 γάρ
1123 2918 1167 2991 άν
1179 2924 1239 2990 ‹515-

285 3041 379 3084 ναιτο
395 3014 526 3098 δωρεὰν
545 3019 713 3103 τοσαύτην
734 3015 771 3085 τό
786 3022 928 3104 μέγεθος
949 3015 1077 3107 εὑρεῖν,
1097 3019 1170 3107 ἥτις
1185 3031 1239 3107 ίση

285 3130 354 3194 τοῖς
368 3118 614 3200 πεπραγμένοις
628 3117 727 3185 ἐστίν.

239 3237 273 3291 ες
327 3224 342 3254 ¹¹
370 3214 446 3300 (θ’.)
467 3217 549 3299 Περὶ
566 3216 628 3300 μὲν
643 3209 707 3283 οὖν
722 3224 783 3284 τοῦ
803 3223 960 3304 μεγίστου
977 3227 1044 3285 τῶν
1065 3217 1263 3306 εὐεργετηο
1313 3259 1316 3266 ·

286 3315 401 3400 μάτων
422 3314 476 3384 καὶ
500 3311 635 3397 πρώτον
657 3318 843 3400 γενομένου
863 3320 917 3384 καί
942 3323 1021 3384 πᾶσι
1043 3318 1240 3384 κοινοτάτου

285 3408 379 3479 ταῦτ’
405 3416 508 3478 είπεῖν
530 3416 655 3496 ἔχομεν.
688 3415 764 3500 περὶ
793 3415 829 3482 δὲ
850 3411 929 3493 τούς
951 3412 1075 3494 αὐτούς
1097 3415 1239 3502 χρόνους

287 3507 401 3593 ὁρῶσαΙ
419 3507 498 3588 τούς
516 3512 578 3596 μὲν
592 3512 785 3598 βαρβάρους
802 3509 863 3598 τὴν
877 3521 1035 3600 πλείστην
1054 3521 1111 3600 τῆς
1131 3513 1237 3600 χώρας

286 3611 499 3695 κατέχοντας,
517 3607 596 3687 τούς
609 3608 641 3676 δ’
650 3609 812 3700 ’Έλληνας
827 3619 872 3691 είς
886 3613 1009 3699 μικρὸν
1019 3614 1124 3682 τόπον
1136 3640 1231 3682 κατα-
