2859 4334
301 400 366 462 κιο
586 402 971 481 mmmm)

302 564 490 649 ἐπιτιμῆσαι
505 566 560 631 καί
576 568 800 648 κατηγορῆσαι
815 568 883 627 τῶν
897 560 1089 629 ἐνεστώτων
1102 562 1274 650 πραγμά-

301 686 386 747 των,
409 664 560 747 δέδοικα,
581 657 626 748 μή
645 660 762 748 πόρρω
782 668 859 728 λίαν
879 669 937 747 τῆς
956 658 1152 742 ὑποθέσεως
1172 657 1273 729 άπο-

300 765 476 846 πλανηθῶ.
506 758 595 840 (λῶ.)
616 759 700 844 Περὶ
713 760 778 846 μὲν
792 751 857 826 οῦν
873 760 1004 827 τούτων
1020 762 1076 827 καὶ
1092 758 1274 847 πρότερον

301 857 481 944 εἰρήκαμεν
494 861 550 927 καί
571 858 675 926 πάλιν
692 858 852 945 ἐροῦμεν,
870 853 914 943 ἦν
926 855 972 945 μὴ
990 863 1158 945 πείσωμεν
1171 855 1273 944 ὑμᾶς

300 956 495 1024 παύσασθαι
516 954 644 1025 τοιαῦτ’
668 955 970 1043 ἐξαμαρτάνοντας·
1002 959 1079 1046 περὶ
1100 956 1135 1025 θ’
1157 948 1207 1026 ῶν
1226 959 1271 1040 ἐξ

300 1053 402 1142 ἀρχῆς
422 1052 483 1123 τόν
504 1054 608 1142 λόγον
634 1047 903 1142 κατεστησάμην,
928 1060 1052 1143 βραχέα
1073 1058 1271 1152 διαλεχθεὶς

300 1158 488 1240 παραχωρῶ
509 1165 578 1231 τοίς
600 1156 820 1241 βουλομένοις
842 1158 890 1221 έτι
911 1155 1157 1242 συμβουλεύειν
1183 1158 1268 1241 περὶ
1282 1190 1301 1228 e

299 1276 439 1320 τουτων.

252 1367 286 1423 78
387 1352 471 1434 (λε’.)
485 1349 597 1440 Ἡμεῖς
613 1351 678 1440 γάρ
696 1348 742 1439 ἢν
756 1356 819 1438 μὲν
833 1352 941 1431 οὕτως
957 1358 1102 1438 οίκῶμεν
1120 1348 1182 1438 τὴν
1195 1350 1266 1418 πό-

299 1459 353 1519 λιν
369 1448 480 1538 ὥσπερ
495 1457 578 1538 νῦν,
594 1448 656 1520 οῦκ
669 1457 760 1521 ἔστιν
774 1450 865 1531 ὅπως
879 1448 921 1520 οῦ
934 1452 990 1521 καί
1001 1442 1263 1541 βουλευσόμεθα

298 1551 353 1617 καὶ
369 1549 604 1636 πολεμήσομεν
623 1551 679 1618 καὶ
696 1549 891 1637 βιωσόμεθα
911 1550 967 1617 καλ
987 1545 1107 1634 σχεδόν
1126 1547 1262 1615 ἅπαντα

298 1652 352 1718 καί
367 1649 555 1736 πεισόμεθα
570 1652 626 1718 καί
640 1649 828 1737 πράξομεν,
850 1646 935 1734 άπερ
950 1652 987 1715 έν
1001 1672 1038 1716 τε
1055 1654 1103 1736 τῷ
1115 1642 1261 1732 παρόντι
1284 1663 1340 1716 156

298 1755 404 1838 καιρῷ
419 1750 474 1817 καὶ
484 1762 553 1828 τοῖς
565 1754 774 1836 παρελθοῦσι
785 1748 935 1835 χρόνοις·
956 1742 1001 1835 ἢν
1015 1740 1260 1835 δὲ’μεταβάλω-

298 1874 361 1935 μεν
376 1844 439 1934 τὴν
449 1854 635 1934 πολιτείαν,
653 1852 774 1937 δῆλον,
792 1845 844 1915 ότι
855 1843 939 1915 κατά
951 1843 1012 1915 τόν
1022 1842 1129 1915 αὐτόν
1142 1846 1259 1932 λόγον,

298 1942 352 2015 οἷά
363 1969 426 2032 περ
437 1939 482 2033 ἦν
493 1960 561 2027 τοίς
571 1947 754 2035 προγόνοις
764 1942 804 2014 τά
816 1945 1010 2033 πράγματα,
1026 1941 1153 2015 τοιαῦτ’
1167 1950 1259 2013 ἔσται

297 2046 443 2130 καὶπερὶ
458 2042 559 2131 ἡμᾶς·
589 2044 720 2133 άνάγκη
740 2041 806 2133 γάρ
827 2046 864 2113 έκ
882 2052 951 2113 τῶν
972 2040 1085 2113 αῦτῶν
1101 2052 1259 2113 πολιτευ-

297 2142 412 2228 μάτων
428 2146 484 2211 καί
503 2140 562 2224 τάς
579 2146 716 2232 πράξεις
735 2142 853 2232 ὁμοίας
873 2139 926 2213 ἀεὶ
948 2145 1004 2213 καί
1025 2148 1259 2232 παραπλησίας

248 2260 282 2316 79
299 2238 505 2329 ἀποβαίνειν.
540 2243 624 2324 (λς’.)
644 2252 711 2312 Δεῖ
723 2240 765 2321 ,δὲ
784 2238 843 2321 τάς
863 2247 1018 2329 μεγίστας
1039 2240 1152 2310 αὐτῶν
1174 2234 1258 2325 παρ’

296 2337 441 2427 ἀλλήλας
452 2343 575 2422 θέντας
585 2340 854 2429 βουλεύσασθαι,
866 2341 1007 2428 ποτέρας
1016 2337 1098 2429 ἡμῖν
1107 2342 1260 2425 αίρετέον

297 2446 395 2511 ἐστίν.
424 2442 480 2509 καλ
497 2446 632 2527 πρῶτον
649 2442 712 2529 μὲν
725 2440 929 2529 σκεψόμεθα
942 2438 1189 2526 τοῦςἝλληυας
1200 2441 1260 2509 καί

296 2538 376 2620 τοῦς
386 2539 595 2627 βαρβάρους,
611 2547 682 2620 πῶς
692 2537 778 2628 πρός
789 2543 921 2629 ἐκείνην
929 2537 993 2628 τὴν
1006 2545 1175 2609 πολιτείαν
1186 2539 1287 2608 θεέ-ο

296 2665 406 2709 κειυτυ
422 2639 478 2707 καί
493 2645 563 2718 πῶς
577 2644 645 2707 νῦν
659 2644 772 2726 έχουσι
785 2637 870 2728 πρός
884 2636 979 2729 ἡμᾶς.
1009 2639 1051 2708 οῦ
1065 2635 1130 2725 γάρ
1144 2638 1257 2725 έλόχι-

296 2757 377 2807 στου
393 2740 493 2825 μέρος
505 2739 546 2805 τὰ
559 2741 639 2825 γένη
653 2745 758 2807 ταῦτα
768 2737 991 2826 συμβάλλεται
1003 2734 1087 2824 πρὸς
1098 2734 1257 2824 εῦβαιμο-

247 2852 282 2906 80
296 2843 389 2923 νίαν,
406 2835 487 2905 ὅταν
502 2842 559 2927 έχη
573 2835 657 2907 κατά
672 2837 799 2923 τρόπον
813 2835 902 2925 ἡμίν.
936 2837 1023 2924 (λζ.)
1047 2840 1092 2905 Ol
1108 2835 1172 2923 μευ
1183 2841 1255 2905 τοί-

296 2962 361 3005 νυν
374 2934 531 3025 Ἕλληυες
551 2935 659 3018 οὕτως
679 2940 854 3007 ἐπίστευον
869 2949 939 3016 τολς
959 2935 1033 3004 κατ’
1050 2939 1181 3004 ἐκείνου
1193 2933 1255 3003 τόν

295 3035 420 3122 χρόνον
442 3039 711 3124 πολιτευομένοις
739 3034 823 3105 ῶστε
845 3036 926 3115 τοὺς
948 3040 1124 3112 πλείστους
1142 3030 1256 3102 αὐτῶν

296 3134 432 3216 ἑκόντας
448 3136 625 3222 ἐγχειρίσαι
639 3142 681 3223 τῇ
695 3134 790 3204 πόλει
806 3142 894 3222 σφας
911 3130 1050 3213 αῦτοῦς·
1073 3136 1109 3203 οί
1121 3133 1157 3201 δὲ
1170 3133 1254 3221 βάρ-

295 3241 392 3322 βαροι
403 3241 567 3303 τοσοῦτον
577 3232 714 3323 άπείχον
723 3244 786 3305 τοῦ
796 3240 1090 3323 πολυπραγμονεῖν
1100 3233 1177 3320 περί
1186 3240 1256 3301 τῶν

292 3331 493 3423 Ἑλληνικῶν
504 3334 721 3423 πραγμάτων,
734 3331 812 3404 ὥστ’
826 3333 904 3403 οῦτε
916 3346 1054 3421 μακροῖς
1064 3337 1193 3411 πλοίοις
1203 3334 1255 3399 ἐπὶ
1265 3361 1282 3399 ο

294 3434 373 3504 τάδε
381 3434 569 3523 Φασήλιίος
579 3439 699 3503 ἔπλεον
710 3433 787 3503 οῦτε
795 3437 1030 3518 στρατοπέδοις
1038 3428 1256 3511 ἐυτῦςἍλυος

246 3548 276 3603 81
295 3542 446 3621 ποταμοῦ
461 3538 659 3622 κατέβαινον
673 3530 757 3603 άλλᾶ
773 3533 902 3622 πολλὴν
914 3530 1057 3620 ἡσυχίαν
1069 3524 1164 3621 ἦγον.
1187 3538 1256 3599 νῦν
1355 3563 1356 3568 ’

296 3628 328 3695 θ’
347 3636 392 3711 είς
406 3638 505 3700 τοῦτο
525 3630 567 3699 τά
582 3632 760 3720 πράγματα
781 3634 1012 3716 περιέστηκεν,
1036 3627 1124 3697 ὥσθ’
1146 3632 1181 3697 οί
1192 3629 1255 3710 μὲν
