2859 4334
292 404 334 469 70
563 410 879 469 mmmm
902 416 964 475 (ιε)

292 568 335 635 οὐ
360 571 526 657 πρότερον
548 572 763 656 ἐπαυσάμην,
792 573 872 652 πρὶν
894 568 1066 656 ὑπέβαλον
1088 578 1134 659 τῷ
1156 574 1247 638 παιδί

293 666 354 734 τόν
368 669 482 754 λόγον,
497 667 539 738 δν
553 667 653 759 ὀλίγῳ
665 669 728 753 μὲν
742 670 910 752 πρότερον
921 666 1001 753 μεθ’
1015 668 1139 755 ήδονῆς
1153 674 1249 753 διῆλ-

292 779 376 850 θον,
400 776 507 857 μικρῷ
529 767 560 836 δ’
584 768 729 852 ὕστερον
749 766 873 853 ήμελλέ
890 793 931 852 με
947 770 1119 854 λυπήσειν.
1142 772 1247 851 τριῶν
1263 790 1313 843 281

292 862 396 951 γάρή
417 868 584 951 τεττάρων
611 865 746 952 ἡμερῶν
769 870 1031 952 διαλειφθεισων
1053 865 1246 952 ἀναγιγνω-

293 985 384 1032 σκων
399 963 484 1032 αὐτὰ
505 969 560 1033 καὶ
575 963 724 1049 διεξιών,
742 968 793 1032 έπλ
809 965 871 1051 μὲν
892 962 942 1044 οίς
956 968 1030 1048 περί
1046 972 1105 1051 τῆς
1116 967 1246 1043 πόλεως

291 1057 334 1149 ἦν
350 1061 500 1148 είρηκιδς,
525 1062 588 1130 οὐκ
600 1062 767 1150 ήχθόμην,
782 1071 893 1143 καλῶς
905 1063 971 1149 γάρ
983 1064 1037 1131 καὶ
1053 1069 1186 1142 δικαίως
1201 1058 1246 1151 ἦν

225 1173 275 1226 λὸλ
290 1162 421 1230 ἅπαντα
436 1165 511 1246 περί
526 1160 628 1247 αὐτῆς
643 1162 829 1248 γεγραφώς,
850 1166 901 1232 ἐπὶ
916 1166 952 1232 δὲ
967 1178 1034 1243 τοῖς
1049 1167 1124 1246 περὶ
1137 1172 1246 1231 Λακε-

290 1266 475 1346 δαιμονίων
490 1263 666 1347 ἐλυπήθην
681 1267 736 1330 καί
752 1266 880 1348 βαρέως
891 1270 1027 1350 ἔφερον·
1050 1262 1093 1331 οό
1102 1262 1168 1351 γάρ
1183 1290 1246 1350 με·

291 1369 390 1444 τρίως
404 1361 547 1428 ἐδόκουν
562 1388 618 1446 μοι
636 1364 818 1450 διειλέχθαι
835 1367 911 1448 περὶ
926 1361 1039 1431 αὐτόν
1056 1360 1130 1431 οὐδ’
1148 1360 1243 1449 ὁμοί-

291 1485 335 1537 ως
357 1472 426 1538 τοῖς
445 1457 558 1540 ἄλλοις
585 1457 658 1528 ἀλλ’
675 1458 848 1547 όλιγιόρως
875 1465 929 1532 καὶ
953 1471 1030 1532 λίαν
1048 1472 1176 1548 πικρῶς
1189 1464 1245 1530 καί

290 1560 504 1627 παντάπασιν
526 1559 690 1647 ἀνοήτως·
726 1560 808 1629 όόστε
830 1564 990 1641 πολλάκις
1014 1560 1163 1650 ὁρμήσας
1189 1564 1274 1641 έξ-ῐ)

290 1664 441 1743 αλείφειν
458 1654 601 1745 αὐτδυή
623 1660 803 1727 κατακάειν
828 1668 1114 1747 μετεγίγνωσκον,
1141 1664 1246 1729 ἐλεῶν

290 1754 326 1822 τό
343 1765 447 1842 γήρας
459 1754 653 1842 τούμαυτοῦ
668 1759 723 1826 καί
741 1754 801 1825 τόν
819 1760 927 1826 πόνον
943 1756 1004 1827 τόν
1015 1763 1090 1842 περὶ
1105 1758 1166 1826 τόν
1184 1760 1245 1827 λό-

290 1881 353 1940 γον
368 1856 602 1941 γεγενημένον.
1227 1859 1230 1865 ’

222 1968 274 2023 ²³3
373 1956 462 2044 (ηβῖ)
480 1952 534 2021 Ἐν
557 1955 695 2043 τοιαύτη
714 1960 753 2024 δέ
782 1985 839 2046 μοι
863 1962 991 2047 ταραχή
1021 1956 1245 2044 καθεστηκότι
1357 2030 1358 2041 ,

291 2054 349 2122 καὶ
373 2053 560 2140 μεταβολάς
583 2055 774 2145 ποιουμένῳ
800 2055 926 2134 πολλὰς
953 2054 1045 2135 ἔδοξε
1064 2056 1244 2140 κράτιστον

291 2155 374 2217 εἰναι
396 2154 664 2234 παρακαλέσαντι
688 2160 756 2219 τῶν
776 2156 1054 2239 πεπλησιακότων
1075 2154 1154 2234 τούς
1168 2159 1243 2227 ἐπι·-

289 2252 479 2333 δημοῦντας
493 2252 747 2336 βουλεύσασθαι
763 2252 835 2335 μετ’
852 2250 975 2338 αὐτῶν,
994 2254 1138 2336 πότερον
1153 2252 1244 2338 άφα-

292 2349 417 2426 νιστέος
441 2348 653 2417 παντάπασίν
677 2354 767 2417 ἐστιν
795 2346 816 2437 ή
841 2354 1008 2429 διαδοτέος
1031 2366 1099 2430 τοῖς
1119 2360 1245 2438 βουλο-

288 2450 402 2534 μένοις
415 2449 610 2534 λαμβάνειν,
626 2448 769 2532 ὁπότερα
782 2448 815 2516 δ’
827 2445 870 2516 άν
881 2452 1020 2527 ἐκείνοις
1031 2450 1121 2537 δόξη,
1137 2456 1242 2518 ταῦτα
1257 2480 1272 2514 c

289 2561 408 2615 ποιεῖν.
451 2548 581 2615 τούτων
616 2554 843 2635 γνωσθέντων
873 2546 1035 2634 οὐδεμίαν
1068 2547 1245 2635 διατριβὴν

288 2649 505 2733 ἐποιησάμην,
521 2645 594 2715 ἀλλ’
607 2646 713 2726 εὐθὺς
726 2651 970 2733 παρεκέκληντο
980 2647 1052 2732 μὲν,
1065 2644 1125 2725 οὓς
1136 2646 1243 2732 εἷπον,

289 2747 497 2830 προειρηκώς
509 2743 540 2811 δ’
560 2740 603 2831 ἦν
618 2743 742 2830 αὐτοῖς,
758 2743 813 2831 ἐφ’
827 2744 849 2812 ά
858 2745 1128 2829 συνεληλυθότες
1143 2738 1242 2831 ἦσαν,

288 2841 477 2927 ιἰνέγνωστο
495 2841 526 2909 δ’
545 2842 562 2910 ὁ
575 2844 684 2931 λόγος,
700 2846 906 2932 έπηνημένος
921 2841 954 2910 δ’
970 2838 1014 2929 ήν
1029 2847 1083 2912 καὶ
1097 2856 1243 2927 τεθορυ-

288 2942 432 3027 βημένος
454 2945 508 3010 καὶ
532 2941 717 3028 τετυχηκός
739 2935 850 3025 ὦνπερ
879 2945 914 3009 oc
931 2950 1178 3026 κατορθοῦντες
1205 2945 1243 3009 ἐν

222 3051 274 3105 234
286 3053 358 3116 ταῖς
371 3042 575 3120 ἐπιδείξεσιν.
606 3042 695 3134 (ηγῖ)
711 3039 887 3109 Ἁπάντων
903 3042 939 3107 δὲ
953 3041 1084 3107 τούτων
1098 3044 1241 3108 ἐπιτετε-

288 3142 459 3223 λεσμένων
474 3144 507 3206 οί
519 3142 580 3224 μὲν
595 3140 691 3207 άλλοι
706 3142 894 3225 διελέγοντο
906 3144 990 3225 πρὸς
1005 3146 1093 3224 σφᾶς
1107 3137 1243 3223 αὐτοὺς,

291 3244 396 3326 δῆλον
422 3237 473 3306 ότι
490 3245 562 3322 περὶ
577 3248 645 3307 τῶν
656 3240 963 3325 ἀναγνωσθέντων·
988 3236 1029 3305 δν
1044 3236 1075 3305 δ’
1094 3240 1127 3319 έξ
1140 3237 1245 3324 άρχῆς

288 3338 569 3425 μετεπεμψάμεθα
576 3341 781 3427 σύμβουλον,
794 3336 1134 3423 τόνΑακεδαιμονίων
1145 3341 1240 3403 ἐπαι-
1253 3351 1273 3405 d
1357 3324 1359 3449 4

289 3442 399 3523 νέτην,
415 3435 499 3520 πρός
516 3436 557 3505 δν
569 3446 670 3505 πλείω
686 3443 862 3523 διελέχθην
877 3445 938 3505 τοῦ
954 3441 1098 3521 δέοντος,
1110 3434 1243 3519 σιωπήν
1358 3456 1359 3465 ’

286 3537 511 3623 ποιησάμενος
528 3543 580 3607 καί
604 3537 688 3617 πρός
700 3538 756 3621 ἐμὲ
770 3539 896 3622 βλέψας
916 3534 1056 3618 άπορείν
1080 3542 1240 3619 ἔφασκεν.
1358 3584 1359 3607 ι
