2859 4334
411 424 820 486 ΠΑΝΛΘΗΝΑΙΚΟΣ.
1068 418 1110 485 47

115 583 408 671 138λεχθῆναιπερῖ
418 580 541 650 αὐτῶν.
557 577 644 669 (νύ).
663 587 733 653 Τοῦ
740 571 1110 668 μδνοῦνδιαφερόντως

166 689 231 753 των
239 683 352 752 ἄλλων
361 688 525 752 οἰκεῖσθαι
534 684 596 769 τὴν
610 682 710 752 πόλιν
720 680 899 770 ἡμῶνκατ’
911 684 1042 751 ἐκείνου
1051 680 1111 749 τόν

166 786 287 873 χρόνον
297 791 433 863 δικαίως
440 781 484 852 δν
495 787 726 871 ἐπενέγκαιμεν
734 784 795 872 τὴν
808 789 921 852 αἰτίαν
932 796 1003 862 τοίς
1013 789 1110 869 βασι·

167 888 324 957 λεύσασιν
337 886 455 973 αὐτῆς,
473 886 550 973 περὶ
566 876 613 953 όν
628 884 732 977 όλίγφ
746 885 910 972 πρότερον
922 885 1108 970 διελέχθην.
1125 916 1139 954 ι

168 979 455 1075 ἐκεῖνοιγάρῆσαν
469 991 505 1055 οί
516 986 756 1065 παιδεύσαντες
771 984 808 1055 τό
819 991 949 1073 πλῆθος
963 983 1110 1073 ένάρετῇ

166 1088 607 1177 καὶδικαιοσύνηκαλπολλη
618 1086 837 1177 σωφροσύνη,
851 1088 907 1155 καὶ
920 1086 1111 1168 διδάξαντες

166 1188 424 1281 έξοόνδιῴκουυ,
439 1187 525 1275 άπερ
533 1191 599 1275 ἐγώ
611 1196 755 1276 φανείην
763 1186 805 1257 ἂν
816 1187 1110 1277 ῦστερονείρηκως

165 1291 186 1381 ἢ
207 1291 319 1362 ’κεῖνοι
331 1290 528 1378 πράξαντες,
547 1289 597 1359 ὅτι
611 1296 702 1359 πᾶσα
716 1298 864 1359 πολιτεία
878 1289 969 1379 ψυχὴ
983 1288 1110 1369 πόλεως

167 1399 244 1479 ἐστι,
263 1393 431 1478 τοσαύτην
448 1399 569 1478 ἔχουσα
584 1392 744 1479 δύναμιν,
759 1390 843 1478 ὅσην
856 1417 919 1477 περ
934 1390 1112 1477 ἐνσώματι

165 1497 342 1583 φρόνησις·
361 1490 521 1580 αῦτηγάρ
537 1496 625 1562 ἐστιν
641 1492 900 1582 ἡβουλευομένη
916 1490 1111 1581 περίάπάν-

165 1625 245 1677 των,
264 1598 320 1664 καί
335 1593 375 1663 τά
388 1594 451 1683 μὲν
465 1593 578 1679 όγαθά
594 1595 878 1681 διαφυλάττουσα,
896 1594 956 1673 τάς
971 1592 1008 1662 δέ
1023 1614 1110 1680 συμ-

164 1700 272 1785 φοράς
281 1695 590 1783 διαφε·ύγουσα,καλ
600 1694 737 1763 πάντων
744 1703 835 1765 αἰτία
843 1698 911 1763 τῶν
917 1710 991 1775 ταῖς
997 1694 1111 1763 πόλεσι
1123 1716 1140 1771 d

108 1814 154 1861 ¹³9
166 1799 434 1887 συμβαινόντων.
468 1792 598 1884 (νς’)“Α
612 1798 736 1884 μαθών
751 1794 769 1865 ὁ
785 1798 887 1883 δῆμος
907 1795 971 1865 οῦκ
991 1794 1105 1865 έπελά-

165 1911 245 1970 θετο
264 1899 319 1968 διά
338 1898 398 1986 τὴν
415 1896 616 1986 μεταβολὴν,
635 1894 721 1966 ἄλλά
739 1903 867 1985 μᾶλλον
880 1898 989 1989 τούτῳ
1004 1919 1107 1984 προσ·

167 2018 235 2089 εῑχε
244 2000 319 2089 (τόν
333 1998 435 2088 νοῦν)
444 1995 464 2085 ἣ
473 2015 544 2077 τοῖς
554 1997 678 2085 ἄλλοις,
693 1995 784 2078 ὅπως
793 1998 931 2086 λη’ψεται
940 1998 1020 2077 τοῦς
1032 1997 1110 2085 ἡγε-

160 2108 267 2189 μόνας
291 2104 511 2186 δημοκρατίας
536 2100 598 2185 μὲν
620 2101 885 2183 ἐπιθυμοῦντας,
914 2095 951 2164 τό
976 2095 1007 2164 δ’
1029 2090 1115 2184 ἦθος

160 2208 315 2268 τοιοῦτον
327 2205 471 2286 ἔχοντας,
487 2194 561 2267 οίόν
572 2221 634 2283 περ
648 2203 681 2266 οί
689 2198 853 2282 πρότερον
866 2199 1115 2274 έπιστατοῡντες

161 2297 284 2382 αὐτῶν,
299 2301 352 2366 καί
365 2297 410 2385 μη
422 2299 560 2385 λη’σουσι
573 2304 660 2384 σφᾶς
671 2295 795 2375 αύτούς
807 2304 944 2382 κυρίους
956 2294 1114 2364 ἁπάντων

161 2406 229 2466 τῶν
247 2405 372 2465 κοινῶν
388 2398 667 2483 καταστήσαντες,
687 2393 736 2474 οἷς
752 2394 861 2473 οὐδεὶς
875 2391 918 2462 άν
933 2396 1032 2463 οὐδὲν
1047 2402 1114 2461 τῶν

92 2509 142 2561 14⁰
159 2502 256 2566 ἰδίων
269 2498 485 2581 ἐπιτρέψειεν,
501 2497 584 2582 μηδὲ
599 2497 816 2581 περιόψονται
832 2494 916 2581 πρός
930 2496 968 2563 τά
981 2503 1037 2580 της
1051 2496 1139 2561 τιό-ε

160 2606 243 2675 λεως
253 2597 451 2681 προσιόντας
459 2590 1114 2681 τοῦςὁμολογουμένωςὅνταςπονηροῦς,

158 2693 239 2782 μηδ’
258 2695 428 2776 άνέξουται
453 2694 514 2782 την
539 2691 659 2780 φωνὴν
679 2700 747 2759 τῶν
772 2691 811 2759 τά
836 2702 898 2779 μὲν
919 2693 1053 2778 στόματα
1075 2688 1113 2777 τά

159 2793 294 2881 σφέτερ’
311 2794 423 2862 αὐτῶν
440 2797 670 2871 ἐπονειδίστως
685 2796 944 2878 διατιθεμένων,
963 2798 1114 2877 συμβου-

159 2893 274 2962 λεύειν
289 2898 324 2961 δὲ
336 2909 404 2973 τοίς
417 2893 529 2973 ἄλλοις
541 2891 738 2977 ἀξιούντων,
755 2888 795 2957 δν
806 2892 931 2973 τρόπον
942 2888 1004 2977 τὴν
1015 2892 1115 2958 πόλιν

159 2999 366 3074 διοικοῦντες
390 3009 600 3080 σωφρονοῖεν
624 2988 668 3060 ἄν
693 2995 747 3058 καλ
771 2995 903 3077 βέλτιον
928 2989 1114 3074 πράττοιεν,
1132 3003 1182 3058 262

158 3094 243 3179 μηδὲ
258 3100 325 3160 τῶν
340 3090 362 3160 ά
375 3094 436 3180 μέν
451 3092 540 3180 παρὰ
555 3102 622 3160 τῶν
637 3092 790 3177 πατέρων
804 3093 993 3176 παρέλαβον
1006 3094 1050 3167 εἰς
1062 3094 1114 3156 αἰ·
1139 3154 1149 3167 ,

158 3189 262 3277 σχράς
283 3188 404 3278 ἡδονάς
425 3190 665 3278 όνηλωκότων,
696 3194 733 3258 έκ
755 3192 790 3258 δὲ
812 3196 878 3258 τῶν
900 3196 1024 3257 κοινόν
1045 3202 1115 3267 ταῖς

158 3294 258 3367 ἰδίαις
276 3286 428 3373 άπορίαις
449 3300 589 3379 βοηθεῖν
612 3290 815 3377 ζητούντων,
840 3288 923 3374 μηδὲ
944 3296 1011 3356 τῶν
1031 3284 1115 3372 πρός

157 3390 258 3474 χάριν
272 3389 335 3475 μὲν
345 3387 395 3457 άελ
406 3395 516 3477 λέγειν
528 3394 743 3476 γλιχομίνων,
762 3394 806 3466 εἰς
817 3388 941 3466 πολλάς
953 3386 983 3452 δ’
998 3385 1113 3471 ἀηδίας
1140 3410 1167 3506 ρ

92 3503 133 3553 ‘41
157 3492 213 3556 καί
228 3489 336 3566 λύπας
350 3487 427 3568 τοῦς
442 3492 664 3575 πειθομένους
675 3485 922 3573 ἐμβαλλόντων,
939 3483 1021 3551 άλλά
1034 3484 1113 3561 τούς

156 3614 192 3653 τε
208 3588 382 3665 τοιούτους
397 3585 544 3666 ἅπαντας
559 3585 729 3671 άπείργειν
745 3582 809 3651 ἀπὸ
826 3590 885 3651 τοῦ
900 3582 1110 3669 συμβουλεύ-

157 3712 210 3753 ειν
226 3687 363 3762 έκαστος
378 3685 523 3765 οἰήσεται
540 3692 625 3763 δεῖν,
644 3690 696 3752 καί
715 3683 799 3765 πρὸς
815 3684 946 3760 τούτοις
963 3685 1112 3760 ἐκείνους
