2859 4334
288 376 350 439 130
577 378 965 460 ιεοιεεκνονεμ)

240 553 274 606 22
287 539 372 624 πρὸς
395 538 475 618 τούς
497 538 688 625 προγόνους
704 536 785 617 τούς
805 535 1004 625 ἡμετέρους·
1038 539 1091 610 διό
1112 544 1169 610 καί
1190 542 1256 609 τόν

289 638 504 724 παρελθόντα
514 637 640 726 χρόνον
649 635 791 723 άμεινου
801 644 870 705 τῶν
880 637 993 708 ἀλλων
1002 642 1256 727 έφέρεσθε,κοιλ
1351 703 1352 710 ,

288 735 350 805 τόν
366 737 502 806 ἐπιόντα
519 740 714 820 προσδοκᾶν
733 734 796 823 χρὴ
811 737 986 817 τοιούτους
1003 736 1103 817 ὄντας
1116 741 1255 825 βέλτιον

288 831 391 922 ἡυύυ
406 835 554 924 πράξειν.
578 834 770 921 Μεσσήνιοι
789 832 821 902 δ’
840 842 887 915 είς
900 835 993 904 τοῦτ’
1015 836 1168 925 ἀσεβείας
1186 832 1255 925 ἡλ-
1352 889 1353 922 η

288 945 373 1020 θον,
399 931 477 1001 ὥστ’
495 934 797 1022 ἐπιβουλεύσαντες
809 930 1010 1002 ἀπέκτειναν
1024 936 1255 1022 Κρεσφόντην

288 1030 349 1099 τόν
368 1030 519 1120 οίκιστὴν
538 1034 601 1119 μὲν
612 1039 672 1119 τῆς
685 1031 831 1118 πόλεως,
857 1033 979 1117 κύριον
998 1032 1034 1102 δὲ
1049 1042 1108 1120 της
1125 1033 1252 1121 γάρος,

288 1139 431 1217 ἔκγονον
446 1131 478 1200 δ’
489 1130 708 1220 Ἡρακλέους,
725 1130 839 1200 αὐτῶν
854 1129 884 1199 δ’
902 1130 1053 1220 ἡγεμόνα
1066 1136 1253 1219 γεγενημέ-

238 1245 273 1299 23
288 1259 361 1301 νον.
384 1233 610 1319 διαφυγόντες
627 1230 660 1300 δ’
676 1238 710 1301 οἱ
722 1237 839 1311 παῖδες
852 1230 959 1300 αύτοῦ
969 1230 1050 1313 τούς
1065 1232 1283 1312 κινδύνουςε

287 1334 391 1401 ἱκέται
400 1334 607 1419 κατέστησαν
616 1333 755 1418 ταυτησὶ
765 1338 823 1417 τῆς
833 1330 973 1418 πόλεως,
984 1328 1156 1413 ἀξιοῦντες
1166 1339 1254 1418 βοη-

286 1442 365 1498 θείυ
380 1438 426 1523 τῷ
439 1438 601 1501 τεθνεῶτι
616 1434 670 1499 καὶ
686 1428 750 1517 τὴν
764 1431 879 1517 χάραν
893 1431 1045 1512 διδόντες
1057 1429 1148 1520 ἡμίν.
1171 1434 1252 1500 ἐπε-

287 1530 428 1617 ρόμενοι
448 1532 485 1599 δὲ
508 1528 570 1599 τόν
595 1527 682 1599 θεόν
703 1527 864 1600 κάκείνου
885 1532 1134 1615 προστάξαντος
1156 1536 1252 1620 δέχε-

287 1642 369 1699 σθαι
380 1637 485 1699 ταῦτα
507 1632 563 1699 καὶ
581 1644 741 1717 τιμωρεῖν
761 1643 830 1709 τοῖς
843 1627 1058 1717 ἠδικημένοις
1072 1633 1251 1718 ἐκπολιορ-

287 1728 451 1816 κήσαντες
464 1735 682 1815 Μεσσηνίους
696 1726 804 1807 ούτως
815 1728 1002 1815 ἐκτήσασθε
1016 1726 1080 1815 τὴν
1092 1730 1216 1815 χάραν.

239 1845 274 1898 ⁶24
373 1825 443 1914 (η’.)
454 1829 538 1914 Περὶ
548 1830 611 1915 μέν
622 1821 687 1896 οὖν
697 1835 767 1896 τῶν
778 1831 811 1908 έξ
822 1826 925 1915 ἀρχῆς
934 1826 1158 1913 ὑπαρξάντων
1168 1826 1251 1917 ἡμῖν

287 1924 434 2013 ἀκριβιις
448 1928 511 2012 μέν
526 1924 569 1994 ού
584 1930 745 2012 διῆλθον,
761 1922 780 1993 ὁ
793 1923 859 2012 γάρ
877 1923 996 2011 παράν
1006 1924 1123 2012 καιρός
1133 1924 1198 1995 ούιι
1209 1927 1250 2016 έᾷ

288 2032 514 2111 μυθολογεῖν,
529 2023 603 2094 ἀλλ’
622 2024 808 2112 ἀναγκαίου
821 2018 866 2111 ἡν
880 2026 1137 2112 συντομώτερον
1149 2022 1172 2113 ἡ
1186 2038 1281 2094 out-d

289 2125 454 2209 φέστερον
468 2129 687 2212 διαλεχθῆναι
702 2125 779 2211 περὶ
793 2122 923 2211 αὐτῶν,
943 2122 986 2192 ού
1001 2122 1070 2212 μὴν
1091 2122 1176 2195 ἀλλά
1192 2126 1250 2193 καὶ

288 2220 343 2291 διά
358 2222 489 2291 τούτων
503 2222 594 2309 οἶμαι
611 2230 693 2291 πᾶσι
709 2220 861 2309 φανερόν
872 2220 974 2311 εἶναι,
990 2224 1077 2292 διότι
1090 2221 1154 2310 τὴν
1164 2222 1250 2311 ὁμο-

287 2324 497 2411 λογουμένην
511 2319 673 2410 ἡμετέραν
685 2319 770 2390 εἶναι
781 2321 894 2406 χώραν
905 2319 1007 2390 οὐδέν
1018 2325 1250 2410 διαφερόντως

288 2424 484 2508 κεκτημένοι
494 2421 704 2508 τυγχάνομεν
715 2416 737 2504 ἡ
748 2418 810 2501 τὴν
821 2418 1150 2509 ἀμφισβητουμένην.
1163 2424 1250 2489 ταύ-

288 2548 351 2608 την
366 2544 403 2589 τε
420 2518 487 2607 γάρ
504 2525 667 2608 οἰκοῦμεν
685 2519 818 2590 δόντων
831 2516 1148 2607 μὲνἩρακλειδιῖν,
1167 2517 1250 2588 ἀνε-

288 2621 408 2700 λόντος
429 2620 466 2689 δὲ
489 2627 674 2704 τούθεού,
702 2627 835 2710 πολέμῳ
857 2619 894 2686 δὲ
920 2619 1144 2706 κρατήσαντες
1168 2617 1250 2699 τούς

289 2728 439 2809 ἔχοντας·
455 2716 628 2805 έκείνηντ’
641 2719 807 2806 ἐλάβομεν
817 2716 908 2802 παρὰ
919 2719 988 2785 τῶν
997 2714 1111 2785 αὐτῶν
1121 2714 1249 2786 καὶτὸν

288 2816 395 2896 αύτόν
407 2816 534 2902 τρόπον
549 2819 686 2897 καὶτοῖς
699 2822 869 2906 μαντείαις
882 2815 1085 2903 χρησόμενοι
1101 2830 1172 2896 ταῖς
1182 2814 1248 2885 αύ-
1260 2850 1277 2889 ε

241 2935 274 2987 25
288 2931 367 2996 ταῖς.
397 2920 505 3004 εἰμὲν
526 2910 591 2987 ούν
605 2915 713 2996 οὕτως
734 2924 852 3002 ἔχομεν
874 2915 957 2984 ὥστε
973 2920 1057 3003 μηδὲ
1078 2920 1154 3002 περὶ
1172 2914 1249 2995 ἑνὸς

290 3015 495 3103 ἀντιλέγειν,
526 3014 606 3105 μηδ’
629 3014 673 3085 ἀν
697 3014 804 3103 αύτὴν
826 3014 890 3103 τὴν
911 3018 1075 3105 Σπάρτην
1099 3020 1248 3087 ἐκλιπεῖν

289 3114 539 3201 προστάττωσιν
553 3114 650 3203 ἡμῖν,
665 3116 845 3201 περίεργόν
861 3121 951 3184 έστιν
964 3113 1050 3200 ὑπὲρ
1065 3116 1249 3204 Μεσσήνης

289 3214 506 3295 σπουδάζειν·
531 3221 561 3283 εί
574 3218 610 3283 δὲ
627 3218 741 3303 μηδεὶς
758 3211 803 3283 ἀν
813 3211 910 3300 ὑμῶν
925 3211 1077 3295 ἀξιώσειε
1093 3221 1151 3304 ζῆν
1161 3213 1249 3285 ἀπο-

289 3313 511 3400 στερούμενος
524 3320 582 3401 τῆς
596 3319 770 3400 πατρίδος,
785 3313 946 3399 προσήκει
962 3316 1106 3400 καὶπερὶ
1120 3317 1249 3398 ἐκείνης

289 3413 352 3501 τὴν
368 3412 475 3501 αύτὴν
489 3410 576 3501 ὑμᾶς
591 3414 731 3502 γνώμην
745 3418 841 3500 ἔχειν.
872 3410 912 3479 τά
926 3411 993 3499 γάρ
1008 3409 1093 3481 αύτά
1109 3412 1250 3483 δικαιιό-
1269 3424 1318 3478 121

290 3540 376 3600 ματα
390 3512 539 3593 καὶτοὺς
554 3511 679 3591 αύτούς
694 3514 819 3599 λόγους
834 3512 910 3595 περὶ
923 3508 1125 3600 ἀμφοτέρων
1134 3508 1249 3579 αὐτόν

291 3618 408 3697 ἔχομεν
424 3616 536 3682 εἰπεῖν.
