2859 4334
309 375 373 442 232
577 384 761 444 ΙΣΟΚΡΑ
771 387 827 444 ΤΟ
839 387 900 444 ΤΣ
918 389 986 457 (19)

311 535 462 626 ἀκύρους
479 542 546 608 ίδοι
562 541 754 627 γενομένας.
782 543 896 610 καὶ
857 568 922 630 χορ
936 545 1015 613 εί
978 573 1042 632 μεν
1057 573 1071 614 ε
1075 553 1107 626 ἐς
1123 545 1186 614 τὸν
1204 543 1259 614 ol·

312 639 450 730 κοντὸν
468 640 552 727 ἐμὸν
570 635 764 722 δεδωκάς
743 669 787 729 ην
805 643 1022 734 Θρασύλοχος
1038 649 1102 736 τήν
1120 646 1260 729 ούσίαν,

311 739 403 808 τοῦτ’
418 735 462 809 ἀν
479 744 630 830 ἐπιτιμᾶν
644 742 794 830 εἷχον’
749 750 861 837 αυτῷ
879 751 945 816 νύν
964 744 996 816 δ’
1012 755 1060 829 εἰς
1074 749 1135 818 τὸν
1152 749 1265 818 αὐτῶν

311 868 334 927 μ
334 837 665 930 ἐλσεποιήσατο,ύστ
663 839 1259 940 ’ούκἐλάττωτυγχάνουσινείληφό-

271 954 304 1004 ιο
312 968 365 1021 τες
380 931 429 1010 ύν
441 943 637 1012 δεδώκασιν.
664 946 767 1032 χωρὶς
781 945 819 1015 δέ
832 947 974 1035 τούτων,
989 951 1116 1021 οὐδένα
1128 958 1283 1040 μᾶλλονε

313 1041 435 1123 εἰκός
418 1063 507 1112 εστιν
521 1071 542 1131 η
523 1039 808 1132 Θράσυλλον”
769 1073 895 1118 εονουν
908 1049 994 1120 εἶναι
1007 1068 1077 1132 τοῖς
1093 1052 1181 1122 κατά
1199 1054 1259 1122 δό-

305 1162 360 1210 σιν
383 1139 667 1228 ἀμφισβητοῦσιν
699 1145 754 1210 καλ
775 1142 839 1228 χάρ
864 1141 964 1222 αύτός
985 1149 1038 1212 καλ
1058 1144 1121 1272 τήν
1143 1153 1264 1232 τέχνην

306 1248 411 1324 ἔμαθε
428 1266 517 1324 παρα
506 1238 781 1327 Πολεμαινέτου
796 1249 856 1309 τοῦ
879 1243 1028 1329 μάντεως
1049 1249 1102 1311 και
1125 1244 1166 1312 τά
1185 1247 1266 1332 χρή-

305 1339 382 1428 ματ’
400 1347 520 1427 ἐλαβεν
545 1339 588 1409 ού
612 1339 695 1409 κατὰ
721 1343 819 1428 γένος
844 1339 927 1410 άλλά
953 1341 999 1410 δι’
1020 1341 1160 1430 ἀρετήν,
1187 1334 1266 1412 ὥστ’

308 1439 370 1508 ούκ
393 1436 436 1508 ἀν
451 1439 561 1527 δήπου
581 1442 805 1529 φθονήσειεν,
833 1450 865 1509 ελ
881 1466 932 1520 τις
952 1445 1026 1525 περὶ
1047 1441 1126 1522 τούς
1146 1450 1268 1521 παῖδας

308 1538 415 1608 αὐτοῦ
439 1538 579 1625 χρηστὸς
603 1541 785 1627 γενόμενος
807 1547 864 1627 τῆς
885 1539 986 1630 αὐτῆς
1010 1546 1138 1628 δωρεᾶς
1159 1537 1267 1631 ἧσπερ

260 1665 293 1718 ις
309 1643 435 1718 ἐκελνος
455 1637 592 1728 ἠξιώθη.
636 1643 728 1729 (ια’.)
751 1647 956 1727 Μεμνήσθαι
978 1643 1014 1709 δὲ
1034 1642 1095 1729 χρή
1119 1646 1176 1710 καὶ
1200 1651 1267 1712 τῶν

308 1742 346 1806 ἐν
370 1736 452 1827 ἀρχή
472 1742 655 1826 ῥηθέντων.
694 1742 841 1818 ἐπέδειξα
862 1738 928 1825 γάρ
949 1739 1030 1828 ὑμῖν
1046 1739 1152 1811 αύτὸν
1174 1741 1294 1810 οὕτωσ

308 1841 383 1923 περὶ
403 1847 530 1908 πολλοῦ
551 1841 615 1928 τήν
636 1839 800 1928 ἡμετέραν
824 1843 1008 1930 οἰκειότητα
1034 1842 1268 1930 ποιησάμενον

310 1937 392 2006 ὥστε
406 1945 508 2024 γήμαι
526 1943 581 2008 καλ
596 1940 657 2027 τήν
671 1939 822 2027 ἀδελφήν
835 1939 898 2028 τήν
911 1949 973 2009 τοῦ
975 1940 1113 2065 πατρὸς
1131 1946 1188 2012 καὶ
1206 1942 1267 2030 τήν

310 2037 463 2118 ἀνεψιάν.
506 2046 612 2107 καίτοι
635 2048 720 2109 τίσιν
741 2037 784 2108 ἀν
804 2049 930 2109 θᾶττον
946 2041 1008 2128 τήν
1024 2041 1131 2111 αὑτοῦ
1152 2053 1268 2130 θυγα-

308 2139 364 2223 τέρ
368 2135 591 2220 ’ἐξέδωκεν
570 2166 591 2227 η
603 2141 733 2220 τούτοις
746 2137 826 2227 παρ’
817 2169 947 2308 ίωνιιερ
960 2140 1065 2224 αύτδς
1079 2144 1268 2236 λαμβάνειν

308 2236 504 2325 ήξίωσενςέ
503 2265 524 2304 κ
545 2233 726 2316 ποίαςδ’”
704 2244 815 2306 ανοίκ
796 2246 868 2317 ας
884 2238 982 2326 ηδιον
1001 2240 1090 2308 ειδεν
1106 2239 1183 2308 νέον
1203 2239 1269 2307 αύ-

309 2343 354 2421 τῷ
372 2332 454 2402 κατὰ
471 2333 549 2413 τούς
567 2337 692 2422 νόμους
704 2362 719 2402 ε
721 2338 938 2422 λσποιηθέντα
953 2334 1114 2424 μᾶλλονῆ
1129 2340 1268 2425 ταύτης,

310 2427 379 2516 ἐξ
357 2459 463 2522 ησπερ
478 2438 531 2504 και
550 2438 650 2521 φύσει
668 2438 786 2514 παῖδας
807 2434 1021 2522 έζήτησεν’
982 2464 1071 2526 αντφ
1059 2440 1270 2522 χενέσθαις

262 2553 292 2608 47
390 2533 585 2619 (κίί.)Ὦστ’
608 2530 652 2601 ἀν
667 2536 729 2622 μὲν
750 2535 821 2620 ἐμοὶ
838 2543 1032 2621 ψηφίσησθε
1046 2533 1106 2602 τὸν
1121 2543 1265 2622 κλῆρον,
1283 2569 1296 2606 e

309 2636 364 2702 καὶ
380 2631 465 2716 πρὸς
479 2637 607 2701 ἐκεῖνον
631 2631 713 2719 ὑμῖν
728 2639 836 2710 καλῶς
862 2635 924 2714 ἕξει
942 2636 996 2701 καὶ
1013 2633 1097 2719 πρὸς
1110 2633 1189 2712 τούς
1202 2634 1271 2702 ἀλ-

310 2741 389 2810 λους
404 2731 553 2810 ἅπαντας
568 2783 578 2816 ,
595 2727 644 2810 οἷς
658 2733 818 2820 προσήκει
833 2759 864 2800 τι
879 2733 1009 2801 τούτων
1026 2741 1093 2800 τῶν
1111 2734 1269 2819 πραγμά·

310 2855 394 2898 των·
418 2825 462 2897 ἀν
478 2828 509 2897 δ’
532 2827 598 2898 ὑπὸ
613 2832 735 2918 ταύτης
749 2835 943 2912 πεισθέντες
959 2835 1196 2920 ἐξαπατηθῆτε,
1223 2831 1270 2900 ού

311 2929 418 3016 μόνον
432 2927 484 3016 ἔμ’
501 2927 675 3015 ἀδικήσετε
698 2929 782 3000 ἀλλά
809 2935 863 3000 καλ
879 2933 1096 3018 Θρασύλοχον
1119 2930 1178 2998 τὸν
1198 2931 1270 3018 τήν

311 3029 480 3117 διαθήκην
501 3030 726 3097 καταλιπόντα
753 3033 806 3096 καὶ
828 3030 988 3098 Σώπολιν
1008 3033 1062 3100 καὶ
1082 3028 1143 3118 τήν
1163 3028 1271 3100 ἀδελ·
1284 3045 1325 3102 ³9³

311 3128 381 3215 φήν
395 3126 456 3215 τήν
468 3132 615 3214 ἐκείνων,
630 3126 728 3214 ήνῦν
742 3132 813 3216 ἐμοὶ
827 3144 986 3216 συνοικεῖ,
1007 3131 1060 3198 καὶ
1072 3128 1134 3216 τήν
1144 3129 1265 3215 μητέρ’
1345 3209 1346 3212 ¹

311 3227 440 3306 αὐτῶν,
465 3227 489 3314 ή
502 3237 620 3296 πασῶν
634 3226 678 3297 ἀν
693 3240 744 3316 είη
759 3230 1004 3314 δυστυχεστάτη
1019 3235 1207 3314 γυναικῶν,
1236 3237 1270 3296 εί

310 3329 476 3416 μὴμόνον
499 3333 704 3413 ἐξαρκέσειεν
728 3327 812 3418 αὐτῇ
835 3333 1011 3416 στέρεσθαι
1033 3335 1100 3395 τῶν
1121 3334 1264 3412 παίδων,
1345 3345 1346 3412 χ

311 3425 396 3496 ἀλλά
412 3429 466 3496 καὶ
481 3426 573 3498 τοῦτ’
590 3426 675 3517 αὐτή
689 3433 919 3515 προσγένοιτο,
935 3425 1012 3496 ὥστ’
1031 3430 1157 3496 ἐπιδεῖν
1176 3425 1265 3494 ἀκν-

312 3553 375 3611 ρον
388 3527 451 3612 μέν
470 3525 532 3613 τήν
553 3530 690 3596 ἐκείνων
713 3527 852 3615 γνύμην
869 3521 993 3612 οὖσαν,
1010 3534 1136 3614 ἔρημον
1151 3529 1187 3594 δὲ
1202 3523 1264 3592 τὸν

264 3640 293 3695 ιδ
307 3624 401 3692 οἷκον
415 3627 628 3712 γιγνόμενον,
645 3629 700 3694 καλ
715 3625 776 3713 τήν
791 3629 854 3713 μὲν
868 3629 1104 3712 ἐπιχαίρουσαν
1119 3640 1187 3704 τοῖς
1197 3621 1260 3691 αὖ·
1345 3717 1346 3722 ¹
