2859 4334
306 370 366 436 182
570 375 752 436 ΙΣΟΚΡΑ
762 378 816 435 ΤΟ
828 379 886 434 ΤΣ
904 380 974 447 (16)

302 539 390 618 μίοις
404 528 465 618 τὴν
479 538 623 618 πατρίδα
638 526 1088 619 παραδούναιμᾶλλονῆτοῐς
1098 530 1253 617 ύπέρτῆς

303 630 1250 721 πόλεωςστρατευομένοιςτήςπολιτείαςμεταδοῦναι.τοι·

264 723 1252 822 18αύτηνμὲνούντῶνπολιτωνγνώμηνἐχόντων,κρατούν·

302 862 370 903 των
385 834 421 903 δὲ
437 842 505 902 τῶν
519 841 687 918 πολεμίων
706 834 832 920 καὶτῆς
848 840 908 918 γῆς
928 836 1054 921 καὶτῆς
1074 836 1257 923 θαλάττης,

302 935 397 1002 ἔτιδὲ
410 933 588 1019 χρημάτων
602 929 682 1016 ύμῖν
692 932 755 1016 μὲν
769 928 831 999 οῦκ
845 931 971 1015 ὄντων,
989 936 1129 1014 ἐκείνοις
1141 936 1177 1003 δὲ
1190 943 1257 1022 βα-

302 1034 419 1109 σιλέως
428 1031 644 1117 παρέχοντος,
660 1028 744 1115 πρὸς
760 1032 796 1098 δὲ
807 1028 937 1109 τούτοις
952 1031 1154 1121 ἐνενήκοντα
1166 1042 1284 1103 υεοῑυι

301 1136 336 1201 ἐκ
344 1129 746 1217 ΦοινίκηςείςἌσπενδον
754 1127 910 1216 ἡκουσῶν
921 1133 974 1198 καί
982 1138 1254 1219 παρεσκευασμέ·

300 1258 372 1298 νων
381 1234 652 1314 Λακεδαιμονίοις
663 1237 814 1316 βοηθεῖν,
828 1232 866 1297 έν
875 1230 1053 1309 τοσαύταις
1064 1247 1258 1317 συμφοραῖς

257 1353 286 1405 19
301 1336 356 1401 καὶ
370 1331 533 1408 τοιούτοις
547 1331 720 1407 κινδύνοις
736 1337 792 1413 τῆς
809 1330 937 1408 πόλεως
951 1327 1069 1417 ούσης,
1086 1357 1257 1418 μεταπεμ-
1357 1380 1359 1392 ι

302 1434 461 1516 φαμένων
478 1426 583 1495 αῦτδν
599 1436 666 1495 τῶν
681 1432 893 1513 στρατιωτῶν
903 1428 966 1499 οῦκ
980 1427 1177 1515 ἐσεμνύνατ’
1201 1432 1255 1499 έπί
1357 1481 1358 1524 ,

300 1546 367 1609 τοῖς
381 1535 558 1614 παροῦσιν,
570 1526 633 1595 οῦδ
637 1525 645 1550 ’
663 1530 828 1613 ἐμέμψατο
840 1532 914 1609 περὶ
929 1537 997 1595 τῶν
1007 1534 1256 1616 γεγενημένων,
1357 1567 1358 1574 1

301 1626 375 1697 οὐδ’
399 1626 620 1714 ἐβουλεύσατο
637 1629 711 1708 περὶ
731 1632 800 1691 τῶν
821 1626 1029 1712 μελλόντων,
1050 1625 1124 1696 ἀλλ’
1146 1626 1258 1709 εύθῦς

302 1731 405 1796 είλετο
420 1724 501 1812 μετὰ
513 1734 569 1811 τῆς
581 1726 708 1802 πόλεως
720 1723 836 1791 ὁτιοῦν
847 1725 985 1810 πάσχειν
997 1732 1124 1810 μᾶλλον
1138 1722 1160 1813 ἢ
1170 1726 1257 1813 μετὰ
1357 1757 1358 1802 1

302 1827 572 1909 Λακεδαιμονίων
586 1819 746 1906 εὐτυχεῖν,
759 1825 813 1889 καί
825 1829 906 1889 πᾶσι
920 1821 1070 1908 φανερὸν
1085 1827 1256 1910 ἐποίησεν,

301 1924 352 1989 ὅτι
375 1936 442 2000 τοῖς
463 1927 662 2008 ἐκβαλοῦσιν
684 1916 758 1986 ἀλλ’
775 1916 835 2004 οὐχ
850 1916 931 2004 ύμῖν
946 1923 1112 2007 ἐπολέμει,
1129 1925 1183 1990 καὶ
1200 1922 1285 1993 ὅτιδ

299 2032 474 2091 κατελθεῖν
500 2018 573 2088 ἄλλ’
602 2017 663 2087 οῦκ
687 2016 845 2087 ἀπολέσαι
870 2018 931 2103 τὴν
956 2020 1055 2087 πόλιν
1080 2021 1255 2107 ἐπεθύμει.

252 2141 286 2192 ευ
301 2121 481 2207 γενόμενος
496 2120 531 2187 δὲ
549 2116 627 2205 μεθ’
644 2114 740 2204 ὑμῶν
755 2124 863 2185 ἔπεισε
878 2119 941 2203 μὲν
959 2121 1193 2206 Τισσαφέρνην
1206 2120 1256 2209 μὴ

300 2224 455 2306 παρέχειν
474 2220 623 2305 χρήματα
646 2223 937 2303 Λακεδαιμονίοις,
964 2224 1088 2286 ἔπαυσε
1114 2224 1151 2289 δὲ
1172 2218 1257 2301 τοῦς

299 2320 491 2406 συμμάχους
505 2316 600 2403 ύμών
615 2316 871 2403 ἀφισταμένους,
890 2321 1026 2386 διέδωκε
1045 2319 1080 2387 δὲ
1096 2317 1176 2402 παρ’
1190 2318 1257 2387 αύ-

299 2428 358 2488 τοῦ
379 2414 505 2505 μισθδν
530 2431 596 2494 τοῖς
611 2416 840 2500 στρατιώταις,
863 2413 1012 2483 ἀπέδωκε
1037 2415 1073 2485 δὲ
1092 2424 1138 2506 τῷ
1158 2417 1257 2508 δήμω

298 2516 359 2603 τὴν
370 2522 549 2599 πολιτείαν,
562 2516 713 2601 διήλλαξε
729 2515 763 2581 δὲ
775 2511 854 2591 τούς
860 2520 1004 2599 πολίτας,
1018 2512 1202 2600 ἀπέστρεψε
1214 2518 1255 2585 δὲ
1268 2544 1284 2579 e

250 2631 280 2682 λλ
298 2616 356 2697 τὰς
368 2624 451 2694 ναῦς
463 2614 520 2693 τὰς
531 2622 720 2692 Φοινίσσας.
741 2616 795 2681 καὶ
806 2610 887 2698 μετὰ
899 2620 1002 2681 ταῦτα
1016 2612 1097 2682 καθ’
1110 2617 1257 2683 ἕκαστον

298 2748 376 2805 μιν,
395 2716 474 2795 ὅσας
489 2716 631 2803 τριήρεις
646 2722 764 2801 ἔλαβεν
777 2708 799 2799 ἢ
812 2713 917 2799 μύχας
935 2715 1087 2800 ἐνίκησεν
1101 2708 1122 2799 ἦ
1137 2714 1255 2794 πόλεις
1357 2715 1358 2794 J

300 2814 382 2884 κατα
399 2815 520 2898 κρύτος
537 2810 623 2881 εἷλεν
637 2809 658 2899 ἢ
670 2812 759 2903 λόγω
774 2819 887 2889 πείσας
899 2818 996 2896 φίλας
1012 2809 1092 2897 ὑμῖν
1102 2816 1252 2900 ἐποίησε,

299 2909 734 2999 πολύδνέργονείηλέγειν·
751 2912 1254 3001 πλείστωνδὲκινδύνωντῇπό-
1357 2931 1358 2940 ’

298 3022 348 3083 λει
358 3009 430 3079 κατ’
440 3007 1253 3096 ἐκεῖνοντὸνκαιρδνγενομένωνούδεπιύποτετοῦ

298 3109 618 3199 πατρδςὴγουμέυου
624 3112 785 3194 τρόπαιον
792 3107 887 3198 ὑμῶν
897 3116 1039 3194 ἔστησαν
1045 3119 1076 3177 οι
1088 3114 1251 3195 πολέμιοι.

250 3228 283 3279 ῖῖ
382 3212 464 3293 Περὶ
479 3211 540 3295 μὲν
557 3203 620 3276 ούν
632 3218 699 3277 τῶν
714 3210 1007 3295 έστρατηγημένωυ
1021 3208 1094 3276 οἶδα
1109 3211 1182 3294 μὲν,
1198 3208 1252 3278 ὅτι
1269 3229 1313 3281 351

297 3309 403 3381 πολλὰ
421 3316 630 3392 παραλείπω,
653 3307 707 3376 διδ
723 3317 822 3377 τοῦτο
837 3306 868 3375 δ’
887 3306 949 3376 οὐκ
964 3305 1110 3395 ἀκριβῶς
1131 3318 1252 3394 εἴρηκα

297 3412 371 3494 περὶ
382 3406 504 3490 αὐτῶν,
517 3407 567 3477 ὅτι
582 3406 700 3494 σχεδδν
715 3408 857 3486 ἅπαντες
870 3408 1095 3495 μνημονεύετε
1109 3406 1149 3475 τὰ
1162 3435 1251 3492 πρα-

296 3515 429 3595 χθέντα.
447 3509 726 3594 (η’.)Λοιδοροῦσι
739 3511 775 3575 δὲ
788 3515 862 3575 λίαν
873 3506 1020 3593 ἀσελγῶς
1028 3509 1083 3575 καί
1093 3511 1249 3590 θρασέως

298 3612 352 3676 καὶ
371 3605 431 3675 τδν
449 3606 551 3674 ἄλλον
565 3614 640 3687 βίον
664 3606 724 3675 τὸν
740 3616 800 3675 τοῦ
816 3604 958 3690 πατρὸς,
984 3610 1037 3674 καί
1053 3604 1115 3674 ούκ
1130 3606 1248 3687 αίσχύ·
