2859 4334
424 421 540 479 ΠΕΡΙ
558 420 904 480 ΑΝΤΙΔΟΣΕΩΣ
1076 416 1137 481 175

100 600 155 652 311
182 577 238 647 διὰ
253 577 290 647 τό
303 588 366 665 πλη
372 590 431 658 θος
446 579 593 666 τυγχάνῃ
607 579 826 667 συμβεβηκός.
852 579 940 648 οὕτω
953 580 1018 667 γὰρ
1029 578 1134 669 άπλη-

182 700 268 758 στως
281 679 424 757 ἅπαντες
439 686 556 766 ἔχομεν
567 682 639 763 περὶ
654 680 733 757 τοὺς
748 683 879 766 λόγους,
893 679 967 749 ὥστ’
979 685 1130 750 ἐπαινοῦ·

181 805 246 865 μεν
263 779 324 864 μὲν
339 777 399 866 τὴν
418 777 590 863 εὐκαιρίαν
605 782 659 848 καὶ
674 784 785 868 φαμὲν
802 778 903 848 οὐδὲν
918 780 1002 849 εἶναι
1023 790 1136 849 τοιοῦ-

182 906 254 962 τον,
270 879 405 946 ἐπειὸάν
417 875 448 945 θ’
461 886 642 965 οίηθῶμεν,
656 876 700 957 ὡς
711 883 828 965 ἔχομέν
842 906 873 945 τι
884 884 1001 966 λέγειν,
1014 879 1138 969 ἀμελή-

183 1000 302 1057 σαντες
317 985 377 1045 τοῦ
392 981 587 1063 μετριάζειν,
606 976 688 1045 κατά
704 975 826 1064 μικρόν
837 975 889 1047 άεί
902 983 1138 1062 προστιθέντες
1184 977 1188 985 ’

182 1082 230 1156 είς
254 1075 311 1155 τάς
333 1079 468 1164 ἐσχάτας
488 1076 640 1161 ἀκαιρίας
664 1078 872 1163 ἐμβάλλομεν
891 1076 976 1165 ἡμᾶς
993 1079 1162 1159 αότοός·ε

181 1175 272 1243 ὅπου
291 1202 329 1263 γε
350 1179 403 1244 καὶ
425 1179 531 1261 λέγων
546 1174 610 1262 ἐγω
626 1184 729 1243 ταῦτα
746 1180 801 1245 καὶ
815 1179 1030 1266 γιγνώσκων,
1048 1180 1138 1266 ὅμως

98 1296 160 1349 312
181 1282 229 1344 ἔτι
244 1276 407 1362 βούλομαι
422 1280 636 1360 διαλεχθῆναι
653 1272 737 1356 πρός
752 1273 847 1361 ὑμᾶς.
884 1277 977 1363 (κη’.)
996 1275 1135 1364 Ἀγανα-

181 1383 250 1445 κτῶ
262 1374 325 1460 γάρ
342 1372 432 1456 ὁρῶν
447 1373 508 1459 την
523 1382 754 1459 συκοφαντίαν
768 1373 908 1461 ἄμεινον
925 1384 981 1463 τῆς
997 1386 1137 1462 φιλοσο-

181 1483 262 1560 φίας
282 1477 487 1561 φερομένην,
509 1477 564 1542 καί
578 1471 639 1558 τὴν
653 1474 716 1559 μὲν
731 1483 1001 1561 κατηγοροῦσαν,
1023 1475 1084 1563 την
1100 1476 1136 1543 δὲ
1152 1490 1202 1547 ³44

181 1577 393 1658 κρινομέυην.
428 1570 447 1639 ό
463 1578 510 1649 τίς
532 1567 575 1638 άν
591 1579 658 1638 τῶν
677 1579 830 1640 παλαιῶν
844 1571 979 1657 ἀνδρῶν
998 1576 1136 1662 γενησε-

184 1682 267 1739 σθαι
282 1672 539 1756 προσεδόκησεν,
558 1668 664 1747 άλλως
681 1696 716 1737 τε
737 1674 791 1739 καὶ
806 1670 886 1757 παρ’
905 1672 985 1758 ὑμῖν
1000 1688 1067 1751 τοῖς
1084 1674 1136 1742 ἐπὶ

100 1786 163 1841 31³
180 1776 285 1857 σοφία
305 1774 415 1855 μεῖζον
440 1775 508 1837 τῶν
529 1767 641 1836 ἄλλων
656 1776 861 1854 φρονοῦσιυς
884 1770 1011 1839 οόκουν
1026 1775 1081 1839 ἐπί
1097 1798 1136 1857 γε

180 1878 251 1939 τῶν
272 1870 449 1955 προγόνων
469 1866 576 1946 οὕτως
596 1867 697 1954 εἶχεν,
722 1867 805 1936 άλλά
829 1868 908 1949 τοὺς
930 1871 991 1955 μὲν
1012 1879 1135 1939 καλου-

181 1972 306 2055 μένους
317 1966 477 2053 σοφιστάς
488 1968 679 2054 ἐθαύμαζον
690 1971 745 2037 καί
757 1967 836 2048 τούς
849 1972 1013 2049 συνόντας
1023 1967 1136 2048 αὐτοῖς

183 2070 340 2156 ἐζήλουν,
351 2065 430 2146 τοὺς
443 2067 477 2134 δὲ
487 2068 701 2152 συκοφάντας
714 2075 877 2135 πλείστων
888 2076 1002 2135 κακῶν
1012 2074 1137 2146 αίτίους

180 2166 336 2253 ἐνόμιζον
351 2164 444 2233 εἶναι.
477 2169 633 2251 μέγιστον
649 2168 684 2234 δὲ
699 2167 893 2252 τεκμήριον·
915 2170 1059 2237 Σόλωνα
1074 2170 1136 2255 μὲν
1193 2183 1195 2186 ’

180 2265 265 2355 γάρ,
286 2267 346 2333 τὸν
363 2272 498 2349 πρῶτον
518 2273 586 2333 τῶν
602 2274 748 2333 πολιτῶν
764 2269 910 2354 λαβόντα
925 2266 988 2353 την
1002 2270 1163 2343 ίτιωνν-ι)

180 2374 263 2454 μίαν
283 2367 424 2452 ταύτην,
451 2367 640 2452 προστάτην
660 2364 804 2449 ἠξίωσαν
819 2374 875 2453 τῆς
894 2368 1020 2445 πόλεως
1041 2365 1135 2452 εἶναι,

181 2468 259 2552 περὶ
277 2469 314 2534 θλ
334 2474 402 2534 τῶν
423 2473 647 2551 συκοφαντῶν
666 2470 913 2551 χαλεπωτέρους
934 2462 1049 2553 ἦπερλ
1067 2474 1135 2534 τῶν

101 2589 161 2641 314
181 2568 295 2637 ἄλλων
315 2563 394 2645 τοός
414 2567 541 2652 νόμους
558 2572 690 2633 ἔθεσαν,
725 2581 792 2643 τοῖς
808 2567 871 2652 μὲν
893 2564 956 2652 γάρ
970 2576 1135 2653 μεγίστοις

179 2674 249 2735 τῶν
263 2664 477 2752 ἀδικημάτων
496 2669 534 2733 ἐν
549 2669 597 2733 §vi
613 2673 682 2733 τῶν
695 2671 921 2751 δικαστηρίων
941 2664 1003 2752 τὴν
1023 2672 1134 2751 κρίσιν

182 2769 359 2851 ἐποίησαν,
386 2761 469 2832 κατά
496 2766 531 2833 δὲ
554 2767 684 2831 τούτων
709 2763 842 2850 γραφάς
867 2767 928 2848 μὲν
950 2762 1034 2848 πρός
1056 2764 1135 2841 τοὺς

180 2867 402 2950 θεσμοθέτας,
420 2869 623 2948 εἰσαγγελίας
635 2860 666 2929 δ’
683 2867 729 2941 είς
740 2860 802 2949 την
812 2860 951 2949 βουλὴν,
967 2860 1134 2948 προβολάς

182 2961 214 3032 δ’
230 2968 268 3032 ἐν
281 2971 327 3052 τῷ
344 2962 452 3053 θημφ,
470 2970 659 3047 νομίζοντες
673 2960 752 3039 τοὺς
766 2960 870 3048 ταότη
882 2968 921 3048 τη
936 2963 1033 3049 τέχνη
1047 2986 1131 3046 χρω-

183 3066 308 3153 μένους
321 3064 455 3145 ἁπάσας
466 3062 690 3152 ὑπερβάλλειν
702 3063 763 3141 τάς
775 3068 947 3150 πονηρίας.
974 3060 1052 3138 τοός
1064 3061 1155 3149 μένα

185 3163 466 3253 γάρᾶλλουςάλλ’
476 3158 540 3233 οὖν
548 3170 734 3251 πειρᾶσθαί
739 3190 776 3248 γε
786 3162 969 3231 λανθάνειν
981 3188 1126 3248 κακουρ-

117 3288 174 3337 315
184 3269 343 3353 γοῦντας,
357 3264 539 3347 τοάτουςδ’
551 3269 587 3335 ἐν
594 3263 719 3333 ἅπασιν
733 3268 986 3334 ἐπιδείκνυσθαι
992 3263 1054 3349 την
1064 3264 1126 3333 αὑ-

182 3375 252 3438 τῶν
260 3365 744 3455 άμότητακαὶμισανθρωπίαν
756 3366 813 3432 καλ
827 3364 1128 3451 φιλαπεχθημοσύ-

183 3464 1129 3559 υην.(κθ’.)Κάκεῑνοιμὲνοότωςἐγίγνωσκονπερὶαότῶν·

181 3570 281 3659 ὑμεῖς
296 3571 334 3639 δὲ
346 3572 510 3640 τοσοῦτον
523 3567 660 3653 άπέχετε
668 3572 729 3637 τοῦ
738 3566 1031 3654 κολάζειναότοός,
1046 3562 1131 3637 ὥστε

183 3673 315 3751 τούτοις
329 3676 455 3761 χρῆσθε
473 3673 529 3738 καὶ
548 3668 744 3760 κατηγόροις
762 3671 817 3737 καὶ
838 3671 1033 3756 νομοθέταις
1049 3675 1126 3755 περὶ
