<?xml version="1.0" encoding="UTF-8"?>
<!DOCTYPE html PUBLIC "-//W3C//DTD XHTML 1.0 Transitional//EN"
    "http://www.w3.org/TR/xhtml1/DTD/xhtml1-transitional.dtd">
<html xmlns="http://www.w3.org/1999/xhtml" xml:lang="en" lang="en">
 <head>
  <title>
</title>
<meta http-equiv="Content-Type" content="text/html;charset=utf-8" />
  <meta name='ocr-system' content='tesseract 3.04.00' />
  <meta name='ocr-capabilities' content='ocr_page ocr_carea ocr_par ocr_line ocrx_word'/>
</head>
<body>
  <div class='ocr_page' id='page_1' title='image "./orationes00isgoog_0404.png"; bbox 0 0 2859 4334; ppageno 0'>
   <div class='ocr_carea' id='block_1_1' title="bbox 449 402 1128 469">
    <p class='ocr_par' dir='ltr' id='par_1_1' title="bbox 449 402 1128 469">
     <span class='ocr_line' id='line_1_1' title="bbox 449 402 1128 469; baseline -0.001 -2"><span class='ocrx_word' id='word_1_1' title='bbox 449 406 870 469; x_wconf 72' lang='lat' dir='ltr'><strong><em>HANAOHNAIKOZ.</em></strong></span> <span class='ocrx_word' id='word_1_2' title='bbox 1088 402 1128 467; x_wconf 71' lang='lat'><strong><em>31</em></strong></span> 
     </span>
    </p>
   </div>
   <div class='ocr_carea' id='block_1_2' title="bbox 130 561 1198 3633">
    <p class='ocr_par' dir='ltr' id='par_1_2' title="bbox 159 561 1132 751">
     <span class='ocr_line' id='line_1_2' title="bbox 181 561 1132 653; baseline -0.005 -17"><span class='ocrx_word' id='word_1_3' title='bbox 181 564 379 653; x_wconf 73' lang='grc' dir='ltr'><strong><em>ταραχώδεις</em></strong></span> <span class='ocrx_word' id='word_1_4' title='bbox 400 564 485 633; x_wconf 74' lang='grc' dir='ltr'><strong><em>εἶναι</em></strong></span> <span class='ocrx_word' id='word_1_5' title='bbox 506 566 687 650; x_wconf 73' lang='grc' dir='ltr'><strong><em>δοκούσας,</em></strong></span> <span class='ocrx_word' id='word_1_6' title='bbox 708 568 764 634; x_wconf 79' lang='grc' dir='ltr'><strong><em>καί</em></strong></span> <span class='ocrx_word' id='word_1_7' title='bbox 786 563 931 645; x_wconf 80' lang='grc' dir='ltr'><strong><em>πολλοὺς</em></strong></span> <span class='ocrx_word' id='word_1_8' title='bbox 950 565 1013 651; x_wconf 75' lang='grc' dir='ltr'><strong><em>μὲν</em></strong></span> <span class='ocrx_word' id='word_1_9' title='bbox 1032 561 1132 643; x_wconf 82' lang='grc' dir='ltr'><strong><em>ὄντας</em></strong></span> 
     </span>
     <span class='ocr_line' id='line_1_3' title="bbox 159 661 1132 751; baseline -0.004 -16"><span class='ocrx_word' id='word_1_10' title='bbox 159 673 162 677; x_wconf 72' lang='grc'><em>’</em></span> <span class='ocrx_word' id='word_1_11' title='bbox 183 662 260 744; x_wconf 84' lang='grc' dir='ltr'><strong><em>τούς</em></strong></span> <span class='ocrx_word' id='word_1_12' title='bbox 276 672 385 743; x_wconf 79' lang='grc' dir='ltr'><strong><em>κακῶς</em></strong></span> <span class='ocrx_word' id='word_1_13' title='bbox 399 668 593 751; x_wconf 77' lang='grc' dir='ltr'><strong><em>χρωμένους</em></strong></span> <span class='ocrx_word' id='word_1_14' title='bbox 607 662 735 750; x_wconf 89' lang='grc' dir='ltr'><strong><em>αὐταῖς,</em></strong></span> <span class='ocrx_word' id='word_1_15' title='bbox 752 662 839 733; x_wconf 81' lang='grc' dir='ltr'><strong><em>τολὺ</em></strong></span> <span class='ocrx_word' id='word_1_16' title='bbox 853 666 890 733; x_wconf 68' lang='grc' dir='ltr'><strong><em>δὲ</em></strong></span> <span class='ocrx_word' id='word_1_17' title='bbox 904 672 1040 744; x_wconf 80' lang='grc' dir='ltr'><strong><em>τελείους</em></strong></span> <span class='ocrx_word' id='word_1_18' title='bbox 1052 661 1132 742; x_wconf 89' lang='grc' dir='ltr'><strong><em>τούς</em></strong></span> 
     </span>
    </p>

    <p class='ocr_par' dir='ltr' id='par_1_3' title="bbox 133 761 1198 1444">
     <span class='ocr_line' id='line_1_4' title="bbox 133 761 1198 852; baseline -0.001 -17"><span class='ocrx_word' id='word_1_19' title='bbox 133 786 169 840; x_wconf 74' lang='grc'><strong><em>75</em></strong></span> <span class='ocrx_word' id='word_1_20' title='bbox 184 769 410 850; x_wconf 71' lang='grc' dir='ltr'><strong><em>ἐπιτιμῶντας.</em></strong></span> <span class='ocrx_word' id='word_1_21' title='bbox 435 761 488 832; x_wconf 87' lang='grc' dir='ltr'><strong><em>διό</em></strong></span> <span class='ocrx_word' id='word_1_22' title='bbox 505 768 651 848; x_wconf 88' lang='grc' dir='ltr'><strong><em>δέδοικα,</em></strong></span> <span class='ocrx_word' id='word_1_23' title='bbox 670 762 715 850; x_wconf 86' lang='grc' dir='ltr'><strong><em>μή</em></strong></span> <span class='ocrx_word' id='word_1_24' title='bbox 737 766 792 833; x_wconf 80' lang='grc' dir='ltr'><strong><em>καὶ</em></strong></span> <span class='ocrx_word' id='word_1_25' title='bbox 812 765 885 847; x_wconf 79' lang='grc' dir='ltr'><strong><em>περί</em></strong></span> <span class='ocrx_word' id='word_1_26' title='bbox 901 764 956 850; x_wconf 66' lang='grc' dir='ltr'><strong><em>ἐμὲ</em></strong></span> <span class='ocrx_word' id='word_1_27' title='bbox 977 770 1089 852; x_wconf 79' lang='grc' dir='ltr'><strong><em>συμβῇ</em></strong></span> <span class='ocrx_word' id='word_1_28' title='bbox 1101 788 1129 831; x_wconf 87' lang='grc' dir='ltr'><strong><em>τι</em></strong></span> <span class='ocrx_word' id='word_1_29' title='bbox 1147 779 1198 834; x_wconf 69' lang='lat'><strong><em>248</em></strong></span> 
     </span>
     <span class='ocr_line' id='line_1_5' title="bbox 183 858 1130 953; baseline -0.005 -21"><span class='ocrx_word' id='word_1_30' title='bbox 183 870 344 932; x_wconf 83' lang='grc' dir='ltr'><strong><em>τοιοῦτον.</em></strong></span> <span class='ocrx_word' id='word_1_31' title='bbox 369 860 411 930; x_wconf 95' lang='grc' dir='ltr'><strong><em>οὐ</em></strong></span> <span class='ocrx_word' id='word_1_32' title='bbox 426 862 494 949; x_wconf 83' lang='grc' dir='ltr'><strong><em>μήν</em></strong></span> <span class='ocrx_word' id='word_1_33' title='bbox 508 859 583 932; x_wconf 77' lang='grc' dir='ltr'><strong><em>ἄλλ’</em></strong></span> <span class='ocrx_word' id='word_1_34' title='bbox 599 866 758 948; x_wconf 85' lang='grc' dir='ltr'><strong><em>αίρούμαι</em></strong></span> <span class='ocrx_word' id='word_1_35' title='bbox 771 869 940 949; x_wconf 80' lang='grc' dir='ltr'><strong><em>βοηθῆσαι</em></strong></span> <span class='ocrx_word' id='word_1_36' title='bbox 950 868 996 953; x_wconf 75' lang='grc' dir='ltr'><strong><em>τῷ</em></strong></span> <span class='ocrx_word' id='word_1_37' title='bbox 1006 858 1130 929; x_wconf 83' lang='grc' dir='ltr'><strong><em>ταύτόν</em></strong></span> 
     </span>
     <span class='ocr_line' id='line_1_6' title="bbox 184 961 1131 1049; baseline -0.003 -18"><span class='ocrx_word' id='word_1_38' title='bbox 184 966 258 1049; x_wconf 82' lang='grc' dir='ltr'><strong><em>ἐμοί</em></strong></span> <span class='ocrx_word' id='word_1_39' title='bbox 270 986 306 1029; x_wconf 94' lang='grc' dir='ltr'><strong><em>τε</em></strong></span> <span class='ocrx_word' id='word_1_40' title='bbox 319 962 374 1030; x_wconf 80' lang='grc' dir='ltr'><strong><em>καί</em></strong></span> <span class='ocrx_word' id='word_1_41' title='bbox 393 968 529 1041; x_wconf 75' lang='grc' dir='ltr'><strong><em>πολλοῖς</em></strong></span> <span class='ocrx_word' id='word_1_42' title='bbox 548 961 735 1029; x_wconf 70' lang='grc' dir='ltr'><strong><em>πεπονθότι</em></strong></span> <span class='ocrx_word' id='word_1_43' title='bbox 750 963 805 1029; x_wconf 78' lang='grc' dir='ltr'><strong><em>καὶ</em></strong></span> <span class='ocrx_word' id='word_1_44' title='bbox 822 963 1059 1048; x_wconf 88' lang='grc' dir='ltr'><strong><em>διημαρτηκότι</em></strong></span> <span class='ocrx_word' id='word_1_45' title='bbox 1073 967 1131 1046; x_wconf 82' lang='grc' dir='ltr'><strong><em>τῆς</em></strong></span> 
     </span>
     <span class='ocr_line' id='line_1_7' title="bbox 184 1052 1132 1148; baseline -0.004 -20"><span class='ocrx_word' id='word_1_46' title='bbox 184 1062 297 1147; x_wconf 88' lang='grc' dir='ltr'><strong><em>δόξης,</em></strong></span> <span class='ocrx_word' id='word_1_47' title='bbox 317 1052 358 1147; x_wconf 74' lang='grc' dir='ltr'><strong><em>ἧς</em></strong></span> <span class='ocrx_word' id='word_1_48' title='bbox 372 1070 519 1148; x_wconf 78' lang='grc' dir='ltr'><strong><em>προσῆκε</em></strong></span> <span class='ocrx_word' id='word_1_49' title='bbox 534 1074 647 1147; x_wconf 85' lang='grc' dir='ltr'><strong><em>τυχεῖν</em></strong></span> <span class='ocrx_word' id='word_1_50' title='bbox 665 1058 789 1145; x_wconf 90' lang='grc' dir='ltr'><strong><em>αὐτόν,</em></strong></span> <span class='ocrx_word' id='word_1_51' title='bbox 812 1062 867 1128; x_wconf 77' lang='grc' dir='ltr'><strong><em>καί</em></strong></span> <span class='ocrx_word' id='word_1_52' title='bbox 886 1066 1051 1146; x_wconf 81' lang='grc' dir='ltr'><strong><em>μεγίστων</em></strong></span> <span class='ocrx_word' id='word_1_53' title='bbox 1070 1058 1132 1145; x_wconf 71' lang='grc' dir='ltr'><strong><em>μὲν</em></strong></span> 
     </span>
     <span class='ocr_line' id='line_1_8' title="bbox 183 1155 1130 1250; baseline -0.002 -23"><span class='ocrx_word' id='word_1_54' title='bbox 183 1159 323 1247; x_wconf 74' lang='grc' dir='ltr'><strong><em>ἀγαθῶν</em></strong></span> <span class='ocrx_word' id='word_1_55' title='bbox 343 1166 435 1250; x_wconf 80' lang='grc' dir='ltr'><strong><em>αίτίφ</em></strong></span> <span class='ocrx_word' id='word_1_56' title='bbox 455 1164 664 1250; x_wconf 72' lang='grc' dir='ltr'><strong><em>γεγενημένῳ</em></strong></span> <span class='ocrx_word' id='word_1_57' title='bbox 679 1162 755 1246; x_wconf 74' lang='grc' dir='ltr'><strong><em>περὶ</em></strong></span> <span class='ocrx_word' id='word_1_58' title='bbox 771 1162 900 1226; x_wconf 88' lang='grc' dir='ltr'><strong><em>ἐκεῖνον</em></strong></span> <span class='ocrx_word' id='word_1_59' title='bbox 921 1155 982 1225; x_wconf 87' lang='grc' dir='ltr'><strong><em>τόν</em></strong></span> <span class='ocrx_word' id='word_1_60' title='bbox 994 1157 1130 1244; x_wconf 76' lang='grc' dir='ltr'><strong><em>χρόνον,</em></strong></span> 
     </span>
     <span class='ocr_line' id='line_1_9' title="bbox 182 1250 1128 1348; baseline -0.003 -22"><span class='ocrx_word' id='word_1_61' title='bbox 182 1250 282 1344; x_wconf 80' lang='grc' dir='ltr'><strong><em>ήττον</em></strong></span> <span class='ocrx_word' id='word_1_62' title='bbox 301 1256 333 1325; x_wconf 87' lang='grc' dir='ltr'><strong><em>δ’</em></strong></span> <span class='ocrx_word' id='word_1_63' title='bbox 356 1261 588 1348; x_wconf 72' lang='grc' dir='ltr'><strong><em>ἐπαινουμένῳ</em></strong></span> <span class='ocrx_word' id='word_1_64' title='bbox 611 1266 678 1325; x_wconf 78' lang='grc' dir='ltr'><strong><em>τῶν</em></strong></span> <span class='ocrx_word' id='word_1_65' title='bbox 699 1255 801 1326; x_wconf 73' lang='grc' dir='ltr'><strong><em>οὐδὲν</em></strong></span> <span class='ocrx_word' id='word_1_66' title='bbox 823 1255 918 1337; x_wconf 76' lang='grc' dir='ltr'><strong><em>ἄξιον</em></strong></span> <span class='ocrx_word' id='word_1_67' title='bbox 937 1256 1043 1343; x_wconf 91' lang='grc' dir='ltr'><strong><em>λόγου</em></strong></span> <span class='ocrx_word' id='word_1_68' title='bbox 1058 1262 1128 1325; x_wconf 87' lang='grc' dir='ltr'><strong><em>δια-</em></strong></span> 
     </span>
     <span class='ocr_line' id='line_1_10' title="bbox 180 1360 431 1444; baseline 0 -20"><span class='ocrx_word' id='word_1_69' title='bbox 180 1360 431 1444; x_wconf 72' lang='grc' dir='ltr'><strong><em>πεπραγμένων.</em></strong></span> 
     </span>
    </p>

    <p class='ocr_par' dir='ltr' id='par_1_4' title="bbox 132 1455 1158 2144">
     <span class='ocr_line' id='line_1_11' title="bbox 132 1455 1131 1545; baseline -0.004 -18"><span class='ocrx_word' id='word_1_70' title='bbox 132 1473 171 1527; x_wconf 80' lang='grc'><strong><em>76</em></strong></span> <span class='ocrx_word' id='word_1_71' title='bbox 260 1458 351 1545; x_wconf 80' lang='grc' dir='ltr'><strong><em>(κη’.)</em></strong></span> <span class='ocrx_word' id='word_1_72' title='bbox 368 1465 410 1526; x_wconf 89' lang='grc' dir='ltr'><strong><em>Τί</em></strong></span> <span class='ocrx_word' id='word_1_73' title='bbox 426 1458 492 1544; x_wconf 77' lang='grc' dir='ltr'><strong><em>γὰρ</em></strong></span> <span class='ocrx_word' id='word_1_74' title='bbox 502 1463 627 1537; x_wconf 86' lang='grc' dir='ltr'><strong><em>ἐκεῖνος</em></strong></span> <span class='ocrx_word' id='word_1_75' title='bbox 639 1461 800 1542; x_wconf 80' lang='grc' dir='ltr'><strong><em>ἐνέλιπεν,</em></strong></span> <span class='ocrx_word' id='word_1_76' title='bbox 814 1455 1059 1543; x_wconf 82' lang='grc' dir='ltr'><strong><em>ὃςτηλικαύτην</em></strong></span> <span class='ocrx_word' id='word_1_77' title='bbox 1069 1458 1131 1541; x_wconf 77' lang='grc' dir='ltr'><strong><em>μὲν</em></strong></span> 
     </span>
     <span class='ocr_line' id='line_1_12' title="bbox 180 1550 1130 1644; baseline -0.003 -18"><span class='ocrx_word' id='word_1_78' title='bbox 180 1564 254 1643; x_wconf 81' lang='grc' dir='ltr'><strong><em>ἐσχε</em></strong></span> <span class='ocrx_word' id='word_1_79' title='bbox 275 1555 385 1644; x_wconf 86' lang='grc' dir='ltr'><strong><em>τιμήν,</em></strong></span> <span class='ocrx_word' id='word_1_80' title='bbox 400 1550 441 1644; x_wconf 88' lang='grc' dir='ltr'><strong><em>ής</em></strong></span> <span class='ocrx_word' id='word_1_81' title='bbox 457 1558 623 1637; x_wconf 78' lang='grc' dir='ltr'><strong><em>εἰπόντες</em></strong></span> <span class='ocrx_word' id='word_1_82' title='bbox 637 1560 863 1636; x_wconf 78' lang='grc' dir='ltr'><strong><em>συνελθόντες</em></strong></span> <span class='ocrx_word' id='word_1_83' title='bbox 879 1562 977 1642; x_wconf 79' lang='grc' dir='ltr'><strong><em>μείζω</em></strong></span> <span class='ocrx_word' id='word_1_84' title='bbox 992 1562 1130 1643; x_wconf 70' lang='grc' dir='ltr'><strong><em>ζητοῖεν,</em></strong></span> 
     </span>
     <span class='ocr_line' id='line_1_13' title="bbox 181 1652 1158 1745; baseline 0.002 -22"><span class='ocrx_word' id='word_1_85' title='bbox 181 1653 335 1725; x_wconf 76' lang='grc' dir='ltr'><strong><em>οὐδέποτ’</em></strong></span> <span class='ocrx_word' id='word_1_86' title='bbox 352 1652 397 1724; x_wconf 83' lang='grc' dir='ltr'><strong><em>ὐυ</em></strong></span> <span class='ocrx_word' id='word_1_87' title='bbox 407 1654 520 1740; x_wconf 78' lang='grc' dir='ltr'><strong><em>εὑρεῖν</em></strong></span> <span class='ocrx_word' id='word_1_88' title='bbox 529 1662 731 1744; x_wconf 81' lang='grc' dir='ltr'><strong><em>δυνηθεῖεν,·</em></strong></span> <span class='ocrx_word' id='word_1_89' title='bbox 741 1658 846 1745; x_wconf 91' lang='grc' dir='ltr'><strong><em>μόνος</em></strong></span> <span class='ocrx_word' id='word_1_90' title='bbox 854 1655 919 1743; x_wconf 82' lang='grc' dir='ltr'><strong><em>γύρ</em></strong></span> <span class='ocrx_word' id='word_1_91' title='bbox 932 1655 1063 1743; x_wconf 76' lang='grc' dir='ltr'><strong><em>ἁπάσης</em></strong></span> <span class='ocrx_word' id='word_1_92' title='bbox 1073 1665 1158 1742; x_wconf 76' lang='grc' dir='ltr'><strong><em>τήςι)</em></strong></span> 
     </span>
     <span class='ocr_line' id='line_1_14' title="bbox 175 1753 1128 1844; baseline -0.003 -18"><span class='ocrx_word' id='word_1_93' title='bbox 175 1755 331 1834; x_wconf 74' lang='grc' dir='ltr'><strong><em>Ἑλλάδος</em></strong></span> <span class='ocrx_word' id='word_1_94' title='bbox 350 1753 481 1843; x_wconf 84' lang='grc' dir='ltr'><strong><em>ήξιιόθη</em></strong></span> <span class='ocrx_word' id='word_1_95' title='bbox 504 1760 664 1844; x_wconf 80' lang='grc' dir='ltr'><strong><em>γενέσθαι</em></strong></span> <span class='ocrx_word' id='word_1_96' title='bbox 688 1758 879 1843; x_wconf 87' lang='grc' dir='ltr'><strong><em>στρατηγός.</em></strong></span> <span class='ocrx_word' id='word_1_97' title='bbox 909 1756 1072 1843; x_wconf 82' lang='grc' dir='ltr'><strong><em>ὁπότερον</em></strong></span> <span class='ocrx_word' id='word_1_98' title='bbox 1096 1754 1128 1823; x_wconf 85' lang='grc' dir='ltr'><strong><em>δ’</em></strong></span> 
     </span>
     <span class='ocr_line' id='line_1_15' title="bbox 180 1852 1130 1945; baseline 0 -22"><span class='ocrx_word' id='word_1_99' title='bbox 180 1852 250 1924; x_wconf 67' lang='grc' dir='ltr'><strong><em>εὖθ’</em></strong></span> <span class='ocrx_word' id='word_1_100' title='bbox 267 1852 334 1922; x_wconf 76' lang='grc' dir='ltr'><strong><em>ὑπὸ</em></strong></span> <span class='ocrx_word' id='word_1_101' title='bbox 349 1855 487 1923; x_wconf 83' lang='grc' dir='ltr'><strong><em>πόντων</em></strong></span> <span class='ocrx_word' id='word_1_102' title='bbox 497 1860 643 1942; x_wconf 80' lang='grc' dir='ltr'><strong><em>αίρεθείς</em></strong></span> <span class='ocrx_word' id='word_1_103' title='bbox 656 1856 714 1925; x_wconf 76' lang='grc' dir='ltr'><strong><em>εἰτ’</em></strong></span> <span class='ocrx_word' id='word_1_104' title='bbox 732 1856 833 1935; x_wconf 85' lang='grc' dir='ltr'><strong><em>αὐτός</em></strong></span> <span class='ocrx_word' id='word_1_105' title='bbox 842 1858 1056 1945; x_wconf 83' lang='grc' dir='ltr'><strong><em>κτησόμενος,</em></strong></span> <span class='ocrx_word' id='word_1_106' title='bbox 1068 1856 1130 1924; x_wconf 90' lang='grc' dir='ltr'><strong><em>οὐκ</em></strong></span> 
     </span>
     <span class='ocr_line' id='line_1_16' title="bbox 181 1952 1131 2045; baseline 0.002 -23"><span class='ocrx_word' id='word_1_107' title='bbox 181 1962 246 2040; x_wconf 80' lang='grc' dir='ltr'><strong><em>ἐγω</em></strong></span> <span class='ocrx_word' id='word_1_108' title='bbox 260 1958 379 2042; x_wconf 72' lang='grc' dir='ltr'><strong><em>λέγειν.</em></strong></span> <span class='ocrx_word' id='word_1_109' title='bbox 401 1954 569 2042; x_wconf 74' lang='grc' dir='ltr'><strong><em>ὁποτέρας</em></strong></span> <span class='ocrx_word' id='word_1_110' title='bbox 583 1956 615 2024; x_wconf 88' lang='grc' dir='ltr'><strong><em>δ’</em></strong></span> <span class='ocrx_word' id='word_1_111' title='bbox 638 1952 702 2025; x_wconf 89' lang='grc' dir='ltr'><strong><em>οὐν</em></strong></span> <span class='ocrx_word' id='word_1_112' title='bbox 720 1961 947 2044; x_wconf 80' lang='grc' dir='ltr'><strong><em>συμβέβηκεν,</em></strong></span> <span class='ocrx_word' id='word_1_113' title='bbox 971 1956 1131 2045; x_wconf 80' lang='grc' dir='ltr'><strong><em>οὐδεμίαν</em></strong></span> 
     </span>
     <span class='ocr_line' id='line_1_17' title="bbox 181 2052 1131 2144; baseline 0.002 -22"><span class='ocrx_word' id='word_1_114' title='bbox 181 2052 376 2143; x_wconf 75' lang='grc' dir='ltr'><strong><em>ὑπερβολήν</em></strong></span> <span class='ocrx_word' id='word_1_115' title='bbox 390 2061 521 2126; x_wconf 85' lang='grc' dir='ltr'><strong><em>λέλοιτιε</em></strong></span> <span class='ocrx_word' id='word_1_116' title='bbox 536 2065 593 2144; x_wconf 79' lang='grc' dir='ltr'><strong><em>τῆς</em></strong></span> <span class='ocrx_word' id='word_1_117' title='bbox 608 2060 684 2140; x_wconf 77' lang='grc' dir='ltr'><strong><em>περὶ</em></strong></span> <span class='ocrx_word' id='word_1_118' title='bbox 695 2055 801 2125; x_wconf 84' lang='grc' dir='ltr'><strong><em>αὐτὸν</em></strong></span> <span class='ocrx_word' id='word_1_119' title='bbox 821 2059 918 2143; x_wconf 84' lang='grc' dir='ltr'><strong><em>δόξης</em></strong></span> <span class='ocrx_word' id='word_1_120' title='bbox 938 2072 1007 2137; x_wconf 84' lang='grc' dir='ltr'><strong><em>τοῖς</em></strong></span> <span class='ocrx_word' id='word_1_121' title='bbox 1023 2055 1131 2135; x_wconf 72' lang='grc' dir='ltr'><strong><em>ἄλλως</em></strong></span> 
     </span>
    </p>

    <p class='ocr_par' dir='ltr' id='par_1_5' title="bbox 130 2154 1156 2940">
     <span class='ocr_line' id='line_1_18' title="bbox 130 2154 1132 2244; baseline 0.004 -22"><span class='ocrx_word' id='word_1_122' title='bbox 130 2163 166 2222; x_wconf 89' lang='grc'><strong><em>77</em></strong></span> <span class='ocrx_word' id='word_1_123' title='bbox 183 2177 255 2231; x_wconf 78' lang='grc' dir='ltr'><strong><em>κως</em></strong></span> <span class='ocrx_word' id='word_1_124' title='bbox 267 2164 466 2242; x_wconf 88' lang='grc' dir='ltr'><strong><em>τιμηθεῖσιν.</em></strong></span> <span class='ocrx_word' id='word_1_125' title='bbox 489 2183 615 2243; x_wconf 90' lang='grc' dir='ltr'><strong><em>ταυτην</em></strong></span> <span class='ocrx_word' id='word_1_126' title='bbox 635 2158 671 2225; x_wconf 72' lang='grc' dir='ltr'><strong><em>δὲ</em></strong></span> <span class='ocrx_word' id='word_1_127' title='bbox 695 2154 810 2244; x_wconf 82' lang='grc' dir='ltr'><strong><em>λαβιὺν</em></strong></span> <span class='ocrx_word' id='word_1_128' title='bbox 830 2154 892 2244; x_wconf 83' lang='grc' dir='ltr'><strong><em>τήν</em></strong></span> <span class='ocrx_word' id='word_1_129' title='bbox 906 2157 1052 2244; x_wconf 91' lang='grc' dir='ltr'><strong><em>δύναμιν</em></strong></span> <span class='ocrx_word' id='word_1_130' title='bbox 1069 2155 1132 2226; x_wconf 91' lang='grc' dir='ltr'><strong><em>οὐκ</em></strong></span> 
     </span>
     <span class='ocr_line' id='line_1_19' title="bbox 183 2252 1130 2343; baseline 0.007 -24"><span class='ocrx_word' id='word_1_131' title='bbox 183 2260 275 2320; x_wconf 82' lang='grc' dir='ltr'><strong><em>ἐστιν</em></strong></span> <span class='ocrx_word' id='word_1_132' title='bbox 291 2252 408 2338; x_wconf 83' lang='grc' dir='ltr'><strong><em>ήυτινα</em></strong></span> <span class='ocrx_word' id='word_1_133' title='bbox 420 2254 698 2343; x_wconf 79' lang='grc' dir='ltr'><strong><em>ταῖυἙλληνίδων</em></strong></span> <span class='ocrx_word' id='word_1_134' title='bbox 712 2258 845 2325; x_wconf 82' lang='grc' dir='ltr'><strong><em>πόλεων</em></strong></span> <span class='ocrx_word' id='word_1_135' title='bbox 861 2256 1044 2343; x_wconf 77' lang='grc' dir='ltr'><strong><em>ἐλύπησεν,</em></strong></span> <span class='ocrx_word' id='word_1_136' title='bbox 1062 2254 1130 2326; x_wconf 76' lang='grc' dir='ltr'><strong><em>ἀλλ’</em></strong></span> 
     </span>
     <span class='ocr_line' id='line_1_20' title="bbox 183 2346 1132 2442; baseline 0.006 -24"><span class='ocrx_word' id='word_1_137' title='bbox 183 2350 293 2431; x_wconf 80' lang='grc' dir='ltr'><strong><em>οὕτως</em></strong></span> <span class='ocrx_word' id='word_1_138' title='bbox 307 2346 353 2440; x_wconf 91' lang='grc' dir='ltr'><strong><em>ήν</em></strong></span> <span class='ocrx_word' id='word_1_139' title='bbox 361 2356 479 2439; x_wconf 81' lang='grc' dir='ltr'><strong><em>πόρρω</em></strong></span> <span class='ocrx_word' id='word_1_140' title='bbox 490 2364 553 2423; x_wconf 82' lang='grc' dir='ltr'><strong><em>τοῦ</em></strong></span> <span class='ocrx_word' id='word_1_141' title='bbox 563 2365 642 2442; x_wconf 78' lang='grc' dir='ltr'><strong><em>περί</em></strong></span> <span class='ocrx_word' id='word_1_142' title='bbox 649 2384 742 2435; x_wconf 87' lang='grc' dir='ltr'><strong><em>τινας</em></strong></span> <span class='ocrx_word' id='word_1_143' title='bbox 753 2360 956 2442; x_wconf 85' lang='grc' dir='ltr'><strong><em>ἐξαμαρτεῖν,</em></strong></span> <span class='ocrx_word' id='word_1_144' title='bbox 973 2353 1056 2424; x_wconf 81' lang='grc' dir='ltr'><strong><em>όστε</em></strong></span> <span class='ocrx_word' id='word_1_145' title='bbox 1067 2380 1132 2424; x_wconf 84' lang='grc' dir='ltr'><strong><em>κα-</em></strong></span> 
     </span>
     <span class='ocr_line' id='line_1_21' title="bbox 183 2450 1132 2545; baseline 0.003 -27"><span class='ocrx_word' id='word_1_146' title='bbox 183 2450 342 2538; x_wconf 73' lang='grc' dir='ltr'><strong><em>ραλαβοὶυ</em></strong></span> <span class='ocrx_word' id='word_1_147' title='bbox 362 2451 611 2541; x_wconf 79' lang='grc' dir='ltr'><strong><em>τοὺςἝλληνας</em></strong></span> <span class='ocrx_word' id='word_1_148' title='bbox 630 2457 667 2522; x_wconf 89' lang='grc' dir='ltr'><strong><em>ἐν</em></strong></span> <span class='ocrx_word' id='word_1_149' title='bbox 685 2456 817 2545; x_wconf 77' lang='grc' dir='ltr'><strong><em>πολέμῳ</em></strong></span> <span class='ocrx_word' id='word_1_150' title='bbox 836 2456 891 2522; x_wconf 84' lang='grc' dir='ltr'><strong><em>καὶ</em></strong></span> <span class='ocrx_word' id='word_1_151' title='bbox 907 2469 1061 2541; x_wconf 78' lang='grc' dir='ltr'><strong><em>ταραχαῖς</em></strong></span> <span class='ocrx_word' id='word_1_152' title='bbox 1077 2456 1132 2521; x_wconf 82' lang='grc' dir='ltr'><strong><em>καὶ</em></strong></span> 
     </span>
     <span class='ocr_line' id='line_1_22' title="bbox 181 2550 1156 2641; baseline 0.005 -26"><span class='ocrx_word' id='word_1_153' title='bbox 181 2557 318 2627; x_wconf 73' lang='grc' dir='ltr'><strong><em>πολλοῖς</em></strong></span> <span class='ocrx_word' id='word_1_154' title='bbox 328 2567 442 2632; x_wconf 86' lang='grc' dir='ltr'><strong><em>κακοῖς</em></strong></span> <span class='ocrx_word' id='word_1_155' title='bbox 450 2550 549 2632; x_wconf 82' lang='grc' dir='ltr'><strong><em>ὄντας</em></strong></span> <span class='ocrx_word' id='word_1_156' title='bbox 566 2554 696 2622; x_wconf 74' lang='grc' dir='ltr'><strong><em>τούτον</em></strong></span> <span class='ocrx_word' id='word_1_157' title='bbox 708 2554 771 2639; x_wconf 76' lang='grc' dir='ltr'><strong><em>μὲν</em></strong></span> <span class='ocrx_word' id='word_1_158' title='bbox 788 2551 912 2632; x_wconf 87' lang='grc' dir='ltr'><strong><em>αὐτοὺς</em></strong></span> <span class='ocrx_word' id='word_1_159' title='bbox 932 2551 1156 2641; x_wconf 77' lang='grc' dir='ltr'><strong><em>ὐκήλλαξεν,α</em></strong></span> 
     </span>
     <span class='ocr_line' id='line_1_23' title="bbox 182 2646 1133 2740; baseline 0.008 -26"><span class='ocrx_word' id='word_1_160' title='bbox 182 2653 232 2727; x_wconf 79' lang='grc' dir='ltr'><strong><em>είς</em></strong></span> <span class='ocrx_word' id='word_1_161' title='bbox 244 2646 408 2733; x_wconf 82' lang='grc' dir='ltr'><strong><em>ὁμόνοιαν</em></strong></span> <span class='ocrx_word' id='word_1_162' title='bbox 422 2654 458 2720; x_wconf 77' lang='grc' dir='ltr'><strong><em>δέ</em></strong></span> <span class='ocrx_word' id='word_1_163' title='bbox 479 2653 684 2740; x_wconf 85' lang='grc' dir='ltr'><strong><em>καταστήσας</em></strong></span> <span class='ocrx_word' id='word_1_164' title='bbox 705 2653 746 2722; x_wconf 81' lang='grc' dir='ltr'><strong><em>τοὶ</em></strong></span> <span class='ocrx_word' id='word_1_165' title='bbox 761 2655 823 2740; x_wconf 68' lang='grc' dir='ltr'><strong><em>μὲν</em></strong></span> <span class='ocrx_word' id='word_1_166' title='bbox 840 2653 975 2740; x_wconf 72' lang='grc' dir='ltr'><strong><em>περιττοὶ</em></strong></span> <span class='ocrx_word' id='word_1_167' title='bbox 996 2662 1064 2722; x_wconf 80' lang='grc' dir='ltr'><strong><em>τῶν</em></strong></span> <span class='ocrx_word' id='word_1_168' title='bbox 1077 2660 1133 2738; x_wconf 85' lang='grc' dir='ltr'><strong><em>ἔρ-</em></strong></span> 
     </span>
     <span class='ocr_line' id='line_1_24' title="bbox 182 2752 1134 2839; baseline 0.005 -24"><span class='ocrx_word' id='word_1_169' title='bbox 182 2755 258 2832; x_wconf 83' lang='grc' dir='ltr'><strong><em>γων</em></strong></span> <span class='ocrx_word' id='word_1_170' title='bbox 275 2753 329 2818; x_wconf 81' lang='grc' dir='ltr'><strong><em>καί</em></strong></span> <span class='ocrx_word' id='word_1_171' title='bbox 342 2752 511 2839; x_wconf 83' lang='grc' dir='ltr'><strong><em>τερατιόδη</em></strong></span> <span class='ocrx_word' id='word_1_172' title='bbox 530 2755 585 2821; x_wconf 82' lang='grc' dir='ltr'><strong><em>καί</em></strong></span> <span class='ocrx_word' id='word_1_173' title='bbox 597 2753 701 2839; x_wconf 70' lang='grc' dir='ltr'><strong><em>μηδὲν</em></strong></span> <span class='ocrx_word' id='word_1_174' title='bbox 711 2752 907 2839; x_wconf 79' lang='grc' dir='ltr'><strong><em>ὠφελοῦντα</em></strong></span> <span class='ocrx_word' id='word_1_175' title='bbox 918 2753 996 2831; x_wconf 88' lang='grc' dir='ltr'><strong><em>τούς</em></strong></span> <span class='ocrx_word' id='word_1_176' title='bbox 1012 2752 1134 2833; x_wconf 76' lang='grc' dir='ltr'><strong><em>ἄλλους</em></strong></span> 
     </span>
     <span class='ocr_line' id='line_1_25' title="bbox 182 2843 1133 2940; baseline 0.005 -26"><span class='ocrx_word' id='word_1_177' title='bbox 182 2843 350 2934; x_wconf 75' lang='grc' dir='ltr'><strong><em>ὑπερεῖδε,</em></strong></span> <span class='ocrx_word' id='word_1_178' title='bbox 366 2852 593 2937; x_wconf 80' lang='grc' dir='ltr'><strong><em>στρατόπεδον</em></strong></span> <span class='ocrx_word' id='word_1_179' title='bbox 610 2851 647 2921; x_wconf 70' lang='grc' dir='ltr'><strong><em>δὲ</em></strong></span> <span class='ocrx_word' id='word_1_180' title='bbox 661 2853 826 2939; x_wconf 82' lang='grc' dir='ltr'><strong><em>συστήσας</em></strong></span> <span class='ocrx_word' id='word_1_181' title='bbox 842 2854 894 2919; x_wconf 79' lang='grc' dir='ltr'><strong><em>ἐπὶ</em></strong></span> <span class='ocrx_word' id='word_1_182' title='bbox 908 2850 987 2931; x_wconf 85' lang='grc' dir='ltr'><strong><em>τούς</em></strong></span> <span class='ocrx_word' id='word_1_183' title='bbox 1004 2854 1133 2940; x_wconf 77' lang='grc' dir='ltr'><strong><em>βαρβά-</em></strong></span> 
     </span>
    </p>

    <p class='ocr_par' dir='ltr' id='par_1_6' title="bbox 130 2946 1162 3633">
     <span class='ocr_line' id='line_1_26' title="bbox 130 2946 1134 3039; baseline 0.006 -26"><span class='ocrx_word' id='word_1_184' title='bbox 130 2956 169 3013; x_wconf 74' lang='lat' dir='ltr'><strong><em>w</em></strong></span> <span class='ocrx_word' id='word_1_185' title='bbox 181 2971 267 3030; x_wconf 90' lang='grc' dir='ltr'><strong><em>ρους</em></strong></span> <span class='ocrx_word' id='word_1_186' title='bbox 280 2946 414 3035; x_wconf 89' lang='grc' dir='ltr'><strong><em>ήγαγεν.</em></strong></span> <span class='ocrx_word' id='word_1_187' title='bbox 438 2953 561 3020; x_wconf 76' lang='grc' dir='ltr'><strong><em>τούτου</em></strong></span> <span class='ocrx_word' id='word_1_188' title='bbox 576 2955 612 3021; x_wconf 78' lang='grc' dir='ltr'><strong><em>δέ</em></strong></span> <span class='ocrx_word' id='word_1_189' title='bbox 628 2953 769 3021; x_wconf 80' lang='grc' dir='ltr'><strong><em>κάλλιον</em></strong></span> <span class='ocrx_word' id='word_1_190' title='bbox 779 2952 990 3039; x_wconf 85' lang='grc' dir='ltr'><strong><em>στρατήγημα</em></strong></span> <span class='ocrx_word' id='word_1_191' title='bbox 1002 2956 1056 3021; x_wconf 80' lang='grc' dir='ltr'><strong><em>καί</em></strong></span> <span class='ocrx_word' id='word_1_192' title='bbox 1066 2966 1134 3031; x_wconf 88' lang='grc' dir='ltr'><strong><em>τοῖς</em></strong></span> 
     </span>
     <span class='ocr_line' id='line_1_27' title="bbox 173 3042 1133 3139; baseline 0.001 -22"><span class='ocrx_word' id='word_1_193' title='bbox 173 3042 334 3133; x_wconf 75' lang='grc' dir='ltr'><strong><em>Ἕλλησιν</em></strong></span> <span class='ocrx_word' id='word_1_194' title='bbox 344 3045 600 3138; x_wconf 83' lang='grc' dir='ltr'><strong><em>ὐφελιμότερου</em></strong></span> <span class='ocrx_word' id='word_1_195' title='bbox 614 3050 1046 3139; x_wconf 83' lang='grc' dir='ltr'><strong><em>οὐδελςφαυήσεταιαρόξας</em></strong></span> <span class='ocrx_word' id='word_1_196' title='bbox 1056 3049 1133 3119; x_wconf 87' lang='grc' dir='ltr'><strong><em>οὐτε</em></strong></span> 
     </span>
     <span class='ocr_line' id='line_1_28' title="bbox 182 3146 1133 3238; baseline 0.002 -23"><span class='ocrx_word' id='word_1_197' title='bbox 182 3154 253 3215; x_wconf 76' lang='grc' dir='ltr'><strong><em>τῶν</em></strong></span> <span class='ocrx_word' id='word_1_198' title='bbox 262 3146 334 3215; x_wconf 89' lang='grc' dir='ltr'><strong><em>κατ’</em></strong></span> <span class='ocrx_word' id='word_1_199' title='bbox 344 3153 473 3217; x_wconf 85' lang='grc' dir='ltr'><strong><em>ἐκεῖνον</em></strong></span> <span class='ocrx_word' id='word_1_200' title='bbox 481 3149 541 3217; x_wconf 84' lang='grc' dir='ltr'><strong><em>τόν</em></strong></span> <span class='ocrx_word' id='word_1_201' title='bbox 547 3152 671 3238; x_wconf 86' lang='grc' dir='ltr'><strong><em>χρόνον</em></strong></span> <span class='ocrx_word' id='word_1_202' title='bbox 679 3148 973 3237; x_wconf 76' lang='grc' dir='ltr'><strong><em>εὐδοκιμησάντων</em></strong></span> <span class='ocrx_word' id='word_1_203' title='bbox 980 3149 1133 3218; x_wconf 78' lang='grc' dir='ltr'><strong><em>οὐτετῶν</em></strong></span> 
     </span>
     <span class='ocr_line' id='line_1_29' title="bbox 183 3244 1129 3335; baseline 0.003 -22"><span class='ocrx_word' id='word_1_204' title='bbox 183 3244 329 3330; x_wconf 78' lang='grc' dir='ltr'><strong><em>ὕστερον</em></strong></span> <span class='ocrx_word' id='word_1_205' title='bbox 344 3249 599 3334; x_wconf 78' lang='grc' dir='ltr'><strong><em>ἐπιγενομένων.</em></strong></span> <span class='ocrx_word' id='word_1_206' title='bbox 636 3246 766 3327; x_wconf 80' lang='grc' dir='ltr'><strong><em>δι’κεῖυος</em></strong></span> <span class='ocrx_word' id='word_1_207' title='bbox 782 3250 908 3335; x_wconf 78' lang='grc' dir='ltr'><strong><em>πράξας</em></strong></span> <span class='ocrx_word' id='word_1_208' title='bbox 918 3252 972 3316; x_wconf 85' lang='grc' dir='ltr'><strong><em>καλ</em></strong></span> <span class='ocrx_word' id='word_1_209' title='bbox 984 3264 1052 3326; x_wconf 86' lang='grc' dir='ltr'><strong><em>τοῖς</em></strong></span> <span class='ocrx_word' id='word_1_210' title='bbox 1067 3247 1129 3316; x_wconf 85' lang='grc' dir='ltr'><strong><em>ὐλ-</em></strong></span> 
     </span>
     <span class='ocr_line' id='line_1_30' title="bbox 183 3342 1134 3435; baseline 0.003 -24"><span class='ocrx_word' id='word_1_211' title='bbox 183 3351 257 3422; x_wconf 91' lang='grc' dir='ltr'><strong><em>λοις</em></strong></span> <span class='ocrx_word' id='word_1_212' title='bbox 267 3342 443 3425; x_wconf 82' lang='grc' dir='ltr'><strong><em>ὑποδείξας</em></strong></span> <span class='ocrx_word' id='word_1_213' title='bbox 460 3344 521 3433; x_wconf 79' lang='grc' dir='ltr'><strong><em>οὐχ</em></strong></span> <span class='ocrx_word' id='word_1_214' title='bbox 535 3346 641 3426; x_wconf 86' lang='grc' dir='ltr'><strong><em>οὑτως</em></strong></span> <span class='ocrx_word' id='word_1_215' title='bbox 658 3344 888 3435; x_wconf 88' lang='grc' dir='ltr'><strong><em>εὐδοκίμησεν,</em></strong></span> <span class='ocrx_word' id='word_1_216' title='bbox 907 3347 951 3426; x_wconf 83' lang='grc' dir='ltr'><strong><em>ὡς</em></strong></span> <span class='ocrx_word' id='word_1_217' title='bbox 965 3355 1134 3434; x_wconf 81' lang='grc' dir='ltr'><strong><em>προσῆκεν</em></strong></span> 
     </span>
     <span class='ocr_line' id='line_1_31' title="bbox 182 3441 1162 3533; baseline -0.001 -20"><span class='ocrx_word' id='word_1_218' title='bbox 182 3441 308 3528; x_wconf 87' lang='grc' dir='ltr'><strong><em>αὐτόν,</em></strong></span> <span class='ocrx_word' id='word_1_219' title='bbox 336 3442 391 3512; x_wconf 80' lang='grc' dir='ltr'><strong><em>διό</em></strong></span> <span class='ocrx_word' id='word_1_220' title='bbox 411 3441 491 3523; x_wconf 86' lang='grc' dir='ltr'><strong><em>τούς</em></strong></span> <span class='ocrx_word' id='word_1_221' title='bbox 511 3454 640 3531; x_wconf 84' lang='grc' dir='ltr'><strong><em>μᾶλλον</em></strong></span> <span class='ocrx_word' id='word_1_222' title='bbox 659 3444 857 3533; x_wconf 74' lang='grc' dir='ltr'><strong><em>ἀγαπῶντας</em></strong></span> <span class='ocrx_word' id='word_1_223' title='bbox 876 3445 935 3526; x_wconf 82' lang='grc' dir='ltr'><strong><em>τὰς</em></strong></span> <span class='ocrx_word' id='word_1_224' title='bbox 957 3455 1162 3533; x_wconf 90' lang='grc' dir='ltr'><strong><em>θαυματο-δ</em></strong></span> 
     </span>
     <span class='ocr_line' id='line_1_32' title="bbox 181 3540 1136 3633; baseline 0.002 -20"><span class='ocrx_word' id='word_1_225' title='bbox 181 3550 296 3622; x_wconf 73' lang='grc' dir='ltr'><strong><em>τοιίας</em></strong></span> <span class='ocrx_word' id='word_1_226' title='bbox 308 3550 376 3611; x_wconf 83' lang='grc' dir='ltr'><strong><em>τῶν</em></strong></span> <span class='ocrx_word' id='word_1_227' title='bbox 390 3540 591 3631; x_wconf 75' lang='grc' dir='ltr'><strong><em>εὐεργεσιῶν</em></strong></span> <span class='ocrx_word' id='word_1_228' title='bbox 604 3549 659 3613; x_wconf 81' lang='grc' dir='ltr'><strong><em>καί</em></strong></span> <span class='ocrx_word' id='word_1_229' title='bbox 675 3544 734 3625; x_wconf 79' lang='grc' dir='ltr'><strong><em>τὰς</em></strong></span> <span class='ocrx_word' id='word_1_230' title='bbox 747 3548 967 3632; x_wconf 68' lang='grc' dir='ltr'><strong><em>ψευδολογίας</em></strong></span> <span class='ocrx_word' id='word_1_231' title='bbox 981 3552 1039 3632; x_wconf 79' lang='grc' dir='ltr'><strong><em>τῆς</em></strong></span> <span class='ocrx_word' id='word_1_232' title='bbox 1052 3542 1136 3633; x_wconf 79' lang='grc' dir='ltr'><strong><em>ἄλη-</em></strong></span> 
     </span>
    </p>
   </div>
   <div class='ocr_carea' id='block_1_3' title="bbox 0 0 1438 4334">
    <p class='ocr_par' dir='ltr' id='par_1_7' title="bbox 0 0 1438 4334">
     <span class='ocr_line' id='line_1_33' title="bbox 0 0 1438 4334; baseline 0 0"><span class='ocrx_word' id='word_1_233' title='bbox 0 0 1438 4334; x_wconf 95' lang='lat' dir='ltr'><strong><em> </em></strong></span> 
     </span>
    </p>
   </div>
  </div>
 </body>
</html>
