2859 4334
523 360 545 416 Β
554 356 765 416 ΟῬΣΙΡῘΣ.
1077 352 1116 419 ll

155 521 338 609 γεγονότας
357 523 527 603 περιεῖδον
549 512 655 594 οὕτως
670 513 801 603 ἀσεβεῖς
825 522 882 587 καὶ
901 517 1118 604 παρανόμους

156 622 265 700 ὄντας.
300 623 355 689 καὶ
375 616 418 687 σύ
434 618 496 705 μὲν
510 627 572 685 οίει
594 619 647 685 καὶ
661 614 740 695 τούς
751 620 857 704 μηδὲν
876 620 1117 705 προσήκοντας,

155 720 201 808 ἤν
214 740 268 788 σοι
280 719 506 806 πλησιάσωσι,
523 723 674 805 βελτίους
685 718 857 803 ποιήσειν,
876 715 955 797 τούς
966 721 1002 786 δὲ
1012 714 1117 795 θεοὺς

155 818 320 906 οὐδεμίαν
341 817 418 906 ἡγεῖ
436 826 494 905 τῆς
514 825 583 885 τῶν
605 821 737 885 παίδων
756 814 875 903 ἀρετῆς
896 824 983 903 ἔχειν
1005 818 1116 903 ἐπιμέ·

82 964 83 975 ι
109 938 141 990 43
155 929 261 988 λειαν.
294 925 400 987 καίτοι
422 914 505 986 κατά
522 914 583 984 τόν
602 911 667 984 σδν
682 916 786 1001 λόγον
807 920 905 983 δυοῖν
924 930 997 983 τοῖν
1011 920 1117 1001 αἰσχί-

156 1039 253 1085 στοιν
269 1014 310 1084 οὐ
325 1017 629 1103 διαμαρτάνουσιν·
658 1021 688 1083 εί
703 1014 765 1100 μὲν
780 1011 847 1100 γάρ
864 1015 969 1101 μηδὲν
986 1017 1117 1081 δέονται

156 1113 321 1203 χρηστοδς
351 1113 475 1194 αὐτους
503 1112 604 1200 εἶναι,
636 1121 767 1201 χείρους
796 1114 858 1182 είσδ
884 1120 953 1182 τῶν
979 1111 1117 1199 ἀνθρά-

157 1241 232 1282 πων
246 1212 308 1302 τήν
323 1216 494 1299 διάνοιαν,
518 1220 548 1282 εί
558 1212 593 1282 δὲ
610 1214 792 1301 βούλονται
804 1213 884 1299 μὲν,
900 1211 1066 1298 ἀποροῦσι
1081 1208 1142 1285 δέ

157 1312 250 1391 ὅπως
264 1314 464 1400 ποιήσασιν,
486 1314 609 1380 ἐλάττω
624 1321 692 1381 τῶν
706 1319 878 1399 σοφιστῶν
891 1311 953 1399 τήν
970 1312 1117 1399 δύναμιν

160 1420 304 1498 ἔχουσιν.

111 1530 144 1582 44
236 1508 319 1593 (ιη’.)
331 1510 516 1581 Πολλῶνδ’
529 1510 806 1599 ἐνόντωνείπεῖν,
828 1516 860 1592 ἐξ
876 1504 925 1580 ῶν
938 1509 981 1578 ἀν
999 1538 1048 1589 τις
1062 1511 1117 1578 καλ

158 1609 220 1678 τόν
236 1616 375 1677 ἔπαινον
387 1610 514 1695 κοίτην
525 1608 709 1696 ἀπολογίαν
723 1613 924 1696 μηκύνιιεν,
941 1608 1001 1696 οὐχ
1011 1608 1115 1696 ἡγοῦ-

158 1736 217 1794 μαι
241 1712 313 1775 δεῖν
329 1717 567 1794 μακρολογεῖν·
596 1707 638 1776 οὐ
654 1708 720 1795 γάρ
743 1713 901 1790 ἐπίδειξιν
920 1724 989 1788 τοῖς
1004 1710 1116 1787 ἄλλοις
1277 1782 1279 1786 .

158 1808 361 1895 ποιούμενος
382 1806 455 1876 ἀλλ’
473 1807 647 1890 ὑποδεῖξαί
667 1828 721 1876 σοι
743 1808 964 1895 βουλόμενος,
993 1804 1038 1886 ῶς
1053 1803 1114 1893 χρή
1132 1826 1185 1882 230

160 1908 290 1975 τούτων
306 1906 462 1992 ἑκάτερον
476 1922 601 1990 ποιεῖν,
618 1913 799 1994 διείλεγμαι
813 1910 887 1992 περὶ
902 1906 1030 1993 αὐτῶν,
1045 1909 1115 1974 ἐπεὶ

160 2007 219 2074 τόν
235 2032 273 2090 γε
293 2006 410 2091 λόγον,
429 2002 470 2075 ὃν
485 2001 528 2073 σά
544 2004 730 2090 γέγραφας,
749 2006 809 2075 οὐκ
831 2005 1015 2093 ἀπολογίαν
1030 2004 1114 2090 ὑπὲρ

158 2109 358 2187 Βουσίριδος
379 2101 452 2171 ἀλλ’
479 2102 660 2191 ὁμολογίαν
681 2113 750 2173 τῶν
770 2106 1043 2192 ἐπικαλουμένων
1063 2109 1115 2172 δι-

112 2223 145 2276 45
159 2208 261 2279 καίως
275 2200 318 2268 ἀν
331 2228 380 2280 τις
395 2200 479 2270 εἶναι
493 2211 669 2290 νομίσειεν.
700 2202 743 2272 οὐ
757 2204 822 2291 γάρ
837 2202 994 2284 ἀπολύεις
1011 2202 1116 2273 αὐτὸν

159 2309 229 2369 τῶν
243 2307 358 2369 αἰτιῶν
376 2299 450 2370 ἀλλ’
467 2301 682 2389 ἀποφαίνεις,
697 2301 743 2381 ῶς
757 2307 892 2371 καὶτῶν
907 2302 1019 2371 ἀλλων
1029 2303 1116 2382 τινὲς

160 2398 264 2469 ταύτά
280 2400 497 2487 πεποιήκασι,
517 2402 757 2490 ῥᾳθυμοτάτην
776 2417 844 2481 τοῖς
865 2400 1115 2488 ἁμαρτάνουσιν

162 2499 327 2586 εὑρίσκων
342 2501 549 2587 καταφυγήν.
572 2507 602 2569 εί
611 2497 675 2585 γάρ
687 2508 756 2569 τῶν
769 2501 832 2587 μὲν
845 2498 1058 2586 ἀδικημάτων
1070 2500 1114 2587 μή

160 2601 279 2688 ῥᾴδιον
294 2595 418 2683 εὑρεῖν,
433 2595 561 2684 ὃμήττω
571 2601 727 2685 τυγχάνει
738 2603 973 2686 γεγενημένον,
989 2597 1067 2677 τούς
1079 2594 1110 2665 δ’
1125 2612 1142 2664 b

162 2698 217 2783 ἐφ’
246 2699 394 2776 ἑκάστοις
420 2695 532 2765 αὐτῶν
555 2696 795 2784 ἁλισκομένους
821 2696 926 2784 μηδὲν
949 2694 1114 2783 ἡγοίμεθα

163 2794 277 2865 δεινὸν
296 2810 422 2883 ποιεῖν,
447 2795 529 2865 ὅταν
549 2800 655 2884 ἕτεροι
675 2796 778 2865 ταάτά
799 2805 985 2883 φαίνωνται
1000 2801 1115 2863 διαπε-

163 2899 362 2983 πραγμένοι,
381 2904 452 2975 πῶς
466 2894 529 2964 οὐκ
544 2892 588 2963 ἀν
602 2900 656 2965 καὶ
671 2894 730 2974 τάς
744 2896 924 2981 ἀπολογίας
936 2894 1038 2962 ἅπασι
1054 2897 1115 2983 ῥᾳ-

163 3001 233 3074 δίας
247 2994 460 3081 ποιήσαιμεν,
476 2997 531 3064 καὶ
545 3010 613 3075 τοῖς
630 2999 847 3082 βουλομένοις
859 2994 943 3064 εἶναι
957 3008 1116 3081 πονηροῖς

112 3107 148 3161 46
163 3090 291 3179 πολλήν
311 3095 465 3171 ἐξουσίαν
484 3096 815 3180 παρασκευάσαιμενς
846 3095 936 3182 (ιθ.)
961 3095 1115 3162 Μάλιστα

164 3191 194 3261 δ’
212 3186 255 3259 ἀν
270 3195 414 3269 κατίδοις
426 3190 487 3278 τήν
503 3191 664 3280 εὐήθειαν
679 3200 747 3261 τῶν
762 3195 946 3280 εἰρημένων
961 3194 1013 3261 ἐπὶ
1033 3211 1116 3258 σαυ-

163 3298 221 3359 τοῦ
233 3289 417 3376 θεωρήσας.
442 3292 654 3378 ἐνθυμήθητι
670 3290 750 3378 γάρ·
774 3297 804 3359 εί
816 3290 971 3376 μεγάλων
982 3292 1037 3358 καὶ
1048 3294 1115 3357 δει-

165 3397 232 3457 νῶν
249 3394 365 3457 αἰτιῶν
379 3390 454 3474 περὶ
469 3392 505 3457 σὲ
517 3398 704 3477 γεγονυιῶν
717 3391 838 3458 τοῦτόν
853 3417 901 3468 τις
915 3386 976 3457 τδν
988 3390 1115 3476 τρόπον
1127 3424 1139 3461 ε

164 3507 216 3556 σοι
232 3492 402 3572 συνείποι,
425 3495 494 3567 πῶς
514 3484 558 3556 ἀν
574 3493 776 3574 διατεθείης;
800 3485 864 3574 ἐγῶ
884 3487 946 3573 μδν
965 3485 1030 3574 γάρ
1052 3486 1114 3555 οἶδ’

165 3586 214 3655 ὅτι
225 3591 353 3672 μᾶλλον
365 3579 409 3652 ἀν
418 3583 523 3655 αὐτὸν
535 3583 738 3677 μισήσειαςή
751 3584 828 3665 τούς
839 3594 1113 3675 κατηγοροῦντας.
