2859 4334
281 376 325 441 32
558 380 955 463 εαοιιναυονεμε)

280 543 397 624 θείας,
420 535 507 605 άλλά
529 541 678 620 τοιοῦτος
695 539 875 629 γενόμενος
893 539 1019 610 ἐλάττω
1036 537 1140 619 δόξαν
1158 543 1227 626 άχυ

280 642 350 707 τῶν
367 636 450 707 ούδὲ
465 639 674 727 μιμήσασθαι
690 641 930 730 τολμησάντων
948 639 1065 710 αύτάν.
1252 652 1256 658 ’

237 762 273 813 τε
347 736 443 828 (κθ.)
456 738 658 828 Ου’μύνονδ
667 743 724 810 ἐπὶ
730 741 861 822 τούτοις
867 739 911 810 άν
917 770 966 822 τις
973 740 1081 811 αύτδν
1088 738 1226 810 ἐπαινέ-

280 859 379 927 σειεν,
397 837 484 909 άλλά
498 844 555 911 παλ
570 840 626 931 ἐφ’
641 837 693 923 οἷς
706 844 785 930 περὶ
797 845 857 913 τὸν
871 842 979 913 αύτδν
988 843 1111 929 χρόνον
1120 847 1226 927 ἔπρα-

279 946 343 1024 ξεν.
365 946 412 1019 είς
426 946 526 1008 τούτο
540 937 606 1026 γάρ
621 939 923 1027 μεγαλοφροσύνης
936 935 1055 1028 ἦλθεν,
1070 939 1152 1011 ὥστ’
1165 939 1229 1011 ούει

278 1038 464 1127 ἀπέχρησεν
493 1038 585 1130 αύτῷ
615 1046 730 1126 λαβεῖν
760 1041 963 1125 στρατιώτας
986 1050 1056 1111 τῶν
1086 1046 1229 1111 ίδιοιτων

278 1138 426 1217 ὁπόσους
440 1141 473 1218 ἐξ
490 1139 629 1225 ἑκάστης
639 1136 817 1226 ἠβουλήθη
828 1147 887 1226 τῆς
895 1141 1034 1228 πόλεως,
1049 1139 1134 1210 άλλά
1149 1139 1229 1220 τοὺς

279 1240 433 1328 βασιλέας
446 1235 525 1316 τούς
540 1245 721 1317 ποιοῦντας
735 1242 772 1306 έν
786 1254 858 1318 ταῖς
874 1238 997 1327 αὑτῶν,
1022 1240 1042 1309 ὅ
1055 1270 1087 1310 τι
1100 1250 1258 1329 βουλος-Θ

278 1349 383 1421 θεῖεν,
397 1339 452 1405 καί
462 1350 530 1414 τοῖς
539 1334 652 1415 άλλοις
662 1338 937 1426 προστάττοντας,
948 1342 1088 1419 τούτους
1098 1346 1230 1409 έπεισεν

280 1435 341 1526 ὑφ’
359 1435 449 1527 αύτῷ
471 1441 641 1523 γενέσθαι,
658 1439 713 1505 καὶ
730 1446 1017 1518 συνακολουθεῖν,
1038 1435 1093 1524 ἐφ’
1110 1435 1171 1518 οὓς
1185 1433 1229 1505 άν

279 1535 409 1624 ἡγῆται,
424 1539 480 1604 καί
497 1549 607 1604 ποιεῖν
626 1532 663 1603 εδ
678 1536 972 1629 προσταττόμενον
983 1539 1038 1605 καὶ
1052 1535 1230 1624 βασιλικὸν

232 1653 268 1707 80
280 1647 357 1729 βίον
370 1636 516 1724 ἀφέντας
536 1644 778 1724 στρατιωτικῶς
792 1642 866 1722 ζῆν,
890 1643 938 1705 §a
959 1640 996 1705 δὲ
1016 1638 1229 1705 κινδυνεύειν

281 1744 336 1807 καὶ
349 1746 506 1823 πολεμεῖν
525 1734 586 1823 οὐχ
603 1734 688 1819 ὑπὲρ
699 1744 758 1822 τῆς
772 1740 933 1823 σφετέρας
947 1728 1059 1807 αὐτῶν
1073 1742 1231 1824 πατρίδος
1247 1746 1307 1803 249

281 1839 336 1906 καλ
350 1841 530 1923 βασιλείας,
545 1833 629 1904 άλλά
645 1836 735 1925 λόγῳ
755 1836 818 1922 μὲν
839 1835 923 1922 ὑπὲρ
932 1834 1065 1923 Ἑλένης
1083 1844 1142 1924 τῆς
1157 1844 1231 1903 Με-

281 1935 405 2005 νελάου
417 1932 594 2024 γυναικὸς,
619 1942 705 2025 ἔργφ
727 1933 757 2001 δ’
776 1932 860 2021 ὑπὲρ
874 1943 935 2004 τοῦ
956 1935 1000 2023 μὴ
1023 1934 1231 2023 τὴνἙλλάδα

281 2033 421 2120 πάσχειν
440 2030 507 2101 ύπδ
529 2036 796 2122 τῶνβαρβάρων
813 2034 894 2120 μήτε
909 2042 1047 2102 τοιαῦτα
1067 2030 1152 2121 μήθ’
1177 2028 1230 2101 οἷα

282 2135 447 2221 πρότερον
461 2130 546 2222 αὐτῇ
560 2135 724 2202 συνέπεσε
740 2136 815 2217 περὶ
831 2131 894 2219 τὴν
904 2137 1056 2213 Πέλοπος
1069 2135 1132 2222 μὲν
1142 2132 1231 2202 ἁπά·

282 2256 342 2321 σης
351 2231 615 2319 Πελοποννήσου
624 2234 821 2319 κατάληψιν,
834 2241 975 2301 Δαναοῦ
988 2236 1023 2301 δὲ
1034 2241 1092 2319 τῆς
1103 2233 1232 2311 πόλεως

281 2340 339 2420 τῆς
349 2330 516 2418 Ἀργείων,
537 2332 675 2417 Κάδμου
686 2333 723 2398 δὲ
732 2338 872 2418 Θηβῶν·
889 2323 938 2399 dv
948 2338 996 2409 τίς
1008 2329 1107 2411 άλλος
1118 2332 1232 2419 φανή-

282 2452 373 2501 σεται
387 2431 599 2514 προνοηθεὶς,
616 2425 638 2515 ἢ
653 2435 701 2506 τίς
716 2428 873 2514 ἐμποδών
884 2428 1045 2508 καταστάς
1056 2439 1116 2498 τοῦ
1128 2429 1265 2517 μηδένα

282 2536 329 2599 έτι
345 2531 504 2616 γενέσθαι
518 2534 683 2611 τοιοῦτον,
707 2526 795 2615 πλὴν
810 2535 867 2614 τῆς
880 2530 1012 2596 ἐκείνου
1029 2528 1162 2614 φύσεως
1177 2531 1234 2596 καὶ

231 2641 266 2698 81
282 2628 474 2714 δυνάμεως·
499 2628 566 2705 (λ’.)
590 2624 635 2694 Τὸ
652 2635 770 2696 τοίνυν
782 2629 951 2713 ἐχόμενον,
968 2625 1065 2696 δτῶυ
1075 2631 1233 2715 μὲνπρο·
1355 2664 1356 2667 “

282 2732 468 2815 ειρημένωυ
489 2728 627 2796 ἔλαττόν
649 2731 735 2812 ἐστι,
762 2736 830 2795 τῶν
851 2728 888 2795 δέ
911 2729 1071 2807 πολλάκις
1088 2731 1234 2814 έγκεκοε-

281 2831 474 2917 μιασμένων
488 2834 601 2913 μεῖζον
620 2829 675 2896 καὶ
690 2828 794 2914 λόγου
808 2835 937 2913 μᾶλλον
956 2824 1066 2907 ἄξιον·
1091 2826 1232 2909 στρατό-

282 2933 386 2997 πεδον
413 2925 478 3012 γάρ
503 2924 737 3012 συνεληλυθός
765 2929 796 3005 ἐξ
831 2921 971 2993 ἁπασῶν
996 2931 1064 2992 τῶν
1088 2926 1233 3010 πόλεων,

282 3034 445 3097 τοσοῦτον
465 3022 502 3093 τδ
524 3032 672 3112 πλῆθος,
688 3023 771 3093 ὅσον
784 3021 881 3109 είκδς,
902 3022 922 3091 δ
937 3022 1082 3101 πολλούς
1096 3022 1180 3109 εἶχεν
1195 3026 1235 3091 ἐν

281 3124 371 3216 αύτῷ
386 3124 465 3204 τοὺς
478 3126 541 3211 μὲν
552 3120 617 3191 άπό
630 3131 733 3209 θεῶν,
749 3121 828 3201 τούς
839 3120 875 3190 δ”
888 3125 920 3203 ἐξ
934 3119 1046 3191 αὐτῶν
1061 3128 1130 3189 τῶν
1139 3129 1235 3189 θεῶν

281 3224 472 3315 γεγονότας,
484 3220 545 3309 οὐχ
556 3220 679 3308 ὁμοίως
689 3224 921 3309 διακειμένους
930 3235 999 3301 τοῖς
1009 3228 1144 3300 πολλοῖς
1155 3219 1232 3289 οὐδ’

283 3334 359 3393 λσον
376 3327 589 3407 φρονοῦντας
610 3335 679 3400 τοῖς
702 3319 815 3399 ἄλλοις
835 3317 909 3389 ἀλλ’
927 3316 1028 3406 ὀργῆς
1048 3322 1103 3387 καλ
1116 3327 1266 3405 θυμοῦε

284 3422 486 3508 καλφθάνον
495 3424 550 3490 καὶ
562 3428 750 3508 φιλοτιμίας
760 3420 917 3507 μεστούς·
930 3417 1003 3488 ἀλλ’
1016 3416 1106 3504 ὅμως
1116 3416 1153 3485 τὸ
1164 3444 1236 3486 τοι·

281 3532 385 3595 οὖσαν
405 3527 461 3608 έτη
483 3525 563 3590 δέκα
581 3523 740 3603 κατέσχεν
767 3517 809 3589 ού
830 3529 1056 3611 μισθοφοραῖς
1076 3518 1237 3604 μεγάλαις

282 3626 362 3691 οὐδὲ
382 3621 560 3709 χρημάτων
587 3622 763 3705 δαπάναις,
789 3614 841 3699 αἷς
866 3625 932 3685 νῦν
957 3616 1101 3697 ἅπαντες
1128 3620 1236 3684 δυνα-
