2859 4334
300 398 363 463 116
588 399 772 459 ΙΣΟΚΡΑ
783 396 838 454 TO
849 396 912 452 ΤΣ
926 394 973 468 (ο)

298 560 381 648 μετά
400 568 470 630 τῶν
483 559 655 647 Ἐλλήνων
671 559 725 625 ε’πλ
740 553 897 640 τούτους,
919 549 1005 640 πρδς
1020 549 1079 632 οὓς
1094 551 1264 640 προσήκει

298 657 379 740 τοδς
392 657 454 748 ἀφ’
465 657 668 743 Ἡρακλέους
682 651 865 742 γεγονότας
878 659 1046 738 πολεμεῖν.

231 784 281 840 116
382 759 479 846 (μθ.)
501 760 568 826 Καὶ
584 754 631 844 μὴ
653 753 850 842 θαυμάσῃς,
875 757 906 820 εί
921 748 978 820 διαὶ
997 749 1123 830 παντός
1142 771 1180 818 σε
1195 757 1266 820 τοῦ
1286 768 1351 822 1⁰⁶

297 861 403 980 λόγου
418 865 583 945 πειρῶμαι
597 858 798 943 προτρέπειν
812 854 870 920 ἐπί
879 878 915 920 τε
928 848 987 931 τὰς
999 848 1236 938 εὐεργεσίας
1198 876 1264 930 τας

297 966 366 1028 τῶν
374 955 544 1044 Ἑλλήνων
560 956 616 1024 καὶ
629 954 800 1039 πραότητα
813 951 869 1019 καί
887 958 1165 1038 φιλανθρωπίαν·
1188 946 1262 1037 ὁρω

297 1055 363 1143 γὰρ
374 1055 464 1143 τδςμ
465 1048 1261 1143 δνγοιλεπότηταςλυπηρδςοόσαςκαίτοῑςέγουσι

298 1157 353 1224 καὶ
363 1169 432 1234 τοίς
444 1154 702 1240 ἐντυγχάνουσι,
716 1151 775 1230 τάς
786 1154 823 1219 δὲ
834 1149 1022 1238 πραότητος
1033 1146 1076 1217 οὐ
1085 1148 1194 1237 μόνον
1204 1150 1262 1217 ἐπὶ

297 1260 367 1322 τῶν
383 1250 580 1339 ἀνθρώπων
593 1254 650 1320 παλ
662 1257 732 1319 τῶν
747 1248 859 1318 όιλλων
874 1249 968 1331 ζωων
984 1247 1144 1319 ἁπάντων
1160 1245 1263 1316 εόδο-

231 1370 281 1429 117
297 1349 476 1439 ιιιμοόσας,
495 1346 580 1418 ἀλλὰ
595 1351 651 1416 καί
664 1355 734 1420 τῶν
749 1354 844 1416 θεῶν
857 1344 937 1426 τοδς
953 1350 1017 1433 μέν
1030 1352 1100 1414 τῶν
1116 1343 1263 1434 άγαθῶν

296 1454 424 1526 αίτίους
443 1444 524 1534 ἡμῖν
545 1444 645 1526 ὄντας
662 1442 865 1533 Ὀλυμπίους
889 1449 1260 1536 προσαγορευομένους,

295 1546 376 1629 τούς
389 1545 420 1616 δ’
437 1549 490 1616 ἐπί
504 1546 575 1627 ταίς
589 1560 779 1634 συμφοραῖς
798 1548 854 1615 καί
872 1560 944 1625 ταῖς
957 1551 1129 1633 τιμωρίαις
1141 1568 1261 1629 τεταγ-

295 1649 419 1736 μένους
446 1649 703 1733 δυσγερεστέρας
730 1643 789 1725 τὰς
814 1650 1004 1733 ἐπωνυμίας
1025 1650 1176 1732 ἔχοντας,
1202 1641 1291 1710 τιαὶλι

296 1753 366 1816 τοῖν
379 1747 442 1834 μὲν
457 1748 513 1814 καί
526 1742 607 1824 τοδς
621 1744 756 1824 ίδιότας
769 1746 825 1814 ναί
838 1742 898 1824 τοὶς
912 1745 1026 1824 πόλεις
1040 1745 1096 1814 καὶ
1106 1741 1192 1822 νεός
1203 1745 1261 1810 καὶ

296 1842 434 1932 βωμοδς
447 1847 667 1931 ἱδρυμένους,
685 1843 765 1925 τοδς
781 1843 813 1914 δ’
830 1843 901 1914 οὔτ’
920 1847 957 1915 έν
972 1859 1042 1925 ταῖς
1059 1841 1170 1932 εὐχαῖς
1184 1841 1260 1912 οὔτ’

296 1945 336 2012 έν
348 1956 420 2020 ταῖς
434 1948 571 2022 θυσίαις
589 1948 815 2033 τιμωμένους,
834 1942 908 2015 άλλ’
927 1942 1129 2032 ἀποπομπὰς
1145 1941 1260 2013 αὐτῶν

231 2062 281 2119 110
296 2037 383 2128 ἡμᾶς
397 2046 631 2130 ποιουμένους.
655 2035 704 2111 όν
719 2044 980 2130 ἐνθυμούμενον
991 2046 1116 2126 ἐθίζειν
1131 2039 1259 2112 σαυτόν

297 2136 359 2226 χρὴ
382 2142 438 2208 καί
458 2148 615 2226 μελετᾶν,
639 2140 732 2222 ὅπως
751 2148 799 2212 ἔτι
819 2149 949 2230 μᾶλλον
968 2138 991 2230 ἢ
1012 2149 1079 2212 νῦν
1099 2142 1260 2228 τοιαύτην

297 2236 444 2318 ἅπαντες
463 2244 539 2327 περί
559 2248 624 2310 σοῦ
642 2240 706 2329 τὴν
725 2243 866 2330 γνόμην
880 2245 1025 2323 ἕξουσιν.
1046 2239 1109 2329 χρὴ
1126 2244 1164 2310 δὲ
1179 2237 1260 2319 τους

299 2342 450 2422 μείζονος
467 2338 565 2425 δόξης
579 2367 648 2408 τιον
665 2338 779 2410 ἄλλων
794 2345 1046 2428 ἐπιθυμοῦντας
1059 2340 1289 2428 περιβάλλει

299 2443 381 2504 σθαι
395 2437 459 2522 μὲν
474 2444 514 2524 τῇ
530 2440 662 2529 διανοίᾳ
678 2437 738 2518 τὰς
753 2440 905 2527 πράξεις,
926 2436 1073 2519 δυνατάς
1086 2441 1159 2526 μὲν,
1178 2434 1261 2527 εὐχῇ

298 2530 331 2601 δ’
349 2529 480 2621 ὁμοίας,
497 2536 731 2624 ἐξεργάζεσθαι
747 2539 784 2607 δὲ
800 2544 907 2626 ζητεῖν
923 2537 1043 2624 αὐτάς,
1062 2536 1152 2618 ὅπως
1165 2532 1209 2604 ἂν
1225 2540 1263 2604 oc

296 2634 408 2716 πσιροί
421 2638 661 2720 παραδιδῶσιν.

228 2751 280 2808 119
380 2729 450 2813 (ν’.)
468 2729 522 2801 'En
535 2742 669 2803 πολλῶν
682 2732 715 2803 δ’
730 2731 775 2803 όν
785 2737 1036 2825 ιιατανοήσειας,
1052 2734 1103 2804 ὅτι
1115 2740 1259 2804 δελτου-

297 2854 357 2896 τον
374 2826 436 2898 τόν
449 2831 578 2917 τρόπον
594 2832 770 2922 πράττειν,
796 2835 940 2923 μάλιστα
955 2832 987 2904 δ’
1005 2837 1042 2904 έιι
1056 2841 1126 2904 των
1137 2831 1259 2903 Ἰάσονι

297 2925 511 3015 συμβάντων.
535 2933 660 3011 ἐκεῖνος
673 2931 740 3020 γάρ
752 2931 855 3004 οὐδέν
869 2940 1025 3002 τοιοῦτον
1036 2929 1110 3002 οἷον
1120 2929 1163 3002 σύ
1178 2958 1260 3000 τιατ-

297 3027 526 3113 εργασάμενος
546 3037 700 3117 μεγίστης
718 3030 817 3118 δόξης
828 3037 956 3117 ἔτυχεν,
976 3027 1039 3100 οὐκ
1051 3022 1123 3113 ἐξ
1096 3057 1144 3100 ων
1156 3037 1259 3114 ἔπρα-

297 3131 355 3206 ξεν
369 3122 443 3194 ἀλλ’
460 3119 538 3208 ἐξ
510 3154 559 3195 ων
574 3134 714 3214 ἔφησεν·
738 3132 879 3198 έποιεῑτο
895 3125 961 3216 γὰρ
978 3126 1059 3209 τούς
1074 3127 1236 3230 λόγους’
1214 3155 1259 3208 ως

296 3221 393 3303 είς
356 3250 420 3312 την
433 3220 575 3312 ἤπειρον
586 3227 830 3314 διαβησόμενος
840 3229 895 3296 καί
904 3235 1040 3346 βασιλεί
1047 3223 1256 3315 πολεμήσων.
1270 3237 1290 3292 δ

228 3335 280 3390 126
296 3319 384 3391 ὅπου
400 3319 433 3392 δ’
446 3320 564 3392 Ἰάσων
576 3324 667 3444 λόγφ
682 3327 791 3411 μόνον
804 3327 1014 3415 χρησάμενος
1029 3323 1136 3405 οότως
1150 3322 1257 3394 αὐτόν

295 3417 450 3507 ηνξησεν,
466 3429 568 3492 ποίαν
582 3421 656 3491 τινά
671 3451 734 3512 χρη
723 3423 944 3513 προσδοκᾶν
955 3427 1031 3509 περὶ
1042 3425 1257 3513 σοῦγνόμην

291 3517 441 3602 ἅπαντας
450 3518 699 3612 ἕξιιν,ἢνέργφ
708 3525 816 3588 ταῦτα
824 3519 1029 3608 πράξηςμιαί
1038 3522 1182 3610 μάλιστα
1192 3521 1257 3610 μέν
1333 3568 1337 3576 -

295 3624 459 3705 παραθῇς
469 3615 554 3705 ὅλην
564 3617 628 3706 την
639 3627 812 3707 βασιλείαν
823 3623 967 3706 ἀνελεῖν,
985 3628 1016 3692 εί
1022 3624 1059 3691 δὲ
1067 3624 1131 3710 μη,
1141 3621 1257 3710 χώραν
