2859 4334
433 337 911 401 ΠΕΡΙΑΝΤΙΔΟΣΕΩὶ.
1088 338 1148 401 165

196 504 428 591 λαμβάνουσιν
439 505 599 584 έπίδοσιν,
614 499 707 567 αὐτοι
698 498 753 567 δ’
774 498 888 568 αύτῶυ
900 498 1140 605 εὐμαθέστεροι

197 610 370 688 γίγνονται
392 597 475 683 πρὸς
494 598 548 665 τὰ
556 605 655 683 μείζω
670 601 725 665 καί
740 601 985 682 σπουδαιότερα
1000 608 1068 667 τῶν
1082 627 1147 684 μα-

117 724 179 779 268
196 699 369 786 δημύτων.
395 704 563 781 διατρῖψαι
580 691 700 783 μέν
658 723 724 763 ουν
738 696 861 780 περί
826 723 885 774 τας
899 703 1049 777 παιδείας
1063 700 1146 765 ταύ-

196 824 256 876 τας
269 798 393 883 χρόνον
413 822 487 863 τινα
508 791 795 881 συμβουλεύσαιμ’
819 822 864 861 αν
877 810 946 874 τοῖς
962 799 1146 880 νεωτέροις,

194 898 241 983 μὴ
256 902 370 983 μέντοι
386 900 549 979 περιιδεῖν
559 893 621 979 τὴν
636 894 742 978 φύσιν
753 892 814 979 τὴν
825 892 938 962 αύτῶυ
949 906 1149 966 κατασκελε-

194 1008 375 1073 τευδεῖσαυ
389 1000 441 1063 έπί
456 996 585 1072 τούτοις
610 990 688 1080 μηδ’
709 997 922 1073 έξοκείλασαυ
937 1002 983 1073 είς
996 994 1074 1075 τούς
1089 995 1149 1065 λό-

194 1122 277 1183 γους
293 1094 372 1174 τούς
385 1103 454 1162 τῶν
470 1103 621 1162 παλαιῶν
637 1101 817 1178 σοφιστῶν,
834 1087 914 1163 ῶνὸ
931 1098 994 1182 μέν
1008 1095 1148 1179 ἄπειρον

195 1193 232 1263 τό
249 1203 378 1280 πλῆθος
392 1201 518 1279 ἔφησεν
539 1193 623 1260 εἶναι
644 1192 853 1274 τῶνόντων,
872 1192 1093 1282 Ἐμπεδοκλῆς
1110 1201 1148 1265 δέ

193 1299 331 1379 τέτταρα
360 1296 414 1362 καὶ
435 1309 543 1371 νεῖκος
563 1297 618 1361 καὶ
639 1301 755 1377 φιλίαν
770 1296 808 1359 έν
822 1291 945 1374 αὐτοῖς,
961 1292 1042 1362 Ἴων
1055 1294 1087 1361 δ’
1105 1294 1148 1363 ού

194 1400 297 1461 πλείω
313 1401 425 1475 τριῶν,
451 1386 621 1474 Ἀλκμέων
639 1392 674 1458 δέ
690 1390 753 1457 δύο
770 1392 870 1475 μόνα,
885 1396 1098 1478 Παρμενίδης
1111 1394 1147 1460 δέ

116 1505 176 1559 ¹269
195 1496 249 1561 καί
269 1495 434 1570 Μέλισσος
449 1495 497 1574 ἓν,
512 1496 654 1576 Γοργίας
669 1492 705 1557 δὲ
720 1497 891 1568 παντελῶς
912 1489 1022 1557 ούδέν.
1039 1490 1147 1577 ηγούή
1162 1503 1214 1560 119

195 1620 253 1677 μαι
271 1589 336 1676 γὰρ
350 1589 409 1668 τόις
426 1591 488 1675 μλυ
501 1590 654 1667 τοιαύτας
676 1595 910 1672 τερατολογίας
933 1588 1049 1675 ὁμοίας
1062 1590 1147 1659 εἶναι

194 1706 265 1769 ταῖς
277 1696 565 1776 θανματοποιίαις,
577 1704 647 1766 ταῖς
660 1688 762 1757 ούδὲν
772 1692 835 1775 μὲν
847 1687 1067 1775 ὠφελούσαις,
1079 1690 1146 1757 ὑπὸ

196 1790 233 1857 δέ
257 1796 324 1856 τῶν
345 1786 498 1874 ἀνοήτων
522 1790 732 1871 περιστότοις
756 1795 986 1874 γιγνομέναις,
1012 1795 1084 1858 δεῖν
1108 1791 1145 1857 δὲ

194 1886 276 1967 τούς
289 1886 465 1974 προύργου
480 1913 512 1953 τι
527 1901 635 1954 ποιεῖν
645 1889 874 1972 βουλομένους
886 1890 941 1957 καί
954 1896 1023 1956 τῶν
1035 1891 1147 1975 λόγων
1206 1874 1216 1895 ⁸

195 1986 275 2065 τούς
288 1994 447 2072 ματαίους
467 1988 605 2054 καὶτῶν
621 1986 776 2066 πράξεων
790 1985 848 2065 τὰς
862 1990 968 2074 μηδὲν
985 1988 1069 2072 πρός
1086 1988 1146 2057 τόν

196 2082 271 2174 βίον
287 2087 456 2171 φερούσας
481 2084 632 2167 ἀναιρεῖν
653 2088 684 2165 ἐξ
700 2084 841 2153 ἁπασῶν
861 2097 929 2155 τῶν
953 2095 1143 2175 διατριβῶν.

119 2195 178 2251 270
279 2184 450 2264 (πόλεις’.)
471 2187 553 2268 Περὶ
568 2186 630 2270 μέν
646 2178 712 2252 ούυ
732 2186 863 2253 τούτων
886 2184 1016 2273 ἀπόχρη
1036 2214 1093 2274 μοι
1108 2185 1145 2254 τό

198 2294 261 2353 νῦν
288 2284 371 2352 ελναι
405 2282 499 2351 ταῦτ’
532 2289 698 2369 εἰρηκέναι
720 2286 774 2351 καί
799 2290 1144 2372 συμβεβουλευκέναι·

196 2388 271 2469 περὶ
291 2388 327 2452 δὲ
348 2393 467 2469 σοφίας
488 2388 542 2451 καὶ
558 2391 848 2468 φιλοσοφίας,τοῖς
866 2386 928 2468 μὲν
942 2387 1017 2466 περί
1034 2383 1146 2452 ἄλλων
1178 2417 1180 2421 ·

197 2493 300 2553 τινῶν
325 2483 578 2570 ἀγωνιζομένοις
604 2481 666 2550 ούκ
690 2472 743 2549 ἄν)
759 2481 915 2568 ἁρμόσειε
940 2486 1049 2568 λέγειν
1070 2488 1146 2567 περὶ
1218 2494 1229 2519 ’

197 2592 264 2651 τῶν
276 2580 451 2668 ὀνομάτων
462 2584 602 2667 τούτων,
619 2581 762 2669 ἔστιγὰρ
773 2581 931 2667 ἀλλότρια
945 2584 1066 2663 πόσαις
1076 2599 1146 2662 ταῖς

196 2690 449 2769 πραγματείαις,
472 2684 542 2768 ἐμοὶ
561 2680 593 2749 δ’
610 2679 722 2767 ἐπειδὴ
744 2685 799 2749 καί
815 2690 970 2767 κρίνομαι
988 2686 1147 2765 περὶτῶν

196 2784 359 2851 τοιούτων
375 2785 429 2850 καὶ
443 2781 506 2867 τὴν
523 2784 734 2867 καλουμένην
745 2779 812 2848 ὑπό
823 2806 927 2849 τιυων
940 2790 1146 2868 φιλοσοφίαν

197 2880 258 2949 οὐκ
269 2880 353 2949 ελυαι
364 2883 459 3006 φημί,
475 2883 634 2967 προσήκει
648 2908 710 2967 την
721 2877 891 2959 δικαίως
869 2908 913 2948 αυ
926 2886 1146 3001 νομιζομένην

128 2997 179 3053 2⁷1
197 2979 307 3064 ὁρίσαι
320 3007 374 3048 και
364 2983 536 3067 δηλῶσαι
549 2980 633 3065 πρός
644 2979 740 3067 ὑμᾶς.
764 2979 877 3059 ἁπλῶς
892 2984 1008 3059 δέπῶς
1022 2981 1145 3067 τυγχά-

174 3104 246 3147 νω
265 3081 465 3169 γιγνώσκων
485 3083 560 3163 περὶ
582 3077 703 3146 αύτῶυ.
727 3077 841 3164 ἐπειδη
860 3077 925 3165 γὰρ
941 3078 1003 3147 ούκ
1018 3086 1145 3146 ἔνεστιν

198 3184 233 3247 ἐν
247 3186 286 3266 τῇ
301 3179 402 3262 φύσει
420 3204 459 3265 τη
475 3186 542 3245 τῶν
557 3176 751 3262 ἀνθρώπων
766 3181 948 3265 ἐπιστήμην
959 3176 1123 3266 λαβεῖν,“
1102 3204 1145 3263 ηυ

198 3272 371 3363 ἔχοντες
350 3303 394 3342 αν
416 3276 605 3362 είδεῖμεν”
585 3304 602 3344 ο
623 3306 655 3344 τι
674 3280 840 3360 πρακτέου
860 3273 1031 3363 ηλεκτέου
1045 3281 1143 3349 έστιυ,

199 3379 233 3444 ἐκ
253 3383 322 3447 τῶν
343 3384 470 3442 λοιπῶν
486 3373 613 3461 σοφούς
629 3376 691 3460 μὲν
712 3382 833 3460 νομίζω
851 3373 930 3452 τούς
950 3389 1020 3452 ταῖς
1035 3378 1146 3455 δόξαις

200 3474 430 3559 ἐπιτυγχάνειν
453 3471 498 3551 ῶς
518 3476 571 3541 έπί
585 3471 622 3541 τό
636 3472 724 3542 πολύ
739 3481 799 3545 τοῦ
811 3481 983 3559 βελτίστου
999 3477 1143 3558 δυναμέ-

200 3598 296 3648 νους,
320 3572 531 3654 φιλοσόφους
551 3571 587 3639 δέ
609 3572 687 3650 τούς
702 3576 740 3639 έν
759 3574 890 3650 τούτοις
905 3576 1142 3658 διατρίβοντας,
