2859 4334
411 387 529 442 ΠΕΡΙ
557 387 894 445 ΑΝΤΙΔΟΣΕΩΣ.
1071 386 1130 447 123

171 545 306 609 τούτων
327 542 463 628 ήνεγκε,
492 544 599 627 λέγων
622 545 656 608 δὲ
678 544 920 626 διατετέλεκεν,
948 542 992 621 ὡς
1018 546 1131 611 δεινόν

171 642 244 706 ε’στι
259 646 519 727 διαφθείρεσθαι
535 638 613 718 τούς
626 640 858 727 τηλικούτους,
876 640 986 724 ὥσπερ
1001 639 1130 711 άντιλέ-
1180 712 1182 715 .

171 742 294 823 γοντός
310 769 401 819 τινος
419 745 492 826 περὶ
509 741 656 824 τούτων,
678 737 699 826 ή
717 748 815 807 τοῦτο
834 743 912 808 δέον
926 736 1031 807 αύτόν
1045 738 1129 807 άπο-

171 844 325 923 φαίνειν,
341 836 361 905 δ
375 840 497 917 πάντες
511 837 752 924 ὁμολογοῦσιν,
778 837 851 909 ἀλλ’
870 837 931 906 ούκ
947 842 1053 907 έκεῖνο
1068 840 1129 925 μό-

172 963 237 1002 νον
252 934 439 1020 διδάσκειν,
464 933 507 1013 ὡς
522 934 586 1020 ε’γώ
602 938 755 1021 τυγχάνω
770 944 872 1004 ταῦτα
891 937 1128 1023 διαπραττόμε·

114 1053 153 1106 90
170 1061 240 1113 νος.
265 1036 318 1100 καὶ
340 1040 370 1101 εί
387 1038 449 1120 μέν
463 1062 511 1112 τις
526 1042 647 1102 τουτον
662 1034 847 1121 άπαγαγόν
861 1034 1130 1123 ἀνδραποδιστήν

170 1136 229 1201 καὶ
254 1137 397 1219 κλέπτην
419 1137 474 1201 καὶ
494 1136 693 1221 λωποδύτην
712 1138 817 1221 μηδὲν
838 1137 901 1221 μὲν
922 1133 1027 1203 αὐτόν
1045 1133 1129 1201 άπο·

171 1240 288 1318 φαίνοι
301 1233 430 1299 τούτων
445 1238 673 1320 εἰργασμένον,
689 1238 800 1315 διεξίοι
817 1234 847 1301 δ’
866 1232 909 1313 ως
924 1233 1038 1303 δεινόν
1052 1236 1129 1301 ἕκα-
1146 1244 1179 1299 6³

172 1331 256 1399 στόν
278 1334 346 1399 ἐστι
366 1340 435 1400 τῶν
456 1336 759 1420 κακουργημάτων,
783 1342 897 1420 ληρεῖν
918 1330 962 1401 άν
977 1340 1060 1419 φαίη
1075 1334 1128 1399 καὶ

172 1439 351 1517 μαίνεσθαι
369 1429 429 1500 τόν
445 1435 648 1520 κατήγορον,
670 1432 771 1510 αύτός
789 1431 824 1500 δὲ
840 1432 1003 1509 τοιούτοις
1018 1433 1129 1516 λόγοις

117 1554 152 1607 91
174 1535 376 1618 κεχρημένος
397 1543 499 1601 οἴεται
520 1534 706 1602 λανθάνειν
721 1530 816 1619 ὑμᾶς.
851 1530 915 1618 ε’γώ
934 1528 967 1599 δ’
984 1529 1129 1619 ἡγοῦμαι

173 1631 274 1699 τοῦτό
293 1659 331 1717 γε
348 1636 401 1699 καὶ
416 1633 495 1712 τούς
509 1632 762 1719 ἀμαθεστάτους
776 1632 992 1718 γιγνώσκειν,
1015 1628 1065 1697 ὅτι
1081 1634 1132 1697 δεῖ

173 1730 291 1810 πιστάς
307 1731 390 1798 εἶναι
403 1735 456 1800 καλ
468 1736 551 1818 με’γα
563 1738 751 1817 δυναμένας
762 1738 830 1797 τῶν
840 1738 1058 1817 κατηγοριῶν,
1069 1724 1130 1813 ούχ

174 1826 227 1909 αἶς
241 1836 343 1910 ἔξεστι
359 1830 545 1917 χρήσασθαι
561 1833 615 1899 καὶ
631 1833 705 1915 περὶ
718 1837 785 1897 τῶν
796 1832 900 1915 μηδὲν
911 1826 1129 1915 ἠδικηκότων,

175 1927 251 1997 ἀλλ’
275 1926 314 2009 άς
334 1928 395 2015 ούχ
416 1926 490 1997 οἷόν
504 1928 534 1996 τ’
552 1936 656 1997 εἰπεῖν
672 1927 745 1997 ἀλλ’
765 1925 786 2014 ή
802 1926 884 1995 κατά
900 1935 967 1995 τῶν
981 1926 1130 2015 ἡμαρτη-

174 2030 300 2097 κότων·
324 2021 373 2095 τόν
387 2016 487 2104 οὗτος
504 2027 711 2117 ὀλιγωρήσας
725 2028 827 2097 οὐδὲν
844 2030 1074 2114 προσήκοντας
1089 2036 1128 2114 τῇ

124 2148 162 2201 9κ
177 2134 291 2215 γραφή
312 2127 432 2212 λόγους
448 2138 588 2213 ελρηκεν.
623 2134 688 2195 ἔδει
706 2127 770 2213 γάρ
788 2124 893 2193 αὐτόν
909 2128 961 2192 καὶ
978 2124 1056 2203 τούς
1071 2126 1129 2192 λό-

174 2251 256 2310 γους
271 2223 443 2292 δεικνύναι
461 2222 539 2310 τούς
557 2223 672 2310 ἐμούς,
688 2222 737 2303 οἷς
752 2230 939 2309 διαφθείρω
953 2221 1032 2300 τούς
1045 2244 1130 2289 συν-

176 2325 290 2407 όντας,
312 2327 367 2392 καλ
387 2323 466 2403 τούς
487 2324 639 2412 μαθητάς
663 2327 800 2411 φράζειν
822 2324 899 2402 τούς
920 2331 1050 2409 χείρους
1074 2320 1129 2389 διὰ

176 2423 237 2510 τήν
253 2432 438 2490 συνουσίαν
459 2422 521 2510 τήν
543 2422 626 2510 ε’μήν
641 2425 897 2510 γεγενημένους·
919 2430 983 2489 νῦν
1000 2422 1036 2489 δὲ
1051 2422 1129 2488 τού-

176 2550 244 2591 των
265 2526 327 2607 μὲν
347 2519 527 2603 οὐδέτερον
543 2530 718 2607 πεποίηκε,
740 2518 937 2602 παραλιπών
952 2523 988 2587 δὲ
1002 2518 1063 2606 τήν
1078 2524 1129 2586 δι-

177 2619 356 2706 καιοτάτην
377 2626 445 2686 των
459 2627 667 2705 κατηγοριῶν
682 2623 846 2698 ἐξαπατᾶν
864 2616 948 2701 ὑμᾶς
962 2620 1129 2702 ἐπεχείρη-

177 2740 244 2788 σεν.
280 2715 345 2803 ἐγω
368 2713 399 2785 δ’
424 2721 456 2797 ἐξ
477 2715 590 2785 αὐτῶν
614 2717 759 2800 τούτων,
785 2719 817 2795 ἐξ
838 2708 949 2800 ὦνπερ
970 2713 1129 2799 προσήκει

178 2820 232 2887 καὶ
247 2816 377 2885 δίκαιόν
391 2818 476 2901 ἐστι,
492 2817 672 2902 ποιήσομαι
687 2816 749 2902 τήν
763 2813 954 2900 ἀπολογίαν.
1090 2902 1092 2905 Ι

127 2926 164 2982 93
261 2918 326 2985 Καὶ
340 2914 418 2994 τούς
433 2915 495 3002 μὲν
510 2917 630 3002 λόγους
642 2914 741 3007 ὀλίγῳ
758 2916 921 3000 πρότερον
937 2911 1131 3000 ἀνέγνωμεν

179 3017 274 3105 ὑμῖν,
300 3012 379 3091 τούς
398 3015 434 3081 δὲ
444 3018 666 3101 κεχρημένους
689 3018 725 3082 ἐκ
751 3021 931 3101 μειρακίων
956 3042 1012 3099 μοι
1037 3018 1127 3100 μέχρι

178 3118 288 3205 γήρως
308 3113 463 3199 δηλιόσω,
485 3116 540 3181 καὶ
564 3113 735 3199 μάρτυρας
747 3112 844 3199 ὑμῶν
861 3112 972 3180 αὐτων
990 3117 1128 3197 παρεξο-

179 3223 253 3304 μαι,
276 3215 349 3295 περὶ
372 3203 420 3277 τόν
440 3207 484 3279 άν
504 3215 603 3299 λέγω,
631 3211 709 3291 τούς
731 3210 812 3280 κατά
834 3210 896 3297 τήν
919 3210 1048 3296 ἡλικίαν
1068 3209 1130 3298 τήν

179 3311 260 3399 ἐμήν
276 3313 527 3397 γεγενημένους.
549 3310 689 3397 ἤρξαντο
705 3313 767 3397 μὲν
783 3304 848 3377 ούν
860 3312 896 3377 ἐν
907 3309 1049 3395 πράτοις
1061 3306 1129 3375 Εύ-

180 3410 279 3498 νομός
293 3436 350 3496 μοι
365 3411 419 3477 καὶ
437 3416 639 3496 Λυσιθείδης
654 3413 708 3478 καὶ
721 3412 914 3486 Κάλλιππος
929 3408 1130 3495 πλησιάζειν,

178 3506 256 3597 μετά
272 3508 308 3577 δὲ
324 3509 465 3587 τούτους
476 3507 641 3596 Ὀνήτωρ,
654 3506 835 3595 Ἀντικλῆς,
853 3513 1050 3593 Φιλωνίδης,
1068 3513 1125 3574 Φι·

132 3628 166 3680 ⁹4
180 3611 338 3693 λόμηλος,
366 3613 605 3693 Χαρμαντίδής.
651 3609 791 3687 τούτους
817 3606 965 3686 ἅπαντας
989 3606 1009 3689 ἡ
1035 3608 1130 3685 πόλις
1145 3622 1176 3676 64
1223 3642 1227 3649 ’
