2859 4334
483 380 873 440 ννλατεινιαοε.
940 353 945 368 ”
1011 346 1014 352 ’
1090 374 1151 439 ιοει

201 544 324 609 ειδέναι
339 546 414 624 περὶ
431 548 497 609 τών
511 542 704 628 χρημάτων,
723 548 857 621 πρώτον
871 541 933 625 μὲν
947 536 1048 617 αὐτὸς
1062 536 1152 623 άφα-

202 652 294 719 νίσας
309 640 370 726 ὑφ’
387 639 483 727 ἡμῶν
499 639 604 709 αὐτόν
626 637 737 727 ᾐτιᾶτ’
758 637 964 725 ἠφανίσθαι,
988 644 1099 705 ἔπειτα
1114 639 1151 704 δὲ

198 743 436 826 συλληφθέντα
453 737 497 819 ὡς
512 739 695 821 ἐλεύθερον
706 736 787 805 ὄντα
808 738 990 806 διεκώλυσε
1009 743 1155 824 βασανί-

199 844 324 922 ζεσθαι,
340 837 421 924 μετὰ
437 841 473 906 δέ
487 834 589 905 ταῦθ’
607 834 652 915 ώς
667 841 793 905 δοῦλον
807 833 925 913 ἐκδοὺς
941 836 997 904 καὶ
1010 843 1151 921 βασανι-

200 936 280 1016 στάς
295 938 451 1024 ἑλόμενος
466 938 555 1027 λόγῳ
570 938 631 1022 μὲν
653 938 806 1006 ἐκέλευσε
828 941 1035 1021 βασανίζειν,
1060 940 1176 1024 έργῳο

201 1033 232 1103 δ’
246 1032 309 1102 οὐκ
324 1046 385 1117 εῖα,
402 1035 457 1103 διὰ
475 1032 576 1103 ταῦθ’
599 1032 789 1121 ἡγούμενος
804 1030 966 1118 οὐδεμίαν
981 1030 1073 1121 αὑτῷ
1084 1052 1153 1099 σω-

201 1140 319 1219 τηρίαν
338 1133 434 1218 εἶναι,
452 1133 575 1215 ἐάνπερ
594 1138 640 1210 είς
659 1130 748 1217 ὑμᾶς
762 1135 907 1219 εἰσέλθῃ,
924 1134 1152 1217 προσπέμπων

201 1231 305 1299 ἐδεῖτό
331 1257 397 1316 μου
424 1238 470 1309 είς
498 1228 591 1315 ἱερὸν
612 1228 755 1299 ἐλθόνθ’
781 1233 887 1319 ἑαυτῷ
915 1235 1150 1316 συγγενέσθαι.

149 1341 185 1393 18
202 1334 258 1400 καὶ
282 1329 395 1417 ἐπειδὴ
410 1329 563 1416 ἤλθομεν
585 1335 630 1407 είς
651 1326 854 1413 ἀκρόπολιν,
879 1330 1153 1414 ἐγκαλυψάμενος

199 1440 296 1499 ἐκλαε
312 1432 367 1498 καὶ
384 1434 514 1514 ἔλεγεν,
532 1426 576 1509 ὡς
592 1426 790 1515 ἠναγκάσθη
804 1430 866 1514 μέν
881 1426 925 1496 δι’
944 1426 1089 1512 άπορίαν
1100 1432 1152 1509 ἐξ·

200 1556 303 1613 αρυος
326 1531 502 1650 γενέσθαι,
528 1525 645 1613 ὀλίγου
677 1530 713 1595 δὲ
736 1528 862 1614 χρόνου
889 1528 1081 1643 πειράσοιτο
1110 1524 1150 1592 τά

200 1629 329 1735 χρήματ
333 1624 561 1695 ’ἀποδοῦναι
591 1628 693 1694 ἐδεῖτο
710 1629 750 1694 δέ
763 1652 831 1711 μου
845 1624 1051 1711 συγγνώμην
1064 1630 1151 1710 ἔχειν

199 1724 290 1817 αὐτην
277 1727 361 1795 καλ
375 1728 567 1813 συγκρύψαι
585 1752 647 1812 την
662 1722 853 1810 συμφοράν,
867 1728 925 1817 ἵνα
939 1751 983 1810 μη
999 1748 1151 1809 παρακα-
1163 1754 1178 1789 e

199 1826 349 1912 ταθηκας
364 1826 540 1911 δεχόμενος
555 1821 703 1910 φανερός
716 1828 850 1910 γένηται
866 1820 993 1891 τοιαῦτ’
1010 1825 1152 1909 ἐξημαρ-

200 1925 315 2012 τηκώς.
329 1920 559 2011 ἡγούμενοςό’
574 1920 663 2014 αὕτη)
652 1927 871 2009 μεταμέλειν
881 1929 949 1988 τών
960 1922 1150 2006 πεπραγμέ

202 2049 271 2093 νων
294 2023 511 2109 συνεχώρουν
541 2027 595 2091 καὶ
618 2024 773 2091 ἐκέλευον
795 2019 898 2089 αὐτόν
914 2024 1076 2105 ἐξευρεῖν,
1092 2016 1152 2086 όν-

201 2132 272 2188 τιν’
291 2118 335 2189 άν
350 2123 511 2209 βούληται
528 2123 672 2213 τρόπον,
689 2120 780 2200 ὅπως
793 2122 901 2212 τούτῳ
917 2147 950 2187 τε
966 2126 1075 2196 καλῶς
1087 2119 1150 2198 ἕξει

152 2230 183 2283 ¹9
203 2218 295 2305 κάγώ
315 2217 487 2306 τάμαυτοῦ
510 2228 698 2308 κομιοῦμαι.
732 2229 826 2309 τρίτη
849 2217 880 2285 δ’
903 2218 1009 2308 ἡμέρη
1029 2225 1150 2285 συνελ-

199 2320 321 2397 θόντες
332 2326 444 2386 πίστιν
455 2318 484 2387 τ’
500 2325 619 2407 έθομεν
631 2314 820 2406 άλληλοιςῆ
839 2318 906 2406 μὴν
919 2321 1150 2406 σιωπήσεσθαι

199 2418 239 2483 τά
252 2420 457 2504 πραχθέντα,
471 2415 515 2505 ἢν
534 2412 632 2498 οὗτος
650 2425 781 2501 ἔλυσεν,
796 2417 840 2496 ὡς
857 2417 951 2504 ὑμεῖς
962 2416 1057 2485 αὐτοὶ
1067 2440 1148 2501 προ-

200 2515 311 2594 ιόντος
326 2523 388 2583 τοῦ
405 2518 511 2603 λόγου
530 2518 715 2605 γνώσεσθε,
731 2522 783 2584 καί
803 2516 1019 2604 ὡμολόγησεν
1032 2521 1078 2593 είς
1091 2514 1151 2582 τόν

200 2620 334 2686 Πόντον
345 2644 401 2703 μοι
413 2628 700 2705 συμπλευσεῖσθαι
715 2616 808 2685 κάκεῑ
818 2616 854 2684 τό
866 2623 1006 2703 χρυσίον
1016 2614 1180 2682 άποδώ-(λ

199 2738 284 2801 σειν,
299 2713 345 2783 ἵν’
361 2713 405 2794 ὡς
416 2718 620 2800 πορρωτάτω
638 2714 703 2783 άπό
714 2720 813 2800 τησιλε
824 2722 882 2800 της
893 2715 1020 2793 πόλεως
1032 2713 1151 2782 διαλό-

198 2838 268 2883 σειε
278 2812 315 2882 τό
327 2822 544 2902 συμβόλαιον,
558 2818 611 2882 καλ
623 2822 691 2881 τών
703 2815 765 2899 μὲν
778 2814 901 2881 ἐνθάδε
918 2815 1032 2900 μηθεὶς
1050 2818 1149 2899 είόείη

199 2913 260 2982 τόν
270 2915 397 3000 τρόπον
408 2922 465 3001 της
474 2912 684 3000 άπαλλαγῆς,
698 2912 957 2982 ἐκπλεόσαντιδ’
970 2910 1090 3004 [αὐτῷ]
1099 2913 1147 2992 ἐξ·

200 3023 250 3099 είη
263 3016 381 3099 λέγειν,
395 3011 455 3079 ὅτι
466 3010 567 3090 αὐτός
578 3014 748 3099 βούλοιτο·
772 3018 802 3081 εί
812 3013 847 3080 δέ
865 3011 909 3097 μὴ
928 3020 1032 3078 ταῦτα
1052 3010 1144 3098 ποιη-

198 3134 284 3190 σειε,
301 3116 430 3179 δίαιταν
452 3113 504 3179 ἐπὶ
525 3115 636 3198 ῥητοῖς
650 3114 809 3194 ἐπέτρεπε
831 3112 994 3202 Σατύρῳ,
1016 3107 1072 3195 ἐφ’
1087 3101 1149 3199 ᾦτε

146 3222 182 3273 ²0
198 3212 482 3298 καταγιγνώσκειν
495 3209 620 3299 ἡμιόλί
633 3209 740 3278 αὐτοῦ
756 3238 796 3278 τα
813 3213 971 3297 χρήματα.
992 3216 1097 3277 ταῦτα
1115 3208 1151 3275 δέ

198 3314 456 3399 συγγράψαντες
466 3317 521 3381 καί
533 3311 761 3399 ἀναγαγόντες
772 3320 818 3391 είς
828 3310 1015 3395 άκρόπολιν
1025 3310 1150 3395 Πάρω-

198 3440 242 3479 να
252 3418 399 3495 Φεραῖον
411 3410 537 3496 ἄνδρα,
557 3415 752 3498 εἰθισμένον
764 3418 911 3481 εἰσπλεῖν
921 3416 968 3489 είς
977 3410 1037 3477 τόν
1056 3407 1176 3480 Πόν-ιε

197 3539 268 3592 τον,
291 3517 428 3599 δίδομεν
450 3511 541 3601 αὐτῷ
564 3512 745 3598 φυλάττειν
765 3512 824 3591 τάς
841 3510 1026 3597 συνθήκας,
1044 3529 1148 3593 προσ

197 3610 353 3689 τάξαντες
368 3608 470 3700 αὐτῷ,
490 3609 549 3678 ἐάν
560 3613 622 3697 μέν
640 3616 871 3697 ὃιαλλαγώμεν
888 3608 972 3695 πρός
981 3606 1069 3697 ἡμᾶς
1086 3607 1143 3676 αίε

955 3705 1011 3760 13*
