2859 4334
257 402 319 466 202
545 405 727 463 ΙΣΟΚΡΑ
737 405 864 463 Tm
877 416 922 473 (ὃ)

188 577 238 635 127
257 562 351 635 οὗτοι
365 567 401 633 δέ
415 570 578 632 τοσοῦτον
592 566 724 630 ἐκείνου
738 563 983 650 διενηνόχασιν,
1000 561 1085 630 ῶστε
1099 565 1212 649 λέγειν

256 668 318 751 μὲν
331 670 514 749 τολμῶσιν,
537 658 581 739 ῶς
596 658 651 728 διὰ
666 658 729 746 τὴν
742 667 811 728 τῶν
825 668 951 729 κοινῶν
964 666 1152 749 ἐπιμέλειαν
1167 661 1213 731 οῦ

257 763 420 831 δύνανται
433 774 501 838 τοῖς
516 758 629 827 αῦτῶν
644 764 741 837 ίδίοις
754 766 929 846 προσέχειν
941 760 1003 829 τὸν
1017 768 1114 848 νοῦν,
1129 769 1213 848 φαί-

258 888 348 931 νεται
363 863 400 928 δὲ
416 857 456 927 τῶ
472 858 534 945 μὲν
554 856 766 943 ἀμελούμενα
781 860 949 945 τοσαύτην
970 860 1128 945 εἰληφότα
1148 857 1215 945 τὴν

256 964 416 1043 ἐπίδοσιν,
432 955 516 1044 ὅσην
530 954 604 1023 οὐδ’
622 950 666 1023 ῶν
682 954 844 1036 εὔξασθαι
856 972 925 1037 τοῖς
936 968 1031 1037 δεοῑς
1044 959 1213 1044 πρότερον
1236 973 1292 1023 185

256 1058 418 1146 ἠξίωσαν,
442 1053 479 1124 τὰ
500 1056 535 1123 δὲ
557 1062 687 1141 πλῆθος
709 1052 821 1141 ἡμῶν,
848 1049 890 1123 οῦ
908 1058 1076 1143 ’κη’δεσθαί
1093 1079 1211 1143 φασιν,

257 1154 345 1223 οῦτοι
367 1159 578 1241 διακείμενον
600 1151 683 1222 ῶστε
703 1157 830 1241 μηδένα
851 1162 919 1222 τῶν
939 1165 1086 1225 πολιτῶν
1104 1154 1212 1244 ἡδέως

258 1262 315 1342 ζῆν
330 1257 413 1341 μηδὲ
432 1250 612 1342 δᾳδύμως,
634 1250 708 1321 ἀλλ’
725 1250 884 1339 ὀδυρμῶν
898 1254 1022 1340 μεστὴν
1043 1252 1128 1322 εἶναι
1147 1252 1211 1339 τὴν

142 1408 145 1415 .
192 1367 240 1416 126
255 1353 363 1422 πόλιν.
386 1356 420 1420 oc
432 1350 494 1437 μέν
508 1350 573 1437 γὰρ
587 1349 646 1429 τῶς
656 1359 772 1430 πενίας
783 1354 839 1420 καὶ
850 1350 910 1430 τὰς
918 1356 1047 1432 ἐνδείας
1057 1351 1210 1440 ἀναγκύ-

257 1460 366 1535 ζονται
382 1454 536 1532 διεξιέναι
551 1454 606 1518 καί
619 1460 762 1537 θρηνεῖν
776 1450 860 1536 πρὸς
875 1459 962 1538 σφᾶς
976 1449 1110 1538 αύτούς,
1125 1457 1159 1520 οί
1172 1456 1210 1519 δὲ

256 1548 293 1618 τὰ
312 1556 443 1635 πλῆθος
457 1556 524 1616 τῶν
544 1548 808 1635 προσταγμάτων
826 1554 882 1618 καὶ
902 1557 971 1619 τῶν
989 1558 1210 1639 λειτουργιῶν

257 1652 312 1717 καὶ
322 1647 363 1715 τὰ
372 1646 457 1715 κακῶ
469 1644 510 1714 τοὶ
520 1649 596 1732 περὶ
606 1648 664 1727 τὰς
675 1656 861 1735 συμμορίας
870 1653 926 1716 καί
935 1646 995 1727 τῶς
1005 1647 1209 1731 ύητιδύσεις·

257 1744 279 1814 δι’
298 1745 452 1824 τοιαύτας
472 1748 603 1831 ἐμποιεῖ
618 1746 727 1825 λύπας
746 1744 824 1814 ὥστ’
838 1747 957 1833 ἄλγιον
976 1754 1034 1835 ζῆν
1054 1747 1134 1827 τοῦς
1150 1747 1242 1827 τὰςιι

257 1842 372 1921 ούσίας
402 1846 624 1929 κεκτημένους
655 1839 676 1930 ἢ
707 1841 786 1922 τοῦς
816 1852 963 1931 συνεχῶς
992 1849 1208 1933 πενομένους.

192 1962 239 2015 129
257 1944 353 2031 (μα’.)
375 1942 540 2030 Θαυμύζω
555 1941 587 2009 δ’
603 1949 634 2011 εί
645 1940 689 2033 μη
706 1944 858 2012 δύνασθε
871 1949 1032 2031 συνιδεῖν,
1048 1944 1099 2013 ὅτι
1112 1948 1211 2031 γένος

257 2039 357 2110 οὐδέν
372 2043 440 2109 ἐστι
455 2041 724 2126 κακονούστερον
737 2048 782 2131 τῷ
796 2042 920 2129 πλήθει
935 2049 1095 2129 πονηρῶν
1108 2043 1209 2131 ρητό-

256 2166 326 2227 ρων
341 2143 396 2208 καλ
410 2146 635 2226 δημαγωγῶν·
651 2140 736 2226 πρὸς
749 2138 815 2228 γὰρ
826 2156 896 2221 τοῖς
904 2141 1018 2223 ἄλλοις
1028 2157 1144 2222 κακοῖς
1154 2146 1209 2210 καλ

256 2246 323 2307 τῶν
344 2236 428 2307 κατὰ
448 2237 510 2325 τὴν
527 2236 655 2325 ἡμέραν
672 2240 815 2325 ἑκάστην
829 2237 1023 2327 ἀναγκαίων
1036 2232 1131 2308 οῦτοι
1144 2241 1210 2327 μύ-

256 2348 350 2405 λιστα
372 2336 552 2424 βούλουται
573 2343 744 2419 σπανίζειν
761 2335 864 2424 ὑμᾶς,
887 2336 1032 2425 δρῶντες
1048 2338 1128 2417 τοῦς
1147 2342 1210 2424 μὲν

256 2440 292 2505 ἐκ
309 2442 377 2504 τῶν
397 2440 492 2503 ίδίοιν
507 2440 717 2522 δυναμένους
731 2434 772 2503 τῶ
789 2434 922 2523 σφέτερ’
940 2436 1052 2505 αὐτῶν
1069 2442 1209 2506 διοικεῖν

191 2552 239 2604 130
255 2544 312 2625 τῆς
326 2536 455 2614 πόλεως
466 2534 565 2616 ὄντας
574 2542 630 2606 καὶ
639 2544 708 2605 τῶν
719 2537 761 2606 τῶ
771 2542 923 2625 βέλτιστα
934 2540 1114 2626 λεγόντων,
1128 2536 1209 2616 τοῦς

256 2635 289 2705 δ’
305 2633 370 2703 ἀπὸ
390 2642 459 2703 τῶν
479 2640 702 2724 δικαστηρίων
723 2644 846 2719 ζῶντας
861 2640 916 2706 καὶ
936 2645 1004 2706 τῶν
1023 2642 1210 2724 ἐκκλησιῶν
1226 2669 1243 2704 e

256 2738 311 2804 καὶ
327 2742 395 2804 τῶν
415 2739 575 2805 ἐντεῦθεν
592 2738 773 2824 λημμάτων
793 2735 856 2823 ὑφ’
872 2735 985 2816 αὑτοῖς
1002 2736 1057 2805 δια
1072 2737 1135 2824 τὴν
1151 2742 1208 2804 ἒν-
1243 2822 1248 2828 ι

257 2840 351 2900 δειαν
360 2830 633 2919 ἠναγκασμένους
644 2833 747 2919 εἶναι,
759 2839 815 2904 καὶ
825 2832 954 2922 πολλὴν
963 2833 1062 2921 χάριν
1074 2841 1209 2921 ἔχοντος

255 2944 326 3009 ταῖς
333 2938 550 3017 είσαγγελίαις
557 2937 611 3001 καλ
620 2948 841 3020 ταῖςγραφαῖς
848 2937 980 3012 καὶτοῖς
987 2931 1102 3011 ἄλλαις
1109 2954 1194 3000 συκο

191 3042 235 3093 131
256 3036 410 3113 φαντίαις
421 3045 492 3110 ταῖς
502 3030 548 3099 δι’
558 3030 670 3100 αὑτῶν
680 3040 902 3120 γιγνομέναις.
924 3026 1037 3101 ἑνοῦν
1046 3047 1117 3111 ταῖς
1127 3030 1207 3100 ύπο·

247 3146 351 3227 ρίαις,
378 3141 415 3207 έν
433 3132 487 3217 αἷς
505 3137 794 3223 δυναστεύουσιν,
819 3139 856 3205 έν
879 3134 1017 3215 ταύταις
1041 3133 1149 3222 ἥδιστ’
1169 3131 1214 3205 ῶν

248 3248 353 3311 ίδοιεν
377 3236 527 3319 ἅπαντας
551 3236 651 3317 ὄντας
674 3239 757 3317 τοῦς
780 3246 931 3317 πολίτας.
971 3238 1151 3324 τεκμήριον
1174 3237 1214 3304 δὲ

246 3345 420 3430 μέγιστον·
435 3337 477 3409 ού
492 3338 558 3428 γὰρ
571 3342 671 3409 τοῦτο
687 3344 884 3425 σκοποῦσιν,
899 3341 933 3419 ἐξ
947 3328 989 3407 οῦ
1002 3336 1131 3424 τρόπου
1140 3351 1212 3416 τοῖς

248 3445 419 3530 δεομένοις
436 3447 515 3530 βίον
534 3442 760 3529 ἐκποριοῦσιν,
779 3436 854 3508 ἀλλ’
871 3438 962 3520 ὅπως
978 3438 1059 3519 τοῦς
1078 3444 1165 3524 ἔχειν
1182 3466 1213 3507 τι
1232 3449 1249 3497 δ

250 3548 435 3622 δοκοῦντας
451 3559 523 3622 τοῖς
541 3541 680 3627 ἀπόροις
695 3539 921 3623 έξισῶσουσιυ.
953 3537 1049 3629 (μβ.)
1073 3548 1133 3619 Τίς
1147 3531 1212 3607 ούν
