2859 4334
290 382 350 447 194
575 386 656 446 1Σο
665 387 755 444 KPA
765 387 821 445 To
831 388 892 444 ΤΣ
916 391 978 458 (17)

288 554 402 629 ζεσθαι
418 548 561 630 καὶπερὶ
577 552 633 631 τῆς
649 546 936 631 παρακαταθήκης
953 549 1097 632 καὶπερὶ
1113 541 1164 615 ὦν
1180 547 1244 617 οὖ-

246 656 276 708 14
289 672 345 726 τος
358 646 445 733 ἡμᾶς
460 641 627 735 ᾐτιάσατο.
649 652 787 712 Πασίων
805 642 837 711 δ’
855 651 901 723 είς
915 653 1013 713 τοῦτο
1027 648 1150 734 τόλμης
1161 648 1244 735 άφί-

289 741 366 813 κεθ’
384 742 463 810 ὥστ’
482 741 635 833 άφηρείτ’
654 739 761 809 αὐτόν
787 738 832 819 ὡς
857 743 1042 827 ἐλεύθερον
1061 746 1160 829 ὄντα,
1188 748 1243 815 καί

290 840 353 910 οὐκ
367 840 521 932 η’σχόνετ’
545 839 620 909 οὐδ’
644 844 818 925 ἐδεδοίκει,
845 836 886 906 δν
904 847 1051 926 ἔφασκεν
1065 840 1129 929 ὑφ’
1147 842 1244 929 ἡμῶν

290 939 559 1027 ἠνδραποδίσθαι
582 941 637 1009 καί
655 935 739 1024 παρ’
755 931 798 1006 οὖ
818 947 962 1007 τοσαῦτα
982 940 1128 1027 χρήμαθ’
1157 940 1244 1027 ἡμᾶς

290 1046 387 1124 ἔχειν,
400 1046 520 1105 τοῦτον
532 1039 766 1122 ἐξαιρούμενος
775 1042 821 1115 είς
832 1039 1030 1120 ἐλευθερίαν
1036 1042 1090 1104 καὶ
1098 1041 1244 1107 κωλύων

288 1141 534 1227 βασανιῖεσθαι.
559 1134 628 1204 δ’δὲ
643 1136 781 1203 πάντων
796 1136 1004 1204 δεινότατον·
1028 1145 1269 1223 κατεγγυῶν-ιι
1339 1219 1340 1224 ¹

289 1261 344 1315 τος
358 1232 423 1321 γάρ
438 1236 633 1314 Μενεξένου
648 1230 734 1317 πρὸς
747 1231 807 1299 τόν
822 1236 1034 1321 πολέμαρχον
1052 1233 1112 1303 τόν
1127 1242 1242 1320 παῖδα,

289 1340 426 1401 Πασίων
442 1329 546 1399 αὐτόν
563 1331 642 1399 ἑπτά
664 1332 839 1400 ταλάντων
859 1333 1092 1420 διηγγυήσατο.
1115 1342 1176 1401 καί
1187 1360 1242 1420 μοι

289 1432 419 1502 τούτων
433 1429 578 1517 άνάβητε
594 1431 770 1517 μάρτυρες.

642 1536 892 1597 ΜΑΡΊῪΡΕΣ.

246 1645 276 1697 15
377 1627 452 1714 (θ’.)
475 1629 614 1695 Τούτων
627 1635 746 1695 τοίνυν
760 1625 850 1716 αὐτῷ
868 1632 1124 1716 πεπραγμένων,
1142 1624 1240 1699 άάν-

292 1732 368 1811 δρες
382 1730 543 1812 δικασταὶ,
558 1725 747 1814 ηγοάμενος
760 1730 835 1809 περὶ
849 1728 912 1812 μὲν
925 1734 993 1793 τῶν
1004 1729 1244 1814 παρεληλυθό-

291 1855 359 1897 των
377 1837 531 1916 φανερῶς
551 1827 794 1916 ἡμαρτηκέναι,
820 1829 973 1916 οίόμενος
988 1828 1021 1897 δ’
1036 1832 1073 1897 έκ
1087 1838 1157 1897 των
1170 1841 1242 1900 λοι·

292 1936 366 1995 πῶν
402 1929 723 2012 ἐπανορθώσεσθαι,
759 1934 953 2014 προσῆλθεν
984 1925 1065 2014 ἡμῖν
1100 1932 1243 2014 φάσκων

291 2030 420 2111 ἕτοιμος
435 2025 519 2095 είναι
537 2032 747 2110 παραδοῦναι
762 2031 953 2113 βασανίζειν
962 2023 1022 2092 τὸν
1035 2032 1147 2095 παῖδα.
1165 2028 1268 2097 ἐλά-δ

290 2150 385 2210 μενοι
401 2123 437 2193 δὲ
450 2124 652 2213 βασανιστάς
666 2124 903 2212 άπηντήσαμεν
915 2131 960 2204 είς
971 2124 1007 2192 τὸ
1016 2124 1240 2212 Ἡφαιστεῖον.

291 2222 382 2311 κάγά
398 2226 460 2313 μὲν
482 2223 598 2311 ἠξίουν
616 2224 741 2303 αὐτοὺς
762 2232 948 2311 μαστιγοῦν
973 2226 1033 2293 τὸν
1058 2230 1242 2296 ἐκδοθέντα

291 2328 345 2391 καὶ
380 2330 587 2414 στρεβλοῦν,
612 2328 674 2405 ἕως
696 2323 827 2412 τάληθῆ
853 2323 979 2403 δόξειεν
991 2321 1103 2402 αὐτοῖς
1114 2329 1241 2411 λέγειν·

292 2428 428 2489 Πασίων
444 2422 474 2488 δ’
500 2422 613 2491 οὑτοσί
639 2420 680 2491 οὐ
706 2429 928 2509 δημοκοίνους
949 2428 1096 2506 ἔφασκεν
1116 2422 1243 2503 αὐτοὺς

290 2523 441 2605 ἑλέσθαι,
465 2519 539 2591 ἀλλ’
557 2523 686 2591 ἐκέλευε
709 2524 798 2612 λόγῳ
817 2523 1059 2593 πυνθάνεσθαι
1074 2522 1164 2610 παρά
1179 2531 1243 2591 τοῦ

249 2628 277 2680 16
292 2615 427 2703 παιδός,
453 2630 486 2687 εί
495 2648 526 2688 τι
541 2622 729 2707 βούλοιντο.
760 2623 1015 2708 διαφερομένων
1037 2621 1069 2689 δ’
1090 2619 1188 2709 ἡμῶν
1212 2626 1246 2690 οί

291 2720 489 2805 βασανισταὶ
502 2717 597 2788 αὐτοὶ
612 2723 674 2806 μὲν
692 2717 756 2787 οὐκ
777 2726 908 2806 ἔφασαν
924 2728 1116 2809 βασανιεῖν,
1134 2728 1244 2807 ἔγνω-

291 2837 355 2884 σαν
369 2817 406 2885 δὲ
421 2825 575 2887 Πασίων’
603 2823 674 2907 ἐμοὶ
693 2825 903 2904 παραδοῦναι
924 2818 986 2887 τόν
1006 2824 1116 2888 παῖδα.
1141 2812 1242 2897 οὗτος

292 2911 324 2980 δ’
338 2914 427 2983 οὕτω
444 2918 570 3002 σφόδρ’
594 2924 716 3004 ἔφευγε
732 2916 794 3004 τὴν
809 2919 972 3003 βάσανον,
989 2916 1073 2986 ὥστε
1087 2921 1163 3005 περὶ
1176 2917 1269 3004 μδνο

291 3019 349 3099 τῆς
364 3016 581 3100 παραδόσεως
600 3014 661 3083 οὐκ
680 3007 803 3099 ἤθελεν
818 3013 931 3094 αὐτοῖς
944 3023 1139 3101 πείθεσθαι,
1153 3013 1191 3082 τό
1205 3012 1241 3081 δ’

291 3109 456 3198 ἀργύριον
471 3115 601 3200 ἕτοιμος
617 3108 662 3200 ἦν
676 3111 859 3200 άποτίνειν,
876 3122 906 3183 εί
915 3130 1113 3201 καταγνοῖεν
1124 3110 1240 3181 αὐτοῦ.

291 3218 351 3281 καί
361 3239 417 3298 μοι
432 3214 526 3283 κάλει
544 3215 673 3283 τούτων
688 3215 868 3300 μάρτυρας.
1257 3223 1302 3277 36²

632 3321 883 3383 ΜΑΡΤΓΡΕΣ.

248 3416 277 3471 ¹⁷
376 3411 438 3497 (τ’.)
456 3410 586 3501 Ἐπειδὴ
607 3421 726 3483 τοίνυν
746 3415 866 3481 ἐκτῶν
889 3414 1055 3495 συνόδων,
1073 3406 1101 3480 ω’
1119 3410 1240 3496 ἄνδρες

291 3512 459 3596 δικασταὶ,
480 3512 603 3589 πάντες
623 3510 730 3579 αὐτοῦ
751 3516 1018 3596 κατεγίγνωσκον
1036 3509 1165 3577 άδικεῑν
1184 3512 1239 3577 καί

293 3604 386 3672 δεινά
402 3622 520 3685 ποιεῖν,
535 3607 625 3688 ὅστις
639 3611 699 3676 τόν
720 3615 839 3694 παῖδα,
855 3606 896 3675 ὃν
910 3614 1060 3694 ἔφασκον
1074 3606 1137 3692 έγά
1155 3630 1228 3676 συν
