<?xml version="1.0" encoding="UTF-8"?>
<!DOCTYPE html PUBLIC "-//W3C//DTD XHTML 1.0 Transitional//EN"
    "http://www.w3.org/TR/xhtml1/DTD/xhtml1-transitional.dtd">
<html xmlns="http://www.w3.org/1999/xhtml" xml:lang="en" lang="en">
 <head>
  <title>
</title>
<meta http-equiv="Content-Type" content="text/html;charset=utf-8" />
  <meta name='ocr-system' content='tesseract 3.04.00' />
  <meta name='ocr-capabilities' content='ocr_page ocr_carea ocr_par ocr_line ocrx_word'/>
</head>
<body>
  <div class='ocr_page' id='page_1' title='image "./orationes00isgoog_0167.png"; bbox 0 0 2859 4334; ppageno 0'>
   <div class='ocr_carea' id='block_1_1' title="bbox 509 405 1120 470">
    <p class='ocr_par' dir='ltr' id='par_1_1' title="bbox 509 405 1120 470">
     <span class='ocr_line' id='line_1_1' title="bbox 509 405 1120 470; baseline 0.007 -4"><span class='ocrx_word' id='word_1_1' title='bbox 509 407 779 468; x_wconf 83' lang='grc' dir='ltr'><strong><em>ΦΙΛΙΠΠΟΣ.</em></strong></span> <span class='ocrx_word' id='word_1_2' title='bbox 1079 405 1120 470; x_wconf 76' lang='grc'><strong><em>93</em></strong></span> 
     </span>
    </p>
   </div>
   <div class='ocr_carea' id='block_1_2' title="bbox 122 567 1167 2535">
    <p class='ocr_par' dir='ltr' id='par_1_2' title="bbox 170 567 1121 655">
     <span class='ocr_line' id='line_1_2' title="bbox 170 567 1121 655; baseline -0.005 -15"><span class='ocrx_word' id='word_1_3' title='bbox 170 571 249 640; x_wconf 76' lang='grc' dir='ltr'><strong><em>πολὺ</em></strong></span> <span class='ocrx_word' id='word_1_4' title='bbox 260 577 462 647; x_wconf 76' lang='grc' dir='ltr'><strong><em>διευεῦσθαι</em></strong></span> <span class='ocrx_word' id='word_1_5' title='bbox 473 579 604 654; x_wconf 88' lang='grc' dir='ltr'><strong><em>νομιεῖν</em></strong></span> <span class='ocrx_word' id='word_1_6' title='bbox 616 574 674 654; x_wconf 82' lang='grc' dir='ltr'><strong><em>τῆς</em></strong></span> <span class='ocrx_word' id='word_1_7' title='bbox 688 593 725 636; x_wconf 89' lang='grc' dir='ltr'><strong><em>τε</em></strong></span> <span class='ocrx_word' id='word_1_8' title='bbox 739 574 809 636; x_wconf 76' lang='grc' dir='ltr'><strong><em>τόν</em></strong></span> <span class='ocrx_word' id='word_1_9' title='bbox 822 567 935 655; x_wconf 88' lang='grc' dir='ltr'><strong><em>λόγων</em></strong></span> <span class='ocrx_word' id='word_1_10' title='bbox 945 569 1121 655; x_wconf 86' lang='grc' dir='ltr'><strong><em>δυνάμεως</em></strong></span> 
     </span>
    </p>

    <p class='ocr_par' dir='ltr' id='par_1_3' title="bbox 133 665 1147 1452">
     <span class='ocr_line' id='line_1_3' title="bbox 133 665 1120 756; baseline -0.003 -18"><span class='ocrx_word' id='word_1_11' title='bbox 133 687 159 738; x_wconf 73' lang='lat' dir='ltr'>fl</span> <span class='ocrx_word' id='word_1_12' title='bbox 170 674 219 740; x_wconf 73' lang='grc' dir='ltr'><strong><em>καί</em></strong></span> <span class='ocrx_word' id='word_1_13' title='bbox 237 676 297 756; x_wconf 83' lang='grc' dir='ltr'><strong><em>τῆς</em></strong></span> <span class='ocrx_word' id='word_1_14' title='bbox 314 665 422 737; x_wconf 76' lang='grc' dir='ltr'><strong><em>αὑτοῦ</em></strong></span> <span class='ocrx_word' id='word_1_15' title='bbox 443 671 634 746; x_wconf 58' lang='grc' dir='ltr'><strong><em>διανοίαςέι</em></strong></span> <span class='ocrx_word' id='word_1_16' title='bbox 660 666 756 734; x_wconf 83' lang='grc' dir='ltr'><strong><em>ταῦτ’</em></strong></span> <span class='ocrx_word' id='word_1_17' title='bbox 772 665 920 749; x_wconf 80' lang='grc' dir='ltr'><strong><em>ἀκούσας</em></strong></span> <span class='ocrx_word' id='word_1_18' title='bbox 940 667 984 749; x_wconf 77' lang='grc' dir='ltr'><strong><em>ὥς</em></strong></span> <span class='ocrx_word' id='word_1_19' title='bbox 1005 666 1068 756; x_wconf 69' lang='grc' dir='ltr'><strong><em>μὲν</em></strong></span> <span class='ocrx_word' id='word_1_20' title='bbox 1082 665 1120 736; x_wconf 86' lang='grc' dir='ltr'><strong><em>τὸ</em></strong></span> 
     </span>
     <span class='ocr_line' id='line_1_4' title="bbox 168 761 1122 856; baseline -0.005 -18"><span class='ocrx_word' id='word_1_21' title='bbox 168 776 297 854; x_wconf 78' lang='grc' dir='ltr'><strong><em>πρῶτον</em></strong></span> <span class='ocrx_word' id='word_1_22' title='bbox 311 767 507 854; x_wconf 74' lang='grc' dir='ltr'><strong><em>ἐξεπλάγην,</em></strong></span> <span class='ocrx_word' id='word_1_23' title='bbox 529 769 584 835; x_wconf 71' lang='lat' dir='ltr'><strong><em>ml</em></strong></span> <span class='ocrx_word' id='word_1_24' title='bbox 599 764 702 834; x_wconf 85' lang='grc' dir='ltr'><strong><em>πάλιν</em></strong></span> <span class='ocrx_word' id='word_1_25' title='bbox 720 763 765 846; x_wconf 77' lang='grc' dir='ltr'><strong><em>ὥς</em></strong></span> <span class='ocrx_word' id='word_1_26' title='bbox 780 764 961 856; x_wconf 70' lang='grc' dir='ltr'><strong><em>ἀναλαβὼν</em></strong></span> <span class='ocrx_word' id='word_1_27' title='bbox 976 761 1122 853; x_wconf 75' lang='grc' dir='ltr'><strong><em>ἐμαυτόν</em></strong></span> 
     </span>
     <span class='ocr_line' id='line_1_5' title="bbox 168 861 1121 954; baseline -0.002 -18"><span class='ocrx_word' id='word_1_28' title='bbox 168 867 321 936; x_wconf 85' lang='grc' dir='ltr'><strong><em>ἀντεῖπον</em></strong></span> <span class='ocrx_word' id='word_1_29' title='bbox 331 864 416 953; x_wconf 84' lang='grc' dir='ltr'><strong><em>πρός</em></strong></span> <span class='ocrx_word' id='word_1_30' title='bbox 426 869 569 935; x_wconf 82' lang='grc' dir='ltr'><strong><em>ἕκαστον</em></strong></span> <span class='ocrx_word' id='word_1_31' title='bbox 578 872 648 934; x_wconf 74' lang='grc' dir='ltr'><strong><em>τοῖν</em></strong></span> <span class='ocrx_word' id='word_1_32' title='bbox 657 869 846 954; x_wconf 80' lang='grc' dir='ltr'><strong><em>ήηθέντων,</em></strong></span> <span class='ocrx_word' id='word_1_33' title='bbox 858 873 1064 954; x_wconf 68' lang='grc' dir='ltr'><strong><em>παραλείψω,</em></strong></span> <span class='ocrx_word' id='word_1_34' title='bbox 1076 861 1121 952; x_wconf 82' lang='grc' dir='ltr'><strong><em>μή</em></strong></span> 
     </span>
     <span class='ocr_line' id='line_1_6' title="bbox 167 962 1103 1052; baseline -0.007 -13"><span class='ocrx_word' id='word_1_35' title='bbox 167 974 217 1039; x_wconf 79' lang='grc' dir='ltr'><strong><em>καί</em></strong></span> <span class='ocrx_word' id='word_1_36' title='bbox 230 968 319 1048; x_wconf 83' lang='grc' dir='ltr'><strong><em>δόξω</em></strong></span> <span class='ocrx_word' id='word_1_37' title='bbox 331 970 398 1035; x_wconf 82' lang='grc' dir='ltr'><strong><em>τισῖ</em></strong></span> <span class='ocrx_word' id='word_1_38' title='bbox 411 972 489 1035; x_wconf 84' lang='grc' dir='ltr'><strong><em>λίαν</em></strong></span> <span class='ocrx_word' id='word_1_39' title='bbox 502 963 650 1052; x_wconf 81' lang='grc' dir='ltr'><strong><em>ἀγαπᾶν,</em></strong></span> <span class='ocrx_word' id='word_1_40' title='bbox 666 972 696 1035; x_wconf 89' lang='grc' dir='ltr'><strong><em>εί</em></strong></span> <span class='ocrx_word' id='word_1_41' title='bbox 707 970 888 1052; x_wconf 78' lang='grc' dir='ltr'><strong><em>χαριέντως</em></strong></span> <span class='ocrx_word' id='word_1_42' title='bbox 899 964 1024 1046; x_wconf 82' lang='grc' dir='ltr'><strong><em>αάτοάς</em></strong></span> <span class='ocrx_word' id='word_1_43' title='bbox 1034 962 1103 1052; x_wconf 91' lang='grc' dir='ltr'><strong><em>ήμυ</em></strong></span> 
     </span>
     <span class='ocr_line' id='line_1_7' title="bbox 166 1061 1147 1157; baseline 0.002 -19"><span class='ocrx_word' id='word_1_44' title='bbox 166 1069 290 1157; x_wconf 82' lang='grc' dir='ltr'><strong><em>νόμην·</em></strong></span> <span class='ocrx_word' id='word_1_45' title='bbox 304 1069 457 1155; x_wconf 77' lang='grc' dir='ltr'><strong><em>λυπήσας</em></strong></span> <span class='ocrx_word' id='word_1_46' title='bbox 468 1065 501 1137; x_wconf 92' lang='grc' dir='ltr'><strong><em>δ’</em></strong></span> <span class='ocrx_word' id='word_1_47' title='bbox 514 1061 579 1136; x_wconf 78' lang='grc' dir='ltr'><strong><em>οὖν</em></strong></span> <span class='ocrx_word' id='word_1_48' title='bbox 590 1073 741 1155; x_wconf 89' lang='grc' dir='ltr'><strong><em>μετρίως,</em></strong></span> <span class='ocrx_word' id='word_1_49' title='bbox 755 1065 800 1148; x_wconf 83' lang='grc' dir='ltr'><strong><em>ἀς</em></strong></span> <span class='ocrx_word' id='word_1_50' title='bbox 812 1065 957 1155; x_wconf 79' lang='grc' dir='ltr'><strong><em>ἐμαυτόν</em></strong></span> <span class='ocrx_word' id='word_1_51' title='bbox 968 1073 1119 1152; x_wconf 79' lang='grc' dir='ltr'><strong><em>ἔπειθον,</em></strong></span> <span class='ocrx_word' id='word_1_52' title='bbox 1131 1099 1147 1140; x_wconf 84' lang='grc' dir='ltr'><strong><em>ε</em></strong></span> 
     </span>
     <span class='ocr_line' id='line_1_8' title="bbox 165 1163 1123 1254; baseline -0.004 -18"><span class='ocrx_word' id='word_1_53' title='bbox 165 1165 241 1248; x_wconf 75' lang='grc' dir='ltr'><strong><em>τούς</em></strong></span> <span class='ocrx_word' id='word_1_54' title='bbox 251 1169 429 1252; x_wconf 85' lang='grc' dir='ltr'><strong><em>έπιπλήξαί</em></strong></span> <span class='ocrx_word' id='word_1_55' title='bbox 435 1193 492 1253; x_wconf 94' lang='grc' dir='ltr'><strong><em>μοι</em></strong></span> <span class='ocrx_word' id='word_1_56' title='bbox 501 1167 741 1254; x_wconf 91' lang='grc' dir='ltr'><strong><em>τολμήσαντας,</em></strong></span> <span class='ocrx_word' id='word_1_57' title='bbox 753 1174 918 1235; x_wconf 75' lang='grc' dir='ltr'><strong><em>τελευτῶν</em></strong></span> <span class='ocrx_word' id='word_1_58' title='bbox 929 1163 1123 1253; x_wconf 81' lang='grc' dir='ltr'><strong><em>ὑπεσχόμην</em></strong></span> 
     </span>
     <span class='ocr_line' id='line_1_9' title="bbox 164 1262 1122 1354; baseline -0.001 -21"><span class='ocrx_word' id='word_1_59' title='bbox 164 1266 277 1352; x_wconf 86' lang='grc' dir='ltr'><strong><em>μόνοις</em></strong></span> <span class='ocrx_word' id='word_1_60' title='bbox 292 1262 406 1344; x_wconf 83' lang='grc' dir='ltr'><strong><em>αάτοῖς</em></strong></span> <span class='ocrx_word' id='word_1_61' title='bbox 427 1262 488 1332; x_wconf 91' lang='grc' dir='ltr'><strong><em>τόν</em></strong></span> <span class='ocrx_word' id='word_1_62' title='bbox 504 1266 608 1353; x_wconf 90' lang='grc' dir='ltr'><strong><em>λόγον</em></strong></span> <span class='ocrx_word' id='word_1_63' title='bbox 625 1273 693 1332; x_wconf 77' lang='grc' dir='ltr'><strong><em>τῶν</em></strong></span> <span class='ocrx_word' id='word_1_64' title='bbox 707 1268 745 1334; x_wconf 81' lang='grc' dir='ltr'><strong><em>ἐν</em></strong></span> <span class='ocrx_word' id='word_1_65' title='bbox 759 1272 799 1354; x_wconf 79' lang='grc' dir='ltr'><strong><em>τῇ</em></strong></span> <span class='ocrx_word' id='word_1_66' title='bbox 813 1264 910 1333; x_wconf 90' lang='grc' dir='ltr'><strong><em>πόλει</em></strong></span> <span class='ocrx_word' id='word_1_67' title='bbox 927 1270 1048 1344; x_wconf 77' lang='grc' dir='ltr'><strong><em>δείξειν</em></strong></span> <span class='ocrx_word' id='word_1_68' title='bbox 1067 1265 1122 1332; x_wconf 80' lang='grc' dir='ltr'><strong><em>καί</em></strong></span> 
     </span>
     <span class='ocr_line' id='line_1_10' title="bbox 163 1357 1123 1452; baseline -0.003 -19"><span class='ocrx_word' id='word_1_69' title='bbox 163 1364 314 1452; x_wconf 79' lang='grc' dir='ltr'><strong><em>ποιήσειν</em></strong></span> <span class='ocrx_word' id='word_1_70' title='bbox 324 1361 427 1431; x_wconf 71' lang='grc' dir='ltr'><strong><em>οὐδέν</em></strong></span> <span class='ocrx_word' id='word_1_71' title='bbox 438 1362 520 1432; x_wconf 82' lang='grc' dir='ltr'><strong><em>ἀλλο</em></strong></span> <span class='ocrx_word' id='word_1_72' title='bbox 533 1368 609 1450; x_wconf 71' lang='grc' dir='ltr'><strong><em>περὶ</em></strong></span> <span class='ocrx_word' id='word_1_73' title='bbox 619 1362 738 1446; x_wconf 77' lang='grc' dir='ltr'><strong><em>αὐτοῦ,</em></strong></span> <span class='ocrx_word' id='word_1_74' title='bbox 754 1361 844 1450; x_wconf 83' lang='grc' dir='ltr'><strong><em>πλήν</em></strong></span> <span class='ocrx_word' id='word_1_75' title='bbox 855 1361 875 1430; x_wconf 86' lang='grc' dir='ltr'><strong><em>ό</em></strong></span> <span class='ocrx_word' id='word_1_76' title='bbox 885 1388 916 1430; x_wconf 91' lang='grc' dir='ltr'><strong><em>τι</em></strong></span> <span class='ocrx_word' id='word_1_77' title='bbox 927 1357 972 1429; x_wconf 86' lang='grc' dir='ltr'><strong><em>ἀν</em></strong></span> <span class='ocrx_word' id='word_1_78' title='bbox 984 1364 1123 1442; x_wconf 80' lang='grc' dir='ltr'><strong><em>ἐκείνοις</em></strong></span> 
     </span>
    </p>

    <p class='ocr_par' dir='ltr' id='par_1_4' title="bbox 127 1458 1167 2441">
     <span class='ocr_line' id='line_1_11' title="bbox 127 1458 1167 1553; baseline 0.002 -25"><span class='ocrx_word' id='word_1_79' title='bbox 127 1472 154 1526; x_wconf 72' lang='lat'><strong><em>23</em></strong></span> <span class='ocrx_word' id='word_1_80' title='bbox 165 1466 249 1553; x_wconf 76' lang='grc' dir='ltr'><strong><em>δόξῃ.</em></strong></span> <span class='ocrx_word' id='word_1_81' title='bbox 269 1463 400 1532; x_wconf 79' lang='grc' dir='ltr'><strong><em>τούτων</em></strong></span> <span class='ocrx_word' id='word_1_82' title='bbox 410 1461 616 1544; x_wconf 80' lang='grc' dir='ltr'><strong><em>ἀκούσαντες</em></strong></span> <span class='ocrx_word' id='word_1_83' title='bbox 627 1462 796 1551; x_wconf 83' lang='grc' dir='ltr'><strong><em>ἀπῆλθον,</em></strong></span> <span class='ocrx_word' id='word_1_84' title='bbox 809 1459 872 1530; x_wconf 85' lang='grc' dir='ltr'><strong><em>οάιι</em></strong></span> <span class='ocrx_word' id='word_1_85' title='bbox 882 1458 945 1530; x_wconf 83' lang='grc' dir='ltr'><strong><em>οἶδ’</em></strong></span> <span class='ocrx_word' id='word_1_86' title='bbox 957 1460 1049 1541; x_wconf 82' lang='grc' dir='ltr'><strong><em>ὅπως</em></strong></span> <span class='ocrx_word' id='word_1_87' title='bbox 1058 1459 1121 1548; x_wconf 82' lang='grc' dir='ltr'><strong><em>τήν</em></strong></span> <span class='ocrx_word' id='word_1_88' title='bbox 1133 1485 1167 1541; x_wconf 73' lang='grc'><strong><em>87</em></strong></span> 
     </span>
     <span class='ocr_line' id='line_1_12' title="bbox 164 1556 1122 1649; baseline -0.003 -20"><span class='ocrx_word' id='word_1_89' title='bbox 164 1562 315 1629; x_wconf 87' lang='grc' dir='ltr'><strong><em>διάνοιαν</em></strong></span> <span class='ocrx_word' id='word_1_90' title='bbox 336 1567 475 1648; x_wconf 79' lang='grc' dir='ltr'><strong><em>ἔχοντες.</em></strong></span> <span class='ocrx_word' id='word_1_91' title='bbox 505 1559 595 1649; x_wconf 84' lang='grc' dir='ltr'><strong><em>πλήν</em></strong></span> <span class='ocrx_word' id='word_1_92' title='bbox 610 1559 651 1630; x_wconf 84' lang='grc' dir='ltr'><strong><em>οά</em></strong></span> <span class='ocrx_word' id='word_1_93' title='bbox 667 1569 806 1640; x_wconf 81' lang='grc' dir='ltr'><strong><em>πολλαῖς</em></strong></span> <span class='ocrx_word' id='word_1_94' title='bbox 824 1557 964 1647; x_wconf 86' lang='grc' dir='ltr'><strong><em>ἡμέραις</em></strong></span> <span class='ocrx_word' id='word_1_95' title='bbox 978 1556 1122 1645; x_wconf 76' lang='grc' dir='ltr'><strong><em>ὕστερον</em></strong></span> 
     </span>
     <span class='ocr_line' id='line_1_13' title="bbox 163 1657 1122 1748; baseline -0.002 -20"><span class='ocrx_word' id='word_1_96' title='bbox 163 1663 430 1740; x_wconf 78' lang='grc' dir='ltr'><strong><em>έπιτελεσθέντος</em></strong></span> <span class='ocrx_word' id='word_1_97' title='bbox 447 1662 631 1748; x_wconf 82' lang='grc' dir='ltr'><strong><em>τοῦλόγου</em></strong></span> <span class='ocrx_word' id='word_1_98' title='bbox 648 1664 704 1729; x_wconf 78' lang='grc' dir='ltr'><strong><em>καί</em></strong></span> <span class='ocrx_word' id='word_1_99' title='bbox 722 1663 914 1746; x_wconf 70' lang='grc' dir='ltr'><strong><em>δειχθέντος</em></strong></span> <span class='ocrx_word' id='word_1_100' title='bbox 930 1657 1045 1739; x_wconf 74' lang='grc' dir='ltr'><strong><em>αὐτοῖς</em></strong></span> <span class='ocrx_word' id='word_1_101' title='bbox 1064 1684 1122 1726; x_wconf 94' lang='grc' dir='ltr'><strong><em>το-</em></strong></span> 
     </span>
     <span class='ocr_line' id='line_1_14' title="bbox 162 1754 1121 1846; baseline 0 -22"><span class='ocrx_word' id='word_1_102' title='bbox 162 1764 283 1824; x_wconf 82' lang='grc' dir='ltr'><strong><em>σοῦτον</em></strong></span> <span class='ocrx_word' id='word_1_103' title='bbox 295 1759 490 1843; x_wconf 87' lang='grc' dir='ltr'><strong><em>μετέπεσον,</em></strong></span> <span class='ocrx_word' id='word_1_104' title='bbox 507 1754 587 1826; x_wconf 74' lang='grc' dir='ltr'><strong><em>ὥστ’</em></strong></span> <span class='ocrx_word' id='word_1_105' title='bbox 603 1754 790 1846; x_wconf 80' lang='grc' dir='ltr'><strong><em>ᾐσχύνοντο</em></strong></span> <span class='ocrx_word' id='word_1_106' title='bbox 806 1759 868 1844; x_wconf 70' lang='grc' dir='ltr'><strong><em>μὲν</em></strong></span> <span class='ocrx_word' id='word_1_107' title='bbox 883 1754 939 1844; x_wconf 76' lang='grc' dir='ltr'><strong><em>ἐφ’</em></strong></span> <span class='ocrx_word' id='word_1_108' title='bbox 952 1755 1002 1836; x_wconf 81' lang='grc' dir='ltr'><strong><em>οίς</em></strong></span> <span class='ocrx_word' id='word_1_109' title='bbox 1016 1757 1121 1843; x_wconf 84' lang='grc' dir='ltr'><strong><em>έθρα-</em></strong></span> 
     </span>
     <span class='ocr_line' id='line_1_15' title="bbox 161 1853 1119 1943; baseline 0.002 -22"><span class='ocrx_word' id='word_1_110' title='bbox 161 1854 318 1939; x_wconf 85' lang='grc' dir='ltr'><strong><em>σάναντο,</em></strong></span> <span class='ocrx_word' id='word_1_111' title='bbox 333 1858 490 1942; x_wconf 88' lang='grc' dir='ltr'><strong><em>μετέμελε</em></strong></span> <span class='ocrx_word' id='word_1_112' title='bbox 500 1853 534 1924; x_wconf 91' lang='grc' dir='ltr'><strong><em>δ’</em></strong></span> <span class='ocrx_word' id='word_1_113' title='bbox 546 1854 662 1936; x_wconf 75' lang='grc' dir='ltr'><strong><em>αὐτοῖς</em></strong></span> <span class='ocrx_word' id='word_1_114' title='bbox 672 1853 834 1922; x_wconf 88' lang='grc' dir='ltr'><strong><em>ἀπάντων</em></strong></span> <span class='ocrx_word' id='word_1_115' title='bbox 843 1862 912 1923; x_wconf 79' lang='grc' dir='ltr'><strong><em>τῶν</em></strong></span> <span class='ocrx_word' id='word_1_116' title='bbox 923 1859 1119 1943; x_wconf 78' lang='grc' dir='ltr'><strong><em>εἰρημένων,</em></strong></span> 
     </span>
     <span class='ocr_line' id='line_1_16' title="bbox 161 1944 1121 2042; baseline 0.002 -21"><span class='ocrx_word' id='word_1_117' title='bbox 161 1952 360 2040; x_wconf 87' lang='grc' dir='ltr'><strong><em>όμολόγουν</em></strong></span> <span class='ocrx_word' id='word_1_118' title='bbox 380 1957 417 2023; x_wconf 70' lang='grc' dir='ltr'><strong><em>δὲ</em></strong></span> <span class='ocrx_word' id='word_1_119' title='bbox 431 1954 577 2042; x_wconf 85' lang='grc' dir='ltr'><strong><em>μηδενός</em></strong></span> <span class='ocrx_word' id='word_1_120' title='bbox 595 1944 730 2025; x_wconf 75' lang='grc' dir='ltr'><strong><em>πώποτε</em></strong></span> <span class='ocrx_word' id='word_1_121' title='bbox 750 1960 914 2022; x_wconf 83' lang='grc' dir='ltr'><strong><em>τοσοῦτον</em></strong></span> <span class='ocrx_word' id='word_1_122' title='bbox 926 1955 1121 2042; x_wconf 90' lang='grc' dir='ltr'><strong><em>πράγματος</em></strong></span> 
     </span>
     <span class='ocr_line' id='line_1_17' title="bbox 159 2051 1121 2143; baseline 0.002 -22"><span class='ocrx_word' id='word_1_123' title='bbox 159 2058 364 2139; x_wconf 88' lang='grc' dir='ltr'><strong><em>διαμαρτεῖν,</em></strong></span> <span class='ocrx_word' id='word_1_124' title='bbox 385 2059 551 2124; x_wconf 79' lang='grc' dir='ltr'><strong><em>ἔσπευδον</em></strong></span> <span class='ocrx_word' id='word_1_125' title='bbox 569 2055 605 2124; x_wconf 72' lang='grc' dir='ltr'><strong><em>δὲ</em></strong></span> <span class='ocrx_word' id='word_1_126' title='bbox 620 2062 750 2143; x_wconf 84' lang='grc' dir='ltr'><strong><em>μάλλον</em></strong></span> <span class='ocrx_word' id='word_1_127' title='bbox 765 2051 836 2141; x_wconf 81' lang='grc' dir='ltr'><strong><em>ήγά</em></strong></span> <span class='ocrx_word' id='word_1_128' title='bbox 853 2060 1055 2140; x_wconf 82' lang='grc' dir='ltr'><strong><em>πεμφθῆναί</em></strong></span> <span class='ocrx_word' id='word_1_129' title='bbox 1067 2074 1121 2123; x_wconf 94' lang='grc' dir='ltr'><strong><em>σοι</em></strong></span> 
     </span>
     <span class='ocr_line' id='line_1_18' title="bbox 156 2148 1121 2241; baseline 0.003 -22"><span class='ocrx_word' id='word_1_130' title='bbox 156 2151 216 2220; x_wconf 85' lang='grc' dir='ltr'><strong><em>τόν</em></strong></span> <span class='ocrx_word' id='word_1_131' title='bbox 231 2153 339 2240; x_wconf 89' lang='grc' dir='ltr'><strong><em>λόγον</em></strong></span> <span class='ocrx_word' id='word_1_132' title='bbox 353 2161 486 2240; x_wconf 82' lang='grc' dir='ltr'><strong><em>τοῦτον,</em></strong></span> <span class='ocrx_word' id='word_1_133' title='bbox 508 2160 626 2241; x_wconf 73' lang='grc' dir='ltr'><strong><em>ἔλεγον</em></strong></span> <span class='ocrx_word' id='word_1_134' title='bbox 640 2151 672 2222; x_wconf 85' lang='grc' dir='ltr'><strong><em>δ’</em></strong></span> <span class='ocrx_word' id='word_1_135' title='bbox 690 2150 735 2232; x_wconf 80' lang='grc' dir='ltr'><strong><em>ὦς</em></strong></span> <span class='ocrx_word' id='word_1_136' title='bbox 752 2154 942 2232; x_wconf 74' lang='grc' dir='ltr'><strong><em>ἐλπίζουσιν</em></strong></span> <span class='ocrx_word' id='word_1_137' title='bbox 956 2148 998 2218; x_wconf 85' lang='grc' dir='ltr'><strong><em>οά</em></strong></span> <span class='ocrx_word' id='word_1_138' title='bbox 1012 2150 1121 2238; x_wconf 86' lang='grc' dir='ltr'><strong><em>μόνον</em></strong></span> 
     </span>
     <span class='ocr_line' id='line_1_19' title="bbox 156 2247 1150 2340; baseline -0.005 -22"><span class='ocrx_word' id='word_1_139' title='bbox 156 2253 192 2319; x_wconf 74' lang='grc' dir='ltr'><strong><em>σὲ</em></strong></span> <span class='ocrx_word' id='word_1_140' title='bbox 206 2255 264 2320; x_wconf 81' lang='grc' dir='ltr'><strong><em>καὶ</em></strong></span> <span class='ocrx_word' id='word_1_141' title='bbox 277 2250 341 2339; x_wconf 86' lang='grc' dir='ltr'><strong><em>τήν</em></strong></span> <span class='ocrx_word' id='word_1_142' title='bbox 353 2252 456 2322; x_wconf 90' lang='grc' dir='ltr'><strong><em>πόλιν</em></strong></span> <span class='ocrx_word' id='word_1_143' title='bbox 469 2256 556 2334; x_wconf 75' lang='grc' dir='ltr'><strong><em>ἕξειν</em></strong></span> <span class='ocrx_word' id='word_1_144' title='bbox 569 2278 627 2340; x_wconf 93' lang='grc' dir='ltr'><strong><em>μοι</em></strong></span> <span class='ocrx_word' id='word_1_145' title='bbox 640 2251 740 2339; x_wconf 81' lang='grc' dir='ltr'><strong><em>χάριν</em></strong></span> <span class='ocrx_word' id='word_1_146' title='bbox 754 2247 839 2336; x_wconf 72' lang='grc' dir='ltr'><strong><em>ὑπὲρ</em></strong></span> <span class='ocrx_word' id='word_1_147' title='bbox 851 2255 919 2318; x_wconf 74' lang='grc' dir='ltr'><strong><em>τῶν</em></strong></span> <span class='ocrx_word' id='word_1_148' title='bbox 930 2253 1115 2336; x_wconf 81' lang='grc' dir='ltr'><strong><em>είρημένων</em></strong></span> <span class='ocrx_word' id='word_1_149' title='bbox 1132 2258 1150 2313; x_wconf 85' lang='lat' dir='ltr'>b</span> 
     </span>
     <span class='ocr_line' id='line_1_20' title="bbox 157 2348 752 2441; baseline 0.003 -24"><span class='ocrx_word' id='word_1_150' title='bbox 157 2348 240 2420; x_wconf 82' lang='grc' dir='ltr'><strong><em>ἀλλά</em></strong></span> <span class='ocrx_word' id='word_1_151' title='bbox 257 2355 315 2420; x_wconf 76' lang='lat' dir='ltr'><strong><em>nal</em></strong></span> <span class='ocrx_word' id='word_1_152' title='bbox 329 2350 578 2441; x_wconf 75' lang='grc' dir='ltr'><strong><em>τοάςἜλληνας</em></strong></span> <span class='ocrx_word' id='word_1_153' title='bbox 593 2351 752 2430; x_wconf 76' lang='grc' dir='ltr'><strong><em>ἅπαντας.</em></strong></span> 
     </span>
    </p>

    <p class='ocr_par' dir='ltr' id='par_1_5' title="bbox 122 2444 1123 2535">
     <span class='ocr_line' id='line_1_21' title="bbox 122 2444 1123 2535; baseline -0.008 -13"><span class='ocrx_word' id='word_1_154' title='bbox 122 2468 146 2522; x_wconf 77' lang='grc' dir='ltr'><strong><em>ῖλ</em></strong></span> <span class='ocrx_word' id='word_1_155' title='bbox 242 2450 322 2535; x_wconf 85' lang='grc' dir='ltr'><strong><em>(θ’.)</em></strong></span> <span class='ocrx_word' id='word_1_156' title='bbox 346 2450 479 2518; x_wconf 81' lang='grc' dir='ltr'><strong><em>Τούτου</em></strong></span> <span class='ocrx_word' id='word_1_157' title='bbox 494 2448 526 2518; x_wconf 90' lang='grc' dir='ltr'><strong><em>δ’</em></strong></span> <span class='ocrx_word' id='word_1_158' title='bbox 542 2452 643 2520; x_wconf 78' lang='grc' dir='ltr'><strong><em>ἕνεκά</em></strong></span> <span class='ocrx_word' id='word_1_159' title='bbox 658 2469 712 2518; x_wconf 92' lang='grc' dir='ltr'><strong><em>σοι</em></strong></span> <span class='ocrx_word' id='word_1_160' title='bbox 726 2456 831 2517; x_wconf 79' lang='grc' dir='ltr'><strong><em>ταῦτα</em></strong></span> <span class='ocrx_word' id='word_1_161' title='bbox 845 2451 1000 2535; x_wconf 83' lang='grc' dir='ltr'><strong><em>διῆλθον,</em></strong></span> <span class='ocrx_word' id='word_1_162' title='bbox 1015 2444 1063 2514; x_wconf 78' lang='grc' dir='ltr'><strong><em>ἵν’</em></strong></span> <span class='ocrx_word' id='word_1_163' title='bbox 1079 2445 1123 2515; x_wconf 89' lang='grc' dir='ltr'><strong><em>ἀν</em></strong></span> 
     </span>
    </p>
   </div>
   <div class='ocr_carea' id='block_1_3' title="bbox 122 2643 1150 3724">
    <p class='ocr_par' dir='ltr' id='par_1_6' title="bbox 122 2643 1150 3724">
     <span class='ocr_line' id='line_1_22' title="bbox 157 2643 1122 2736; baseline -0.004 -18"><span class='ocrx_word' id='word_1_164' title='bbox 157 2647 309 2718; x_wconf 85' lang='grc' dir='ltr'><strong><em>δυνατόν</em></strong></span> <span class='ocrx_word' id='word_1_165' title='bbox 329 2643 351 2736; x_wconf 86' lang='grc' dir='ltr'><strong><em>ή</em></strong></span> <span class='ocrx_word' id='word_1_166' title='bbox 370 2646 416 2736; x_wconf 83' lang='grc' dir='ltr'><strong><em>μή</em></strong></span> <span class='ocrx_word' id='word_1_167' title='bbox 436 2647 569 2734; x_wconf 85' lang='grc' dir='ltr'><strong><em>πρέπον</em></strong></span> <span class='ocrx_word' id='word_1_168' title='bbox 587 2667 642 2716; x_wconf 93' lang='grc' dir='ltr'><strong><em>σοι</em></strong></span> <span class='ocrx_word' id='word_1_169' title='bbox 655 2647 832 2733; x_wconf 91' lang='grc' dir='ltr'><strong><em>πράττειν,</em></strong></span> <span class='ocrx_word' id='word_1_170' title='bbox 855 2643 903 2733; x_wconf 79' lang='grc' dir='ltr'><strong><em>μή</em></strong></span> <span class='ocrx_word' id='word_1_171' title='bbox 916 2645 1122 2730; x_wconf 83' lang='grc' dir='ltr'><strong><em>δυσχεράνας</em></strong></span> 
     </span>
     <span class='ocr_line' id='line_1_23' title="bbox 157 2744 1123 2836; baseline -0.004 -20"><span class='ocrx_word' id='word_1_172' title='bbox 157 2747 307 2836; x_wconf 75' lang='grc' dir='ltr'><strong><em>ἀποστῇς</em></strong></span> <span class='ocrx_word' id='word_1_173' title='bbox 319 2752 389 2815; x_wconf 77' lang='grc' dir='ltr'><strong><em>τόν</em></strong></span> <span class='ocrx_word' id='word_1_174' title='bbox 402 2753 541 2831; x_wconf 80' lang='grc' dir='ltr'><strong><em>λοιπῶν,</em></strong></span> <span class='ocrx_word' id='word_1_175' title='bbox 559 2750 643 2833; x_wconf 70' lang='grc' dir='ltr'><strong><em>μηδὲ</em></strong></span> <span class='ocrx_word' id='word_1_176' title='bbox 657 2747 773 2836; x_wconf 77' lang='grc' dir='ltr'><strong><em>πείθῃς</em></strong></span> <span class='ocrx_word' id='word_1_177' title='bbox 786 2744 911 2814; x_wconf 80' lang='grc' dir='ltr'><strong><em>ταύτόν</em></strong></span> <span class='ocrx_word' id='word_1_178' title='bbox 926 2758 995 2825; x_wconf 85' lang='grc' dir='ltr'><strong><em>τοῖς</em></strong></span> <span class='ocrx_word' id='word_1_179' title='bbox 1007 2747 1123 2832; x_wconf 85' lang='grc' dir='ltr'><strong><em>έπιτή-</em></strong></span> 
     </span>
     <span class='ocr_line' id='line_1_24' title="bbox 156 2841 1123 2936; baseline -0.002 -22"><span class='ocrx_word' id='word_1_180' title='bbox 156 2851 261 2924; x_wconf 87' lang='grc' dir='ltr'><strong><em>δείοις</em></strong></span> <span class='ocrx_word' id='word_1_181' title='bbox 271 2858 341 2924; x_wconf 83' lang='grc' dir='ltr'><strong><em>τοῖς</em></strong></span> <span class='ocrx_word' id='word_1_182' title='bbox 352 2847 443 2932; x_wconf 80' lang='grc' dir='ltr'><strong><em>ἐμοῖς</em></strong></span> <span class='ocrx_word' id='word_1_183' title='bbox 453 2842 710 2936; x_wconf 77' lang='grc' dir='ltr'><strong><em>ἀλλ’έπιμείνῃς</em></strong></span> <span class='ocrx_word' id='word_1_184' title='bbox 720 2843 953 2932; x_wconf 77' lang='grc' dir='ltr'><strong><em>ήσυχάζουσαν</em></strong></span> <span class='ocrx_word' id='word_1_185' title='bbox 963 2850 1049 2930; x_wconf 81' lang='grc' dir='ltr'><strong><em>ἔχων</em></strong></span> <span class='ocrx_word' id='word_1_186' title='bbox 1060 2841 1123 2931; x_wconf 80' lang='grc' dir='ltr'><strong><em>τήν</em></strong></span> 
     </span>
     <span class='ocr_line' id='line_1_25' title="bbox 156 2940 1122 3034; baseline 0 -22"><span class='ocrx_word' id='word_1_187' title='bbox 156 2945 333 3031; x_wconf 90' lang='grc' dir='ltr'><strong><em>διάνοιαν,</em></strong></span> <span class='ocrx_word' id='word_1_188' title='bbox 356 2946 420 3024; x_wconf 81' lang='grc' dir='ltr'><strong><em>ἕως</em></strong></span> <span class='ocrx_word' id='word_1_189' title='bbox 439 2940 484 3013; x_wconf 91' lang='grc' dir='ltr'><strong><em>ἀν</em></strong></span> <span class='ocrx_word' id='word_1_190' title='bbox 504 2942 560 3013; x_wconf 82' lang='grc' dir='ltr'><strong><em>διά</em></strong></span> <span class='ocrx_word' id='word_1_191' title='bbox 580 2947 697 3025; x_wconf 85' lang='grc' dir='ltr'><strong><em>τέλους</em></strong></span> <span class='ocrx_word' id='word_1_192' title='bbox 718 2943 865 3034; x_wconf 75' lang='grc' dir='ltr'><strong><em>ἀκούσῃς</em></strong></span> <span class='ocrx_word' id='word_1_193' title='bbox 879 2941 1040 3013; x_wconf 88' lang='grc' dir='ltr'><strong><em>ἀπάντων</em></strong></span> <span class='ocrx_word' id='word_1_194' title='bbox 1054 2950 1122 3012; x_wconf 73' lang='grc' dir='ltr'><strong><em>τόν</em></strong></span> 
     </span>
     <span class='ocr_line' id='line_1_26' title="bbox 155 3039 1118 3130; baseline -0.002 -18"><span class='ocrx_word' id='word_1_195' title='bbox 155 3047 361 3130; x_wconf 85' lang='grc' dir='ltr'><strong><em>λεγομένων.</em></strong></span> <span class='ocrx_word' id='word_1_196' title='bbox 393 3039 484 3130; x_wconf 77' lang='grc' dir='ltr'><strong><em>οἶμαι</em></strong></span> <span class='ocrx_word' id='word_1_197' title='bbox 500 3041 565 3130; x_wconf 78' lang='grc' dir='ltr'><strong><em>γάρ</em></strong></span> <span class='ocrx_word' id='word_1_198' title='bbox 582 3047 671 3130; x_wconf 77' lang='grc' dir='ltr'><strong><em>ἐρεῖν</em></strong></span> <span class='ocrx_word' id='word_1_199' title='bbox 685 3070 717 3111; x_wconf 90' lang='grc' dir='ltr'><strong><em>τι</em></strong></span> <span class='ocrx_word' id='word_1_200' title='bbox 732 3049 801 3110; x_wconf 80' lang='grc' dir='ltr'><strong><em>τῶν</em></strong></span> <span class='ocrx_word' id='word_1_201' title='bbox 818 3043 967 3112; x_wconf 83' lang='grc' dir='ltr'><strong><em>δεόντων</em></strong></span> <span class='ocrx_word' id='word_1_202' title='bbox 980 3045 1036 3110; x_wconf 78' lang='grc' dir='ltr'><strong><em>καὶ</em></strong></span> <span class='ocrx_word' id='word_1_203' title='bbox 1054 3049 1118 3110; x_wconf 76' lang='grc' dir='ltr'><strong><em>τῶν</em></strong></span> 
     </span>
     <span class='ocr_line' id='line_1_27' title="bbox 122 3140 1150 3229; baseline -0.004 -13"><span class='ocrx_word' id='word_1_204' title='bbox 122 3147 210 3216; x_wconf 70' lang='grc' dir='ltr'><strong><em>ασοὶ</em></strong></span> <span class='ocrx_word' id='word_1_205' title='bbox 227 3140 486 3229; x_wconf 87' lang='grc' dir='ltr'><strong><em>συμφερόντων.</em></strong></span> <span class='ocrx_word' id='word_1_206' title='bbox 525 3144 590 3229; x_wconf 87' lang='grc' dir='ltr'><strong><em>(ι’.)</em></strong></span> <span class='ocrx_word' id='word_1_207' title='bbox 612 3149 731 3211; x_wconf 86' lang='grc' dir='ltr'><strong><em>Καίτοι</em></strong></span> <span class='ocrx_word' id='word_1_208' title='bbox 747 3140 782 3229; x_wconf 84' lang='grc' dir='ltr'><strong><em>μ’</em></strong></span> <span class='ocrx_word' id='word_1_209' title='bbox 801 3140 843 3212; x_wconf 85' lang='grc' dir='ltr'><strong><em>οά</em></strong></span> <span class='ocrx_word' id='word_1_210' title='bbox 858 3146 1019 3229; x_wconf 81' lang='grc' dir='ltr'><strong><em>λέληθεν,</em></strong></span> <span class='ocrx_word' id='word_1_211' title='bbox 1038 3140 1150 3212; x_wconf 81' lang='grc' dir='ltr'><strong><em>όσονε</em></strong></span> 
     </span>
     <span class='ocr_line' id='line_1_28' title="bbox 155 3239 1123 3328; baseline 0 -19"><span class='ocrx_word' id='word_1_212' title='bbox 155 3246 362 3328; x_wconf 86' lang='grc' dir='ltr'><strong><em>διαφέρουσι</em></strong></span> <span class='ocrx_word' id='word_1_213' title='bbox 372 3247 441 3308; x_wconf 78' lang='grc' dir='ltr'><strong><em>τάν</em></strong></span> <span class='ocrx_word' id='word_1_214' title='bbox 449 3240 561 3328; x_wconf 90' lang='grc' dir='ltr'><strong><em>λόγων</em></strong></span> <span class='ocrx_word' id='word_1_215' title='bbox 572 3247 619 3320; x_wconf 83' lang='grc' dir='ltr'><strong><em>εἰς</em></strong></span> <span class='ocrx_word' id='word_1_216' title='bbox 629 3239 667 3309; x_wconf 84' lang='grc' dir='ltr'><strong><em>τό</em></strong></span> <span class='ocrx_word' id='word_1_217' title='bbox 679 3248 814 3310; x_wconf 79' lang='grc' dir='ltr'><strong><em>πείθειν</em></strong></span> <span class='ocrx_word' id='word_1_218' title='bbox 825 3247 859 3310; x_wconf 81' lang='grc' dir='ltr'><strong><em>οἱ</em></strong></span> <span class='ocrx_word' id='word_1_219' title='bbox 868 3241 1044 3327; x_wconf 81' lang='grc' dir='ltr'><strong><em>λεγόμενοι</em></strong></span> <span class='ocrx_word' id='word_1_220' title='bbox 1054 3266 1123 3309; x_wconf 89' lang='grc' dir='ltr'><strong><em>των</em></strong></span> 
     </span>
     <span class='ocr_line' id='line_1_29' title="bbox 156 3335 1123 3427; baseline 0.001 -21"><span class='ocrx_word' id='word_1_221' title='bbox 156 3338 521 3427; x_wconf 77' lang='grc' dir='ltr'><strong><em>ἀναγιγνωσκομένων,</em></strong></span> <span class='ocrx_word' id='word_1_222' title='bbox 537 3337 612 3409; x_wconf 75' lang='grc' dir='ltr'><strong><em>οὐδ’</em></strong></span> <span class='ocrx_word' id='word_1_223' title='bbox 626 3338 678 3409; x_wconf 87' lang='grc' dir='ltr'><strong><em>ότι</em></strong></span> <span class='ocrx_word' id='word_1_224' title='bbox 690 3339 813 3418; x_wconf 90' lang='grc' dir='ltr'><strong><em>πάντες</em></strong></span> <span class='ocrx_word' id='word_1_225' title='bbox 824 3337 1030 3424; x_wconf 79' lang='grc' dir='ltr'><strong><em>ὑπειλήφασι</em></strong></span> <span class='ocrx_word' id='word_1_226' title='bbox 1043 3335 1123 3420; x_wconf 80' lang='grc' dir='ltr'><strong><em>τοάς</em></strong></span> 
     </span>
     <span class='ocr_line' id='line_1_30' title="bbox 156 3437 1122 3527; baseline 0.002 -22"><span class='ocrx_word' id='word_1_227' title='bbox 156 3441 220 3524; x_wconf 80' lang='grc' dir='ltr'><strong><em>μὲν</em></strong></span> <span class='ocrx_word' id='word_1_228' title='bbox 242 3441 321 3523; x_wconf 74' lang='grc' dir='ltr'><strong><em>περὶ</em></strong></span> <span class='ocrx_word' id='word_1_229' title='bbox 341 3443 537 3508; x_wconf 86' lang='grc' dir='ltr'><strong><em>σπουδαίων</em></strong></span> <span class='ocrx_word' id='word_1_230' title='bbox 554 3441 763 3527; x_wconf 78' lang='grc' dir='ltr'><strong><em>πραγμάτων</em></strong></span> <span class='ocrx_word' id='word_1_231' title='bbox 783 3439 837 3507; x_wconf 78' lang='grc' dir='ltr'><strong><em>καὶ</em></strong></span> <span class='ocrx_word' id='word_1_232' title='bbox 853 3437 1122 3524; x_wconf 80' lang='grc' dir='ltr'><strong><em>κατεπειγόντων</em></strong></span> 
     </span>
     <span class='ocr_line' id='line_1_31' title="bbox 157 3533 1122 3624; baseline 0.003 -21"><span class='ocrx_word' id='word_1_233' title='bbox 157 3536 423 3622; x_wconf 81' lang='grc' dir='ltr'><strong><em>ῥητορεάεσθαι,</em></strong></span> <span class='ocrx_word' id='word_1_234' title='bbox 438 3535 518 3617; x_wconf 83' lang='grc' dir='ltr'><strong><em>τούς</em></strong></span> <span class='ocrx_word' id='word_1_235' title='bbox 532 3536 568 3605; x_wconf 71' lang='grc' dir='ltr'><strong><em>δέ</em></strong></span> <span class='ocrx_word' id='word_1_236' title='bbox 583 3534 668 3621; x_wconf 84' lang='grc' dir='ltr'><strong><em>πρός</em></strong></span> <span class='ocrx_word' id='word_1_237' title='bbox 683 3539 842 3617; x_wconf 79' lang='grc' dir='ltr'><strong><em>ἐπίδειξιν</em></strong></span> <span class='ocrx_word' id='word_1_238' title='bbox 856 3538 912 3603; x_wconf 78' lang='grc' dir='ltr'><strong><em>καὶ</em></strong></span> <span class='ocrx_word' id='word_1_239' title='bbox 926 3533 1011 3620; x_wconf 85' lang='grc' dir='ltr'><strong><em>πρός</em></strong></span> <span class='ocrx_word' id='word_1_240' title='bbox 1025 3539 1122 3624; x_wconf 88' lang='grc' dir='ltr'><strong><em>έργο-</em></strong></span> 
     </span>
     <span class='ocr_line' id='line_1_32' title="bbox 122 3631 1121 3724; baseline 0.007 -25"><span class='ocrx_word' id='word_1_241' title='bbox 122 3649 145 3702; x_wconf 77' lang='grc' dir='ltr'><strong><em>ιο</em></strong></span> <span class='ocrx_word' id='word_1_242' title='bbox 158 3642 283 3723; x_wconf 81' lang='grc' dir='ltr'><strong><em>λαβίαν</em></strong></span> <span class='ocrx_word' id='word_1_243' title='bbox 297 3634 502 3724; x_wconf 87' lang='grc' dir='ltr'><strong><em>γεγράφθαι.</em></strong></span> <span class='ocrx_word' id='word_1_244' title='bbox 525 3640 580 3704; x_wconf 75' lang='grc' dir='ltr'><strong><em>ιιαὶ</em></strong></span> <span class='ocrx_word' id='word_1_245' title='bbox 591 3633 685 3704; x_wconf 87' lang='grc' dir='ltr'><strong><em>ταῦτ’</em></strong></span> <span class='ocrx_word' id='word_1_246' title='bbox 699 3631 764 3704; x_wconf 86' lang='grc' dir='ltr'><strong><em>οάιι</em></strong></span> <span class='ocrx_word' id='word_1_247' title='bbox 774 3632 905 3718; x_wconf 90' lang='grc' dir='ltr'><strong><em>ἀλόγως</em></strong></span> <span class='ocrx_word' id='word_1_248' title='bbox 917 3633 1121 3720; x_wconf 71' lang='grc' dir='ltr'><strong><em>ἐγνώκασιν·</em></strong></span> 
     </span>
    </p>
   </div>
   <div class='ocr_carea' id='block_1_4' title="bbox 0 0 1434 4334">
    <p class='ocr_par' dir='ltr' id='par_1_7' title="bbox 0 0 1434 4334">
     <span class='ocr_line' id='line_1_33' title="bbox 0 0 1434 4334; baseline 0 4"><span class='ocrx_word' id='word_1_249' title='bbox 0 0 1434 4334; x_wconf 95' lang='lat' dir='ltr'><strong><em> </em></strong></span> 
     </span>
    </p>
   </div>
  </div>
 </body>
</html>
