2859 4334
485 409 751 468 ΕΠΙΣΤΟΛΑ
761 410 786 467 1.
1055 406 1117 468 245

161 571 375 656 πανταχόθεν
386 570 638 655 προσαγάγηται
651 568 705 635 καὶ
711 571 916 654 συλλέξηται,
930 565 970 635 δι’
983 559 1033 636 όν
1043 565 1117 638 οίόν

163 669 194 738 τ’
210 674 299 740 ἐστὶν
313 668 455 757 ἀσκῆσαι
469 667 532 755 τὴν
546 664 653 735 αὑτοῦ
668 667 831 735 διάνοιαν.

126 785 147 835 5
244 767 416 856 Ἐπηρθην
439 770 502 854 μὲν
527 760 591 834 ούν
616 758 822 835 έπιστέλλειύ
847 789 900 835 σοι
923 765 977 835 διά
1002 773 1113 835 ταῦτα.

163 865 234 947 (δ.)
256 869 376 952 Λέγειν
391 867 426 934 δὲ
448 869 557 952 μέλλω
577 865 653 949 περὶ
667 863 822 950 μεγάλων
843 866 1048 952 πραγμάτων
1063 866 1117 933 καὶ

162 967 240 1049 περὶ
261 957 310 1032 όν
331 961 447 1033 οὐδενὶι
466 971 534 1031 τῶν
555 965 688 1044 ζύντων
708 961 850 1032 άκούσαι
871 972 1000 1050 μᾶλλον
1023 961 1044 1051 ἢ
1066 967 1118 1033 σοὶ

162 1062 333 1149 προσήκει.
356 1065 411 1130 καὶ
425 1059 470 1149 μὴ
482 1062 598 1149 νόμιζέ
609 1088 649 1149 με
661 1064 848 1150 προθύμως
860 1062 949 1132 ούτω
960 1086 998 1132 σε
1009 1090 1116 1149 παρα-

162 1170 290 1248 καλεῖν,
301 1165 357 1229 ίνα
363 1166 444 1250 γένη
455 1163 712 1249 συγγράμματος
723 1159 905 1250 ἀκροατής·
919 1159 962 1230 ού
972 1162 1036 1248 γάρ
1049 1161 1119 1230 οὔτ’

164 1259 231 1347 ἐγω
250 1261 405 1346 τυγχάνω
426 1270 609 1348 φιλοτίμως
636 1266 842 1349 διακείμενος
862 1258 946 1345 πρός
967 1258 1025 1339 τάς
1046 1263 1118 1328 ε’πι-

161 1364 278 1439 δείξεις
294 1358 371 1426 ούτε
386 1356 429 1426 σύ
444 1360 625 1438 λανθάνεις
651 1357 737 1445 ἡμᾶς
757 1357 820 1445 ἤδη
842 1359 969 1446 πλήρης
984 1354 1033 1426 τόν
1048 1367 1116 1428 τῶν

127 1457 336 1530 στοιούτων.
359 1455 442 1542 πρὸς
466 1459 502 1526 δὲ
528 1457 660 1536 τούτοις
685 1455 819 1525 κάκεῑυο
845 1464 926 1525 πᾶσι
953 1456 1146 1545 φανερόν,δ

162 1556 216 1625 ότι
230 1571 299 1635 τοῖς
312 1558 374 1642 μὲν
391 1560 577 1646 ἐπιδείξεως
597 1559 768 1644 δεομένοις
788 1561 824 1626 αἱ
837 1559 1042 1644 πανηγύρεις
1056 1556 1118 1643 άρ-

161 1657 362 1744 μάττουσιν,
388 1660 458 1726 ἐκεῖ
479 1656 543 1744 γάρ
567 1658 610 1725 άν
631 1685 680 1736 τις
701 1660 738 1725 ἐν
753 1665 917 1735 πλείστοις
936 1655 997 1744 τὴν
1012 1655 1118 1726 αὑτοῦ

162 1756 312 1842 δύναμιν
326 1763 569 1845 διασπείρειεν,
591 1773 660 1836 τοῖς
675 1759 711 1825 δὲ
727 1758 977 1844 διαπράξασθαί
989 1785 1019 1826 τι
1034 1767 1118 1846 βου-

161 1860 318 1943 λομένοις
332 1855 417 1941 πρός
432 1864 556 1925 τούτου
572 1862 773 1944 διαλεκτέον,
790 1855 879 1935 ὅστις
893 1858 1027 1942 τάχιστα
1038 1859 1117 1942 μέλ·

161 1964 213 2023 λει
228 1953 288 2033 τάς
302 1957 437 2038 πράξεις
451 1959 611 2025 ἐπιτελεῖν
633 1955 691 2035 τάς
714 1952 781 2024 ὑπό
804 1963 864 2024 τοῦ
888 1959 991 2041 λόγου
1008 1962 1118 2042 δηλω·

130 2069 149 2123 7
163 2061 290 2133 θείσας.
315 2062 345 2123 εί
359 2055 421 2141 μὲν
436 2048 501 2123 ούν
514 2065 575 2146 μιᾷ
589 2084 655 2124 τινι
666 2062 735 2123 τῶν
750 2056 882 2124 πόλεων
903 2055 1117 2142 είσηγούμην,

162 2153 248 2239 πρὸς
260 2150 340 2233 τούς
353 2157 480 2242 ἐκείνης
500 2164 709 2240 προεστῶτας
728 2153 807 2234 τούς
828 2157 950 2242 λόγους
968 2153 1011 2222 άν
1027 2159 1119 2224 ε’ποι-

163 2254 291 2341 ούμην·
314 2253 427 2340 ἐπειδὴ
452 2251 483 2320 δ’
501 2251 585 2339 ὑπὲρ
605 2262 662 2340 της
684 2261 752 2321 τῶν
767 2250 937 2339 Ἑλλήνων
952 2263 1117 2341 σωτηρίας

163 2355 435 2439 παρεσκεύασμαι
450 2356 706 2442 συμβουλεύειν,
722 2352 806 2439 πρός
816 2351 881 2421 τίν’
898 2351 941 2422 άν
953 2357 1147 2424 δικαιότε-ι·

164 2478 227 2538 ρον
243 2456 456 2539 διαλεχθείην
470 2450 493 2541 ἢ
508 2451 592 2538 πρός
609 2452 668 2521 τόν
683 2454 901 2538 πρωτεύοντα
921 2462 982 2522 τοῦ
997 2459 1118 2542 γένους

163 2554 219 2621 καὶ
233 2559 392 2639 μεγίστην
409 2560 528 2640 ἔχοντα
542 2554 705 2640 δύναμιν;
1133 2562 1183 2615 406

130 2663 151 2717 8
251 2651 317 2738 (ε’.)
339 2654 404 2720 Καὶ
421 2654 489 2740 μὴν
504 2650 579 2721 οὐδ’
596 2652 740 2737 ἀκαίρως
752 2654 976 2740 φανησόμεθα
990 2681 1118 2741 μεμνη-

164 2756 260 2838 μένοι
275 2757 350 2839 περί
371 2754 510 2822 τούτων.
533 2753 588 2822 ὅτε
609 2754 671 2840 μὲν
690 2753 755 2840 γάρ
776 2755 1034 2840 Λακεδαιμόνιοι
1056 2751 1118 2840 τὴν

164 2848 271 2938 ἀρχὴν
284 2851 383 2938 είχον,
398 2851 439 2920 ού
451 2854 571 2943 ῥηίδιον
586 2846 629 2940 ἦν
640 2856 886 2939 ἐπιμεληθῆναί
898 2873 951 2919 σοι
963 2859 1031 2919 τῶν
1042 2854 1116 2936 περὶ

163 2946 225 3018 τόν
240 2952 345 3017 τόπον
358 2948 418 3019 τόν
434 2951 606 3038 ἡμέτερον,
625 2951 704 3020 οὐδὲ
720 2953 850 3030 τούτοις
862 2955 996 3020 ἐναντία
1011 2953 1116 3035 πράτ-

165 3077 235 3120 τειν
249 3049 318 3137 ἅμα
330 3053 384 3119 καί
396 3059 639 3139 Καρχηδονίοις
656 3062 827 3138 πολεμεῖν·
837 3054 999 3141 ἐπειδὴδὲ
1009 3065 1116 3124 Λακε-

160 3149 394 3239 δαιμόνιοιμὲν
409 3149 497 3219 οὕτω
518 3153 723 3236 πράττουσιν
743 3151 823 3219 ὥστ’
841 3149 986 3236 άγαιιάν,
1003 3147 1117 3237 ἢντην

166 3248 278 3334 χάραν
292 3247 354 3334 την
369 3247 484 3318 αὑτόν
498 3258 635 3338 ἔχωσιν,
656 3249 677 3337 ἡ
699 3249 733 3318 δ’
749 3249 892 3337 ἡμετέρα
905 3251 1000 3328 πόλις
1014 3248 1118 3337 ἡδέως

166 3345 209 3417 άν
221 3347 328 3435 αὑτήν
342 3370 396 3418 σοι
413 3352 578 3437 παράσχοι
590 3353 916 3437 συναγωνιζομένην,
932 3359 965 3417 εί
971 3376 1001 3418 τι
1013 3351 1117 3435 πράτ-

165 3474 234 3527 τοις
255 3445 340 3532 ύπὲρ
365 3455 421 3534 τῆς
431 3447 587 3527 Ἑλλάδος
608 3447 758 3535 ἀγαθόν,
783 3455 854 3528 πῶς
876 3444 920 3516 άν
933 3452 1117 3530 παραπέσοι

166 3554 312 3615 καλλίων
327 3546 443 3630 καιρός
457 3555 518 3614 τού
534 3555 601 3614 νῦν
615 3569 669 3617 σοι
683 3548 866 3632 παρόντοςς
1128 3555 1143 3608 b

134 3663 154 3717 9
249 3645 317 3732 (ς’.)
341 3647 401 3713 Καὶ
416 3645 461 3731 μη
476 3648 666 3735 θαυμάσης,
684 3653 714 3715 εί
727 3647 810 3734 μήτε
821 3652 1022 3734 δημηγορῶν
1036 3645 1118 3734 μήτε
