2859 4334
575 408 755 467 EAENH.
1072 406 1131 467 2⁴1

183 592 245 634 ιον
261 572 386 655 έκείνη·
406 580 475 647 τοίς
486 564 551 655 γάρ
562 571 840 655 πεπαιδευμένοις
850 574 968 656 πρέπει
981 574 1135 646 τοιαύτας

180 676 347 735 ποιεῖσθαι
364 664 422 746 τάς
438 664 595 754 ἀπαρχάς.

140 798 166 852 ςη
263 764 333 856 (λ’.)
354 766 449 836 Πολύ
470 768 506 836 δέ
527 775 630 838 πλείω
646 766 686 836 τά
701 771 989 855 παραλελειμμένα
1004 775 1073 836 τῶν
1088 772 1135 834 εἰ-

180 866 444 952 ρημένωνέστίν.
466 868 566 955 χωρὶς
576 865 641 955 γάρ
651 876 779 957 τεχνῶν
790 869 845 937 καὶ
856 874 1070 957 φιλοσοφιν
1080 867 1134 935 καί

180 970 246 1033 τῶν
267 962 381 1035 ἄλλων
397 962 587 1055 ὠφελειῶν,
609 964 649 1047 lig
664 973 733 1055 έχοι
747 994 798 1048 τις
811 963 855 1036 άκ
874 973 921 1048 εἰς
934 970 1066 1054 έκείνην
1080 966 1135 1035 καί

180 1063 239 1133 τὸν
252 1065 402 1153 πόλεμον
415 1063 476 1134 τὸν
489 1064 641 1150 Τρωϊκὸν
656 1063 860 1154 άνενεγκείυ,
876 1070 1012 1147 δικαίως
1021 1061 1066 1133 άυ
1080 1065 1135 1133 καί

179 1172 239 1233 τοῦ
254 1163 299 1253 μή
314 1165 490 1235 δουλεύειν
506 1164 591 1255 ἡμᾶς
603 1183 670 1247 τοῖς
684 1168 869 1257 βαρβάροις
876 1165 1014 1255 Ἑλένην
1027 1171 1135 1235 αἰτίαν

181 1263 265 1333 εἰναι
288 1271 487 1353 νομίζοιμεν.
518 1266 706 1356 εὑρήσομεν
726 1266 792 1357 γάρ
813 1267 892 1348 τούς
904 1266 1067 1355 Ἕλληνας
1088 1261 1161 1333 διί

180 1362 286 1452 αὐτήν
306 1362 555 1454 ὁμονοήσαντας
576 1370 630 1437 καὶ
652 1367 772 1457 κοινήν
793 1374 968 1457 στρατείαν
988 1368 1041 1435 έπί
1057 1361 1136 1443 τοὺς

179 1462 372 1550 βαρβάρους
382 1469 638 1554 ποιησαμένους,
654 1469 709 1536 καί
720 1466 794 1537 τότε
804 1476 939 1553 πρῶτον
948 1464 1011 1554 τήν
1020 1462 1133 1553 Εὐρύ-

138 1596 167 1649 53
180 1588 247 1649 πην
268 1571 324 1651 τής
336 1561 444 1645 Ἀσίας
460 1566 623 1654 τρόπαιον
643 1569 829 1656 στήσασαν·
852 1572 885 1650 έξ
906 1559 954 1636 ὦν
974 1565 1136 1651 τοσαύτης

179 1671 364 1751 μεταβολῆς
379 1666 556 1754 έτύχομεν,
584 1665 669 1736 ύστε
690 1666 828 1755 τὸνμὲν
844 1670 997 1737 ἐπέκεινα
1011 1664 1134 1752 χρόνον

180 1768 212 1833 οί
232 1769 477 1851 δυστυχοῦντες
498 1770 535 1835 ἐν
556 1781 623 1847 τοίς
644 1768 829 1856 βαρβάροις
850 1774 917 1837 τάν
935 1764 1136 1852 Ἐλληνίδων

180 1863 312 1933 πόλεων
329 1862 444 1951 άρχειυ
460 1862 592 1954 ήξίουν,
616 1870 670 1935 καί
686 1864 823 1946 Δαναὸς
837 1869 899 1953 μέν
913 1870 945 1948 έξ
962 1865 1137 1952 Αἰγύπτου

180 1962 434 2052 φυγύυἍργος
454 1970 605 2053 κατέσχε,
631 1968 767 2055 Κάδμος
782 1969 818 2036 δέ
833 1964 1001 2046 Σιδιάνιος
1014 1968 1137 2053 Θηβῶν

180 2068 389 2151 ἐβασίλευσε,
411 2072 522 2154 Κᾶρες
541 2069 577 2137 δέ
592 2065 651 2146 τάς
667 2069 791 2154 νήσους
812 2067 1005 2157 κατῴκουν,
1028 2073 1164 2137 [mo-d

179 2167 353 2254 ποννήουυ
365 2169 401 2233 δὲ
413 2164 616 2254 συμπάσηςὸ
631 2167 807 2236 Ταντάλου
817 2169 932 2249 Πέλοψ
942 2166 1134 2251 ἐκράτησεν,

178 2264 260 2353 μετά
282 2264 314 2335 δ’
331 2268 463 2337 ἰκείυον
483 2266 544 2334 τόν
565 2268 713 2354 πόλεμον
736 2267 904 2352 τοσαύτην
927 2268 1077 2333 ἐπίδοσιν
1098 2260 1134 2329 τὸ

179 2368 276 2452 γένος
286 2363 382 2454 ἡμῶν
394 2372 514 2455 ἔλαβεν
524 2365 607 2435 ὥστε
619 2371 673 2436 καὶ
683 2367 798 2446 πόλεις
807 2366 952 2452 μεγάλας
961 2366 1015 2433 καί
1022 2362 1135 2451 χάραν

135 2499 167 2554 59
181 2464 309 2555 πολλήν
323 2464 509 2552 άφελέσδαι
523 2476 591 2535 τῶν
605 2467 796 2556 βαρβάρων.
820 2461 863 2553 ἢν
877 2459 942 2531 οὖν
952 2465 1040 2541 τινες
1051 2461 1135 2549 βού-

182 2576 304 2635 λωνται
315 2575 420 2636 ταῦτα
431 2566 665 2654 διεργάζεσδαι
675 2569 731 2636 καί
742 2564 917 2654 μηκύνειν,
934 2562 996 2630 οὐκ
1008 2559 1136 2647 άπορή-

183 2686 300 2735 σουσιν
322 2664 493 2755 ἀφορμῆς,
519 2665 605 2736 ὅθεν
619 2665 757 2754 Ἑλένην
778 2669 841 2746 έξο)
863 2670 930 2731 τῶν
952 2663 1136 2748 εἰρημένων

183 2769 315 2847 ἕξουσιν
330 2768 489 2852 ἐπαινεῖν,
506 2764 590 2836 άλλά
605 2773 740 2844 πολλοῖς
750 2766 806 2833 καί
817 2773 945 2840 καινοίς
956 2760 1069 2846 λόγοις
1079 2761 1135 2827 έν-

182 2866 352 2947 τεύξονται
368 2870 444 2948 περὶ
458 2866 568 2954 αὐτῆς.

496 3206 825 3217 ......-.-..--———-—
