2859 4334
312 381 374 443 20ss
595 382 774 440 ΙΣΟΚΡΑ
786 381 912 439 rom*
925 388 987 452 (18)

312 550 456 613 πολιτῶν
473 555 698 627 συκοφαντεῖν
714 537 932 626 ὡρμημένους
945 543 999 607 καὶ
1016 540 1075 619 τάς
1090 540 1268 628 συνθήκας

313 647 408 712 λυέιν
423 646 682 729 ἐπιχειροῦντας,
700 639 904 727 βουλόμενοι
918 638 1064 718 τούτους
1080 666 1117 707 τε
1137 648 1268 708 παῦσαι

312 748 366 812 καὶ
391 757 459 833 τοῖς
482 740 593 821 ἅλλοις
617 744 789 825 ἐπιδεῖξαι,
823 738 873 806 ὅτι
906 737 969 806 οῦκ
994 737 1267 825 ἀναγκασθέντες

313 842 514 929 ἐποιήσασθ’
537 836 639 917 αὐτάς
657 835 732 907 ἀλλ’
753 835 936 925 ἡγούμενοι
956 845 997 925 τῇ
1019 838 1115 906 πόλει
1133 844 1266 926 συμφέ-

312 966 396 1024 ρειν,
413 939 562 1016 εἰπόντος
574 935 726 1023 Ἀρχίνου
739 938 845 1023 νόμον
855 943 990 1020 ἔθεσθε,
1006 936 1050 1004 ἄν
1063 966 1113 1016 τις
1127 940 1266 1023 δικάζη-

313 1036 685 1124 ταιπαράτούςόρκους,
694 1039 813 1116 ἐξεῖναι
822 1044 867 1125 τῷ
875 1036 1036 1122 φεύγοντι
1045 1036 1264 1122 παραγράψα-

313 1149 406 1222 σθαι,
420 1134 499 1215 τοῦς
513 1134 803 1221 δ’άρχονταςπερί
816 1137 940 1203 τούτου
954 1142 1089 1220 πρῶτον
1104 1137 1264 1224 είσάγειν,

281 1258 297 1311 3
312 1241 421 1323 λέγειν
436 1238 472 1303 δὲ
487 1236 652 1319 πρότερον
674 1232 734 1301 τὸν
749 1232 1075 1320 παραγραψάμενον,
1097 1231 1260 1320 ὁπότερος
1276 1263 1288 1298 c

313 1334 344 1405 δ’
363 1332 406 1403 άν
421 1332 564 1423 ἡττηθή,
591 1333 653 1420 τήν
670 1337 854 1423 ἐπωβελίαν
878 1332 1044 1421 ὀφείλειν,
1069 1333 1116 1401 ἵν’
1138 1339 1174 1402 οί
1188 1342 1265 1402 τολ-

313 1445 440 1523 μῶντες
464 1448 682 1521 μνησικακεῖν
712 1433 757 1521 μή
789 1433 896 1519 μόνον
926 1436 1163 1517 ἐπιορκοῦντας
1195 1437 1264 1513 ε’ξε-

312 1536 480 1620 λέγχοιντο
498 1533 580 1620 μηδὲ
595 1532 656 1619 τήν
671 1530 761 1614 παρὰ
777 1539 947 1600 τῦνθεῦν
960 1538 1123 1618 τιμωρίαν
1136 1529 1264 1617 ῦπομέ-
1349 1553 1350 1576 ³

315 1658 405 1700 νοιεν
432 1628 515 1698 ἀλλά
542 1633 596 1698 καὶ
618 1638 816 1717 παραχρῆμα
843 1636 1017 1715 ζημιοῖντο.
1052 1630 1167 1699 δεινὸν
1199 1623 1263 1697 οῦν
1349 1637 1350 1698 λ

312 1730 501 1819 ἡγησάμην,
519 1735 549 1797 εί
561 1736 630 1796 τῶν
643 1730 758 1815 νόμων
773 1728 880 1807 οὕτως
896 1729 1042 1815 ἐχόντων
1058 1726 1123 1815 ἐγώ
1146 1728 1262 1814 περιό-

314 1843 417 1915 ψομαι
437 1826 497 1896 τόν
520 1830 582 1914 μὲν
602 1828 821 1914 συκοφάντην
841 1829 878 1896 ἐν
901 1828 1079 1913 τριάκοντα
1101 1833 1262 1913 δραχμαῖς

312 1929 571 2010 κινδυνεύοντα,
596 1925 740 2013 ἐμαυτὸν
761 1925 797 1994 δέ
819 1928 893 2010 περὶ
913 1933 971 2013 τῆς
990 1924 1106 2005 οὐσίας
1131 1923 1263 2013 ἁπάσης

312 2026 569 2113 ἀγωνιζόμενον.

279 2146 296 2195 4
395 2126 466 2212 (β’.)
485 2122 661 2203 Ἀποθείξω
684 2125 720 2191 δὲ
740 2131 954 2209 Καλλίμαχον
974 2123 1016 2192 οὐ
1039 2124 1148 2210 μόνον
1171 2123 1287 2209 moad

223 2274 225 2279 -
311 2224 369 2303 τάς
384 2224 558 2311 συνθήκας
574 2223 791 2309 δικαζόμενον
803 2221 887 2290 άλλά
903 2226 958 2291 καὶ
972 2226 1129 2309 περὶτῶν
1143 2226 1263 2310 ἐγκλη-

311 2324 426 2410 μάτων
437 2321 659 2407 υευῦόμενον,
673 2322 728 2388 καὶ
742 2323 876 2403 προσέτι
887 2325 1017 2389 δίαιταν
1030 2320 1111 2407 ἡμῖν
1121 2348 1262 2408 γεγενη-

311 2428 416 2511 μένην
439 2424 512 2507 περὶ
535 2419 656 2489 αὐτῶν.
687 2421 851 2507 βούλομαι
866 2418 899 2487 δ’
924 2423 956 2501 ἐξ
971 2419 1072 2507 ἀρχῆς
1089 2418 1172 2507 ὑμῖν
1188 2427 1264 2507 διη-

312 2530 480 2615 γήσασθαι
495 2523 534 2592 τά
553 2528 760 2610 πραχθέντα·
789 2519 833 2591 άν
853 2522 918 2609 γὰρ
935 2532 1035 2591 τοῦτο
1052 2524 1202 2611 μάθητε,
1219 2522 1264 2603 οἱς
1349 2583 1350 2592 ,

312 2625 412 2694 οὐδὲν
433 2622 491 2691 ὑπ’
519 2627 601 2710 ἐμοῦ
626 2621 732 2691 κακὸν
752 2627 943 2707 πέπονθεν,
968 2621 1113 2710 ἡγοῦμαι
1137 2637 1209 2703 ταῖς
1230 2650 1264 2691 τε
1349 2633 1350 2640 ’

311 2724 498 2810 συνθήκαις
513 2720 600 2808 ὑμᾶς
613 2722 710 2810 ἥδιον
725 2722 912 2808 βοηθήσειν
927 2724 981 2789 καὶ
1002 2721 1110 2812 τοῦτφ
1131 2729 1264 2808 μᾶλλον
1349 2765 1350 2770 1

312 2820 509 2908 ὀργιεῖσθαι.

280 2938 295 2987 5
393 2921 464 3005 (γ’.)
480 2914 603 3004 Ἦρχον
622 2920 684 3005 μὲν
702 2919 767 3006 γάρ
783 2926 817 2988 οί
830 2924 909 2987 δέκα
925 2924 957 2986 οί
970 2918 1053 3005 μετά
1070 2918 1149 2997 τούς
1167 2919 1264 3002 τριά-
1278 2921 1316 2978 ³7²

312 3045 414 3087 κοντα
433 3020 662 3102 καταστάντες,
679 3019 775 3098 ὄντος
787 3024 825 3087 δέ
834 3047 891 3106 μοι
901 3023 1135 3103 Πατροκλέους
1149 3022 1264 3106 έπιτη-
1349 3101 1350 3110 ¹

312 3123 415 3201 θείου,
434 3124 494 3184 τοῦ
510 3117 584 3184 τότε
599 3120 846 3204 βασιλεύοντος,
863 3125 981 3204 ἔτυχον
991 3116 1064 3204 μετ’
1082 3116 1188 3185 αὐτοῦ
1199 3126 1262 3204 βα·
1349 3141 1350 3206 χ

313 3220 422 3297 ῦίζων.
465 3216 592 3293 ἐκεῖνος
617 3212 649 3283 δ’
674 3212 795 3302 ε’χθρὸς
820 3209 869 3281 ὢν
892 3212 1095 3305 Καλλιμάχῳ
1117 3214 1166 3304 τῷ
1190 3218 1259 3282 νῦν
1349 3247 1350 3302 j

314 3315 371 3403 ἐμέ
389 3314 542 3385 ῦιτόκουτι
560 3316 621 3403 τὴν
645 3320 761 3402 δίκην,
786 3312 980 3403 άπήντησεν
1003 3313 1168 3402 άργάριον
1194 3315 1258 3401 φέ-

314 3445 414 3504 ροντι.
438 3418 620 3503 λαβόμενος
634 3415 668 3485 δ”
684 3414 793 3485 αὐτοῦ
809 3416 991 3504 Πάμφιλον
1005 3422 1153 3502 ἔφασκεν
1170 3414 1257 3485 αὐτὰ

314 3526 508 3587 καταλιπεῖν
526 3518 583 3585 καί
600 3518 759 3605 δημόσιον
771 3525 963 3603 γίγνεσθαι·
985 3520 1115 3587 ἐκεῖνον
1129 3517 1196 3604 γὰρ
1209 3515 1259 3586 εἷ-

287 3630 370 3687 6ναι
386 3624 455 3687 τῶν
470 3624 506 3689 ἐν
522 3630 678 3705 Πειραιεῖ.
706 3618 997 3707 ἀμφισβητοῦντος
1011 3621 1049 3688 δὲ
1062 3617 1184 3688 τοῦτον
1203 3619 1259 3687 καὶ
