<?xml version="1.0" encoding="UTF-8"?>
<!DOCTYPE html PUBLIC "-//W3C//DTD XHTML 1.0 Transitional//EN"
    "http://www.w3.org/TR/xhtml1/DTD/xhtml1-transitional.dtd">
<html xmlns="http://www.w3.org/1999/xhtml" xml:lang="en" lang="en">
 <head>
  <title>
</title>
<meta http-equiv="Content-Type" content="text/html;charset=utf-8" />
  <meta name='ocr-system' content='tesseract 3.04.00' />
  <meta name='ocr-capabilities' content='ocr_page ocr_carea ocr_par ocr_line ocrx_word'/>
</head>
<body>
  <div class='ocr_page' id='page_1' title='image "./orationes00isgoog_0179.png"; bbox 0 0 2859 4334; ppageno 0'>
   <div class='ocr_carea' id='block_1_1' title="bbox 480 409 1089 474">
    <p class='ocr_par' dir='ltr' id='par_1_1' title="bbox 480 409 1089 474">
     <span class='ocr_line' id='line_1_1' title="bbox 480 409 1089 474; baseline -0.002 0"><span class='ocrx_word' id='word_1_1' title='bbox 480 413 744 474; x_wconf 81' lang='grc' dir='ltr'><em>ΦΙΛΙΠΠΟΣ.</em></span> <span class='ocrx_word' id='word_1_2' title='bbox 1031 409 1089 473; x_wconf 82' lang='grc'><strong><em>105</em></strong></span> 
     </span>
    </p>
   </div>
   <div class='ocr_carea' id='block_1_2' title="bbox 150 568 1091 762">
    <p class='ocr_par' dir='ltr' id='par_1_2' title="bbox 150 568 1091 762">
     <span class='ocr_line' id='line_1_2' title="bbox 152 568 1091 662; baseline 0.002 -24"><span class='ocrx_word' id='word_1_3' title='bbox 152 575 193 640; x_wconf 87' lang='grc' dir='ltr'><strong><em>σολ</em></strong></span> <span class='ocrx_word' id='word_1_4' title='bbox 203 575 263 660; x_wconf 65' lang='grc' dir='ltr'><strong><em>μὲν</em></strong></span> <span class='ocrx_word' id='word_1_5' title='bbox 274 573 519 662; x_wconf 75' lang='grc' dir='ltr'><strong><em>φθονούντων,</em></strong></span> <span class='ocrx_word' id='word_1_6' title='bbox 542 571 602 651; x_wconf 87' lang='grc' dir='ltr'><strong><em>τάς</em></strong></span> <span class='ocrx_word' id='word_1_7' title='bbox 619 568 657 641; x_wconf 76' lang='grc' dir='ltr'><strong><em>δδ</em></strong></span> <span class='ocrx_word' id='word_1_8' title='bbox 671 571 785 651; x_wconf 86' lang='grc' dir='ltr'><strong><em>πόλεις</em></strong></span> <span class='ocrx_word' id='word_1_9' title='bbox 800 569 860 652; x_wconf 86' lang='grc' dir='ltr'><strong><em>τάς</em></strong></span> <span class='ocrx_word' id='word_1_10' title='bbox 874 571 988 641; x_wconf 79' lang='grc' dir='ltr'><strong><em>αῦτῦν</em></strong></span> <span class='ocrx_word' id='word_1_11' title='bbox 1002 577 1091 642; x_wconf 77' lang='grc' dir='ltr'><strong><em>εἰδι-</em></strong></span> 
     </span>
     <span class='ocr_line' id='line_1_3' title="bbox 150 667 1091 762; baseline 0.003 -25"><span class='ocrx_word' id='word_1_12' title='bbox 150 674 266 758; x_wconf 85' lang='grc' dir='ltr'><strong><em>σμένον</em></strong></span> <span class='ocrx_word' id='word_1_13' title='bbox 278 681 325 754; x_wconf 89' lang='grc' dir='ltr'><strong><em>είς</em></strong></span> <span class='ocrx_word' id='word_1_14' title='bbox 337 670 483 762; x_wconf 79' lang='grc' dir='ltr'><strong><em>ταραχάς</em></strong></span> <span class='ocrx_word' id='word_1_15' title='bbox 492 671 712 757; x_wconf 77' lang='grc' dir='ltr'><strong><em>καθιστάναι,</em></strong></span> <span class='ocrx_word' id='word_1_16' title='bbox 729 672 784 739; x_wconf 80' lang='grc' dir='ltr'><strong><em>καὶ</em></strong></span> <span class='ocrx_word' id='word_1_17' title='bbox 798 667 860 759; x_wconf 88' lang='grc' dir='ltr'><strong><em>τήν</em></strong></span> <span class='ocrx_word' id='word_1_18' title='bbox 875 671 1014 759; x_wconf 75' lang='grc' dir='ltr'><strong><em>εἰρήνην</em></strong></span> <span class='ocrx_word' id='word_1_19' title='bbox 1028 668 1091 759; x_wconf 87' lang='grc' dir='ltr'><strong><em>τήν</em></strong></span> 
     </span>
    </p>
   </div>
   <div class='ocr_carea' id='block_1_3' title="bbox 138 767 1133 3731">
    <p class='ocr_par' dir='ltr' id='par_1_3' title="bbox 138 767 1133 3731">
     <span class='ocr_line' id='line_1_4' title="bbox 148 767 1090 859; baseline 0.002 -24"><span class='ocrx_word' id='word_1_20' title='bbox 148 771 317 853; x_wconf 81' lang='grc' dir='ltr'><strong><em>ιοτςάλλοις</em></strong></span> <span class='ocrx_word' id='word_1_21' title='bbox 327 769 447 859; x_wconf 81' lang='grc' dir='ltr'><strong><em>κοινήν</em></strong></span> <span class='ocrx_word' id='word_1_22' title='bbox 459 771 609 858; x_wconf 85' lang='grc' dir='ltr'><strong><em>πόλεμον</em></strong></span> <span class='ocrx_word' id='word_1_23' title='bbox 619 783 688 849; x_wconf 80' lang='grc' dir='ltr'><strong><em>τοῖς</em></strong></span> <span class='ocrx_word' id='word_1_24' title='bbox 699 767 812 838; x_wconf 80' lang='grc' dir='ltr'><strong><em>αῦτιδν</em></strong></span> <span class='ocrx_word' id='word_1_25' title='bbox 823 773 919 850; x_wconf 78' lang='grc' dir='ltr'><strong><em>ἰδίοις</em></strong></span> <span class='ocrx_word' id='word_1_26' title='bbox 934 767 1019 838; x_wconf 76' lang='grc' dir='ltr'><strong><em>εἶναι</em></strong></span> <span class='ocrx_word' id='word_1_27' title='bbox 1030 795 1090 837; x_wconf 91' lang='grc' dir='ltr'><strong><em>νο-</em></strong></span> 
     </span>
     <span class='ocr_line' id='line_1_5' title="bbox 146 866 1115 957; baseline -0.004 -21"><span class='ocrx_word' id='word_1_28' title='bbox 146 870 309 957; x_wconf 74' lang='grc' dir='ltr'><strong><em>μιξόνταν,</em></strong></span> <span class='ocrx_word' id='word_1_29' title='bbox 336 878 373 940; x_wconf 79' lang='grc' dir='ltr'><strong><em>ολ</em></strong></span> <span class='ocrx_word' id='word_1_30' title='bbox 388 871 527 940; x_wconf 86' lang='grc' dir='ltr'><strong><em>πάντων</em></strong></span> <span class='ocrx_word' id='word_1_31' title='bbox 547 877 616 939; x_wconf 77' lang='grc' dir='ltr'><strong><em>τῶν</em></strong></span> <span class='ocrx_word' id='word_1_32' title='bbox 632 867 746 938; x_wconf 84' lang='grc' dir='ltr'><strong><em>άλλαν</em></strong></span> <span class='ocrx_word' id='word_1_33' title='bbox 768 866 991 957; x_wconf 74' lang='grc' dir='ltr'><strong><em>ἀμελήσαντες</em></strong></span> <span class='ocrx_word' id='word_1_34' title='bbox 1013 875 1115 956; x_wconf 84' lang='grc' dir='ltr'><strong><em>περλο</em></strong></span> 
     </span>
     <span class='ocr_line' id='line_1_6' title="bbox 146 966 1090 1056; baseline 0.003 -24"><span class='ocrx_word' id='word_1_35' title='bbox 146 974 193 1053; x_wconf 81' lang='grc' dir='ltr'><strong><em>τῆς</em></strong></span> <span class='ocrx_word' id='word_1_36' title='bbox 207 976 264 1055; x_wconf 84' lang='grc' dir='ltr'><strong><em>σῆς</em></strong></span> <span class='ocrx_word' id='word_1_37' title='bbox 277 970 453 1056; x_wconf 81' lang='grc' dir='ltr'><strong><em>δυνάμεως</em></strong></span> <span class='ocrx_word' id='word_1_38' title='bbox 467 972 642 1056; x_wconf 82' lang='grc' dir='ltr'><strong><em>λέγουσιν,</em></strong></span> <span class='ocrx_word' id='word_1_39' title='bbox 665 966 710 1046; x_wconf 78' lang='grc' dir='ltr'><strong><em>ὡς</em></strong></span> <span class='ocrx_word' id='word_1_40' title='bbox 724 966 785 1055; x_wconf 79' lang='grc' dir='ltr'><strong><em>οάη</em></strong></span> <span class='ocrx_word' id='word_1_41' title='bbox 804 966 888 1055; x_wconf 74' lang='grc' dir='ltr'><strong><em>ὑπὲρ</em></strong></span> <span class='ocrx_word' id='word_1_42' title='bbox 904 977 961 1056; x_wconf 80' lang='grc' dir='ltr'><strong><em>τῆς</em></strong></span> <span class='ocrx_word' id='word_1_43' title='bbox 971 966 1090 1038; x_wconf 75' lang='grc' dir='ltr'><strong><em>Ἐλλά-</em></strong></span> 
     </span>
     <span class='ocr_line' id='line_1_7' title="bbox 145 1064 1090 1154; baseline 0 -22"><span class='ocrx_word' id='word_1_44' title='bbox 145 1071 191 1145; x_wconf 88' lang='grc' dir='ltr'><strong><em>δος</em></strong></span> <span class='ocrx_word' id='word_1_45' title='bbox 204 1065 275 1136; x_wconf 87' lang='grc' dir='ltr'><strong><em>ἀλλ’</em></strong></span> <span class='ocrx_word' id='word_1_46' title='bbox 292 1070 344 1138; x_wconf 83' lang='grc' dir='ltr'><strong><em>έπλ</em></strong></span> <span class='ocrx_word' id='word_1_47' title='bbox 359 1067 485 1154; x_wconf 85' lang='grc' dir='ltr'><strong><em>ταάτην</em></strong></span> <span class='ocrx_word' id='word_1_48' title='bbox 499 1066 695 1151; x_wconf 76' lang='grc' dir='ltr'><strong><em>αὐξάνεται,</em></strong></span> <span class='ocrx_word' id='word_1_49' title='bbox 712 1069 768 1134; x_wconf 83' lang='grc' dir='ltr'><strong><em>καὶ</em></strong></span> <span class='ocrx_word' id='word_1_50' title='bbox 784 1064 828 1134; x_wconf 87' lang='grc' dir='ltr'><strong><em>σῦ</em></strong></span> <span class='ocrx_word' id='word_1_51' title='bbox 840 1064 951 1136; x_wconf 85' lang='grc' dir='ltr'><strong><em>πολδν</em></strong></span> <span class='ocrx_word' id='word_1_52' title='bbox 964 1072 1090 1154; x_wconf 80' lang='grc' dir='ltr'><strong><em>χρόνον</em></strong></span> 
     </span>
     <span class='ocr_line' id='line_1_8' title="bbox 144 1162 1090 1258; baseline 0.003 -27"><span class='ocrx_word' id='word_1_53' title='bbox 144 1162 196 1252; x_wconf 78' lang='grc' dir='ltr'><strong><em>ἤδη</em></strong></span> <span class='ocrx_word' id='word_1_54' title='bbox 215 1173 319 1237; x_wconf 83' lang='grc' dir='ltr'><strong><em>πᾶσιν</em></strong></span> <span class='ocrx_word' id='word_1_55' title='bbox 334 1163 416 1254; x_wconf 82' lang='grc' dir='ltr'><strong><em>ἡμῖν</em></strong></span> <span class='ocrx_word' id='word_1_56' title='bbox 430 1167 675 1256; x_wconf 75' lang='grc' dir='ltr'><strong><em>ἐπιβουλεύεις,</em></strong></span> <span class='ocrx_word' id='word_1_57' title='bbox 696 1168 752 1234; x_wconf 81' lang='grc' dir='ltr'><strong><em>καὶ</em></strong></span> <span class='ocrx_word' id='word_1_58' title='bbox 771 1167 860 1258; x_wconf 77' lang='grc' dir='ltr'><strong><em>λόγῳ</em></strong></span> <span class='ocrx_word' id='word_1_59' title='bbox 875 1166 938 1254; x_wconf 70' lang='grc' dir='ltr'><strong><em>μὲν</em></strong></span> <span class='ocrx_word' id='word_1_60' title='bbox 960 1171 1090 1254; x_wconf 88' lang='grc' dir='ltr'><strong><em>μέλλεις</em></strong></span> 
     </span>
     <span class='ocr_line' id='line_1_9' title="bbox 145 1262 1088 1356; baseline 0.001 -23"><span class='ocrx_word' id='word_1_61' title='bbox 145 1272 337 1353; x_wconf 80' lang='grc' dir='ltr'><strong><em>Μεσσηνίοις</em></strong></span> <span class='ocrx_word' id='word_1_62' title='bbox 351 1274 510 1354; x_wconf 75' lang='grc' dir='ltr'><strong><em>βοηθεῖν,</em></strong></span> <span class='ocrx_word' id='word_1_63' title='bbox 531 1262 575 1333; x_wconf 87' lang='grc' dir='ltr'><strong><em>ἀν</em></strong></span> <span class='ocrx_word' id='word_1_64' title='bbox 596 1263 636 1332; x_wconf 83' lang='grc' dir='ltr'><strong><em>τά</em></strong></span> <span class='ocrx_word' id='word_1_65' title='bbox 658 1268 735 1348; x_wconf 73' lang='grc' dir='ltr'><strong><em>περὶ</em></strong></span> <span class='ocrx_word' id='word_1_66' title='bbox 750 1268 887 1345; x_wconf 86' lang='grc' dir='ltr'><strong><em>Φωκέας</em></strong></span> <span class='ocrx_word' id='word_1_67' title='bbox 908 1266 1088 1356; x_wconf 86' lang='grc' dir='ltr'><strong><em>διοικήσης,</em></strong></span> 
     </span>
     <span class='ocr_line' id='line_1_10' title="bbox 143 1361 1133 1456; baseline 0.005 -25"><span class='ocrx_word' id='word_1_68' title='bbox 143 1370 217 1456; x_wconf 73' lang='grc' dir='ltr'><strong><em>ἔργῳ</em></strong></span> <span class='ocrx_word' id='word_1_69' title='bbox 230 1363 261 1433; x_wconf 89' lang='grc' dir='ltr'><strong><em>δ’</em></strong></span> <span class='ocrx_word' id='word_1_70' title='bbox 279 1361 347 1434; x_wconf 85' lang='grc' dir='ltr'><strong><em>ῦπδ</em></strong></span> <span class='ocrx_word' id='word_1_71' title='bbox 364 1373 476 1456; x_wconf 77' lang='grc' dir='ltr'><strong><em>σαυτῷ</em></strong></span> <span class='ocrx_word' id='word_1_72' title='bbox 490 1375 662 1434; x_wconf 79' lang='grc' dir='ltr'><strong><em>ποιεῖσθαι</em></strong></span> <span class='ocrx_word' id='word_1_73' title='bbox 669 1365 952 1452; x_wconf 86' lang='grc' dir='ltr'><strong><em>Πελοπόννησον·</em></strong></span> <span class='ocrx_word' id='word_1_74' title='bbox 978 1363 1089 1450; x_wconf 84' lang='grc' dir='ltr'><strong><em>ὑπάρ-</em></strong></span> <span class='ocrx_word' id='word_1_75' title='bbox 1103 1378 1133 1436; x_wconf 68' lang='lat' dir='ltr'><strong>m</strong></span> 
     </span>
     <span class='ocr_line' id='line_1_11' title="bbox 140 1463 1092 1552; baseline 0.001 -21"><span class='ocrx_word' id='word_1_76' title='bbox 140 1486 224 1548; x_wconf 83' lang='grc' dir='ltr'><strong><em>χουσι</em></strong></span> <span class='ocrx_word' id='word_1_77' title='bbox 238 1469 278 1533; x_wconf 92' lang='grc' dir='ltr'><strong><em>δέ</em></strong></span> <span class='ocrx_word' id='word_1_78' title='bbox 298 1483 352 1533; x_wconf 91' lang='grc' dir='ltr'><strong><em>σοι</em></strong></span> <span class='ocrx_word' id='word_1_79' title='bbox 368 1465 525 1534; x_wconf 78' lang='grc' dir='ltr'><strong><em>Θετταλοὶ</em></strong></span> <span class='ocrx_word' id='word_1_80' title='bbox 545 1465 608 1550; x_wconf 80' lang='grc' dir='ltr'><strong><em>μδυ</em></strong></span> <span class='ocrx_word' id='word_1_81' title='bbox 623 1466 679 1533; x_wconf 85' lang='grc' dir='ltr'><strong><em>καλ</em></strong></span> <span class='ocrx_word' id='word_1_82' title='bbox 693 1469 835 1552; x_wconf 77' lang='grc' dir='ltr'><strong><em>Θηβαῖοι</em></strong></span> <span class='ocrx_word' id='word_1_83' title='bbox 853 1467 908 1533; x_wconf 81' lang='grc' dir='ltr'><strong><em>καλ</em></strong></span> <span class='ocrx_word' id='word_1_84' title='bbox 921 1463 1044 1544; x_wconf 86' lang='grc' dir='ltr'><strong><em>πάντες</em></strong></span> <span class='ocrx_word' id='word_1_85' title='bbox 1058 1469 1092 1532; x_wconf 90' lang='grc' dir='ltr'><strong><em>οί</em></strong></span> 
     </span>
     <span class='ocr_line' id='line_1_12' title="bbox 141 1561 1088 1652; baseline 0.003 -24"><span class='ocrx_word' id='word_1_86' title='bbox 141 1570 186 1650; x_wconf 79' lang='grc' dir='ltr'><strong><em>της</em></strong></span> <span class='ocrx_word' id='word_1_87' title='bbox 195 1561 452 1651; x_wconf 70' lang='grc' dir='ltr'><strong><em>Ἀμφικτυονίας</em></strong></span> <span class='ocrx_word' id='word_1_88' title='bbox 465 1566 656 1650; x_wconf 80' lang='grc' dir='ltr'><strong><em>μετέχοντες</em></strong></span> <span class='ocrx_word' id='word_1_89' title='bbox 665 1565 792 1652; x_wconf 66' lang='grc' dir='ltr'><strong><em>ἕτοιμοι</em></strong></span> <span class='ocrx_word' id='word_1_90' title='bbox 806 1571 1088 1648; x_wconf 72' lang='grc' dir='ltr'><strong><em>συνακολουθεῖν,</em></strong></span> 
     </span>
     <span class='ocr_line' id='line_1_13' title="bbox 138 1658 1090 1750; baseline 0.002 -23"><span class='ocrx_word' id='word_1_91' title='bbox 138 1658 265 1749; x_wconf 74' lang='grc' dir='ltr'><strong><em>Ἀργεῖοι</em></strong></span> <span class='ocrx_word' id='word_1_92' title='bbox 280 1662 318 1730; x_wconf 78' lang='grc' dir='ltr'><strong><em>δδ</em></strong></span> <span class='ocrx_word' id='word_1_93' title='bbox 333 1663 389 1731; x_wconf 76' lang='grc' dir='ltr'><strong><em>καί</em></strong></span> <span class='ocrx_word' id='word_1_94' title='bbox 398 1663 588 1750; x_wconf 89' lang='grc' dir='ltr'><strong><em>Μεσσήνιοι</em></strong></span> <span class='ocrx_word' id='word_1_95' title='bbox 603 1663 658 1731; x_wconf 78' lang='grc' dir='ltr'><strong><em>καὶ</em></strong></span> <span class='ocrx_word' id='word_1_96' title='bbox 670 1671 944 1750; x_wconf 71' lang='grc' dir='ltr'><strong><em>Μεγαλοπολῖται</em></strong></span> <span class='ocrx_word' id='word_1_97' title='bbox 956 1665 1010 1732; x_wconf 80' lang='grc' dir='ltr'><strong><em>καὶ</em></strong></span> <span class='ocrx_word' id='word_1_98' title='bbox 1022 1668 1090 1730; x_wconf 80' lang='grc' dir='ltr'><strong><em>τῶν</em></strong></span> 
     </span>
     <span class='ocr_line' id='line_1_14' title="bbox 138 1759 1089 1848; baseline 0.001 -21"><span class='ocrx_word' id='word_1_99' title='bbox 138 1760 239 1830; x_wconf 86' lang='grc' dir='ltr'><strong><em>ἀλλων</em></strong></span> <span class='ocrx_word' id='word_1_100' title='bbox 248 1763 368 1830; x_wconf 67' lang='grc' dir='ltr'><strong><em>πολλοὶ</em></strong></span> <span class='ocrx_word' id='word_1_101' title='bbox 378 1769 605 1848; x_wconf 74' lang='grc' dir='ltr'><strong><em>συμπολεμεῖν</em></strong></span> <span class='ocrx_word' id='word_1_102' title='bbox 616 1763 672 1830; x_wconf 80' lang='grc' dir='ltr'><strong><em>καὶ</em></strong></span> <span class='ocrx_word' id='word_1_103' title='bbox 681 1776 791 1830; x_wconf 81' lang='grc' dir='ltr'><strong><em>ποιεῖν</em></strong></span> <span class='ocrx_word' id='word_1_104' title='bbox 803 1759 1011 1840; x_wconf 76' lang='grc' dir='ltr'><strong><em>ἀναστάτους</em></strong></span> <span class='ocrx_word' id='word_1_105' title='bbox 1019 1769 1089 1829; x_wconf 89' lang='grc' dir='ltr'><strong><em>Λα-</em></strong></span> 
     </span>
     <span class='ocr_line' id='line_1_15' title="bbox 138 1857 1091 1950; baseline -0.002 -22"><span class='ocrx_word' id='word_1_106' title='bbox 138 1866 374 1948; x_wconf 81' lang='grc' dir='ltr'><strong><em>κεδαιμονίους·</em></strong></span> <span class='ocrx_word' id='word_1_107' title='bbox 397 1857 441 1948; x_wconf 83' lang='grc' dir='ltr'><strong><em>ἢν</em></strong></span> <span class='ocrx_word' id='word_1_108' title='bbox 452 1863 604 1929; x_wconf 72' lang='grc' dir='ltr'><strong><em>δὲταῦτα</em></strong></span> <span class='ocrx_word' id='word_1_109' title='bbox 615 1863 759 1950; x_wconf 78' lang='grc' dir='ltr'><strong><em>πράξῃς,</em></strong></span> <span class='ocrx_word' id='word_1_110' title='bbox 772 1858 817 1940; x_wconf 75' lang='grc' dir='ltr'><strong><em>ὥς</em></strong></span> <span class='ocrx_word' id='word_1_111' title='bbox 829 1862 966 1929; x_wconf 79' lang='grc' dir='ltr'><strong><em>καὶτῶν</em></strong></span> <span class='ocrx_word' id='word_1_112' title='bbox 978 1857 1091 1929; x_wconf 83' lang='grc' dir='ltr'><strong><em>ἀλλων</em></strong></span> 
     </span>
     <span class='ocr_line' id='line_1_16' title="bbox 138 1960 1089 2049; baseline -0.003 -20"><span class='ocrx_word' id='word_1_113' title='bbox 138 1961 291 2048; x_wconf 81' lang='grc' dir='ltr'><strong><em>Ελλήνων</em></strong></span> <span class='ocrx_word' id='word_1_114' title='bbox 312 1962 435 2049; x_wconf 68' lang='grc' dir='ltr'><strong><em>ῥηιδίως</em></strong></span> <span class='ocrx_word' id='word_1_115' title='bbox 451 1960 635 2046; x_wconf 88' lang='grc' dir='ltr'><strong><em>κρατήσεις.</em></strong></span> <span class='ocrx_word' id='word_1_116' title='bbox 665 1967 769 2027; x_wconf 88' lang='grc' dir='ltr'><strong><em>ταῦτα</em></strong></span> <span class='ocrx_word' id='word_1_117' title='bbox 785 1965 1017 2045; x_wconf 77' lang='grc' dir='ltr'><strong><em>φλυαροῦντες</em></strong></span> <span class='ocrx_word' id='word_1_118' title='bbox 1035 1965 1089 2028; x_wconf 89' lang='grc' dir='ltr'><strong><em>καλ</em></strong></span> 
     </span>
     <span class='ocr_line' id='line_1_17' title="bbox 138 2055 1115 2148; baseline -0.002 -22"><span class='ocrx_word' id='word_1_119' title='bbox 138 2060 314 2143; x_wconf 79' lang='grc' dir='ltr'><strong><em>φάσκοντες</em></strong></span> <span class='ocrx_word' id='word_1_120' title='bbox 327 2055 474 2145; x_wconf 78' lang='grc' dir='ltr'><strong><em>ἀκριβῶς</em></strong></span> <span class='ocrx_word' id='word_1_121' title='bbox 489 2061 612 2127; x_wconf 80' lang='grc' dir='ltr'><strong><em>εἰδέναι</em></strong></span> <span class='ocrx_word' id='word_1_122' title='bbox 626 2060 681 2126; x_wconf 84' lang='grc' dir='ltr'><strong><em>καλ</em></strong></span> <span class='ocrx_word' id='word_1_123' title='bbox 691 2061 814 2144; x_wconf 79' lang='grc' dir='ltr'><strong><em>ταχέως</em></strong></span> <span class='ocrx_word' id='word_1_124' title='bbox 824 2055 956 2125; x_wconf 75' lang='grc' dir='ltr'><strong><em>ἅπαντα</em></strong></span> <span class='ocrx_word' id='word_1_125' title='bbox 967 2064 1012 2148; x_wconf 75' lang='grc' dir='ltr'><strong><em>τῷ</em></strong></span> <span class='ocrx_word' id='word_1_126' title='bbox 1028 2057 1115 2125; x_wconf 71' lang='grc' dir='ltr'><strong><em>λεί-δ</em></strong></span> 
     </span>
     <span class='ocr_line' id='line_1_18' title="bbox 138 2154 1089 2248; baseline -0.005 -21"><span class='ocrx_word' id='word_1_127' title='bbox 138 2185 176 2248; x_wconf 76' lang='grc' dir='ltr'><strong><em>νῳ</em></strong></span> <span class='ocrx_word' id='word_1_128' title='bbox 190 2157 498 2243; x_wconf 84' lang='grc' dir='ltr'><strong><em>καταστρεφόμενοι</em></strong></span> <span class='ocrx_word' id='word_1_129' title='bbox 512 2154 660 2236; x_wconf 82' lang='grc' dir='ltr'><strong><em>πολλοῦς</em></strong></span> <span class='ocrx_word' id='word_1_130' title='bbox 679 2163 856 2242; x_wconf 75' lang='grc' dir='ltr'><strong><em>πείθουσι,</em></strong></span> <span class='ocrx_word' id='word_1_131' title='bbox 876 2159 932 2226; x_wconf 85' lang='grc' dir='ltr'><strong><em>καλ</em></strong></span> <span class='ocrx_word' id='word_1_132' title='bbox 946 2157 1089 2244; x_wconf 86' lang='grc' dir='ltr'><strong><em>μάλιστα</em></strong></span> 
     </span>
     <span class='ocr_line' id='line_1_19' title="bbox 138 2247 1090 2342; baseline -0.001 -18"><span class='ocrx_word' id='word_1_133' title='bbox 138 2258 189 2324; x_wconf 77' lang='grc' dir='ltr'><strong><em>ιὲν</em></strong></span> <span class='ocrx_word' id='word_1_134' title='bbox 205 2252 283 2334; x_wconf 86' lang='grc' dir='ltr'><strong><em>τοῦς</em></strong></span> <span class='ocrx_word' id='word_1_135' title='bbox 304 2262 372 2322; x_wconf 77' lang='grc' dir='ltr'><strong><em>τῶν</em></strong></span> <span class='ocrx_word' id='word_1_136' title='bbox 392 2253 505 2323; x_wconf 78' lang='grc' dir='ltr'><strong><em>αὐτῶν</em></strong></span> <span class='ocrx_word' id='word_1_137' title='bbox 519 2262 635 2324; x_wconf 79' lang='grc' dir='ltr'><strong><em>κακῶν</em></strong></span> <span class='ocrx_word' id='word_1_138' title='bbox 658 2257 909 2342; x_wconf 79' lang='grc' dir='ltr'><strong><em>ἐπιθυμοῦντας</em></strong></span> <span class='ocrx_word' id='word_1_139' title='bbox 930 2247 1041 2342; x_wconf 79' lang='grc' dir='ltr'><strong><em>ὦνπερ</em></strong></span> <span class='ocrx_word' id='word_1_140' title='bbox 1057 2259 1090 2323; x_wconf 92' lang='grc' dir='ltr'><strong><em>οί</em></strong></span> 
     </span>
     <span class='ocr_line' id='line_1_20' title="bbox 138 2352 1088 2446; baseline -0.002 -22"><span class='ocrx_word' id='word_1_141' title='bbox 138 2361 401 2441; x_wconf 78' lang='grc' dir='ltr'><strong><em>λογοποιοῦντες,</em></strong></span> <span class='ocrx_word' id='word_1_142' title='bbox 417 2360 530 2424; x_wconf 81' lang='grc' dir='ltr'><strong><em>ἔπειτα</em></strong></span> <span class='ocrx_word' id='word_1_143' title='bbox 543 2359 598 2424; x_wconf 77' lang='grc' dir='ltr'><strong><em>καὶ</em></strong></span> <span class='ocrx_word' id='word_1_144' title='bbox 615 2352 694 2435; x_wconf 83' lang='grc' dir='ltr'><strong><em>τοῦς</em></strong></span> <span class='ocrx_word' id='word_1_145' title='bbox 706 2353 822 2424; x_wconf 81' lang='grc' dir='ltr'><strong><em>οὐδενὶ</em></strong></span> <span class='ocrx_word' id='word_1_146' title='bbox 837 2363 985 2446; x_wconf 76' lang='grc' dir='ltr'><strong><em>λογισμῷ</em></strong></span> <span class='ocrx_word' id='word_1_147' title='bbox 999 2379 1088 2441; x_wconf 82' lang='grc' dir='ltr'><strong><em>χρω-</em></strong></span> 
     </span>
     <span class='ocr_line' id='line_1_21' title="bbox 138 2450 1088 2540; baseline 0 -20"><span class='ocrx_word' id='word_1_148' title='bbox 138 2458 248 2532; x_wconf 82' lang='grc' dir='ltr'><strong><em>ιένονς</em></strong></span> <span class='ocrx_word' id='word_1_149' title='bbox 261 2450 347 2539; x_wconf 81' lang='grc' dir='ltr'><strong><em>ῦπδρ</em></strong></span> <span class='ocrx_word' id='word_1_150' title='bbox 364 2460 433 2520; x_wconf 75' lang='grc' dir='ltr'><strong><em>τῶν</em></strong></span> <span class='ocrx_word' id='word_1_151' title='bbox 448 2461 575 2522; x_wconf 79' lang='grc' dir='ltr'><strong><em>κοινάν</em></strong></span> <span class='ocrx_word' id='word_1_152' title='bbox 591 2451 675 2523; x_wconf 86' lang='grc' dir='ltr'><strong><em>ἀλλά</em></strong></span> <span class='ocrx_word' id='word_1_153' title='bbox 690 2456 905 2523; x_wconf 86' lang='grc' dir='ltr'><strong><em>παντάπασιν</em></strong></span> <span class='ocrx_word' id='word_1_154' title='bbox 920 2452 1088 2540; x_wconf 80' lang='grc' dir='ltr'><strong><em>ἀναισθή-</em></strong></span> 
     </span>
     <span class='ocr_line' id='line_1_22' title="bbox 138 2549 1087 2640; baseline -0.001 -22"><span class='ocrx_word' id='word_1_155' title='bbox 138 2577 190 2630; x_wconf 75' lang='grc' dir='ltr'><strong><em>τως</em></strong></span> <span class='ocrx_word' id='word_1_156' title='bbox 205 2553 435 2638; x_wconf 70' lang='grc' dir='ltr'><strong><em>διακειμένους</em></strong></span> <span class='ocrx_word' id='word_1_157' title='bbox 448 2555 505 2622; x_wconf 80' lang='grc' dir='ltr'><strong><em>καὶ</em></strong></span> <span class='ocrx_word' id='word_1_158' title='bbox 518 2551 647 2640; x_wconf 85' lang='grc' dir='ltr'><strong><em>πολλήν</em></strong></span> <span class='ocrx_word' id='word_1_159' title='bbox 661 2554 760 2640; x_wconf 86' lang='grc' dir='ltr'><strong><em>χάριν</em></strong></span> <span class='ocrx_word' id='word_1_160' title='bbox 775 2559 909 2640; x_wconf 78' lang='grc' dir='ltr'><strong><em>ἔχοντας</em></strong></span> <span class='ocrx_word' id='word_1_161' title='bbox 924 2567 991 2630; x_wconf 84' lang='grc' dir='ltr'><strong><em>τοῖς</em></strong></span> <span class='ocrx_word' id='word_1_162' title='bbox 1002 2549 1087 2635; x_wconf 72' lang='grc' dir='ltr'><strong><em>ὑπὲρ</em></strong></span> 
     </span>
     <span class='ocr_line' id='line_1_23' title="bbox 138 2647 1088 2739; baseline 0.002 -24"><span class='ocrx_word' id='word_1_163' title='bbox 138 2647 238 2716; x_wconf 82' lang='grc' dir='ltr'><strong><em>ιῦτῦν</em></strong></span> <span class='ocrx_word' id='word_1_164' title='bbox 258 2655 443 2737; x_wconf 78' lang='grc' dir='ltr'><strong><em>φοβεῖσθαι</em></strong></span> <span class='ocrx_word' id='word_1_165' title='bbox 459 2656 515 2720; x_wconf 84' lang='grc' dir='ltr'><strong><em>καλ</em></strong></span> <span class='ocrx_word' id='word_1_166' title='bbox 530 2656 675 2721; x_wconf 78' lang='grc' dir='ltr'><strong><em>δεδιέναι</em></strong></span> <span class='ocrx_word' id='word_1_167' title='bbox 698 2657 1019 2739; x_wconf 79' lang='grc' dir='ltr'><strong><em>προσποιουμένοις,</em></strong></span> <span class='ocrx_word' id='word_1_168' title='bbox 1042 2655 1088 2718; x_wconf 79' lang='grc' dir='ltr'><strong><em>ἔτι</em></strong></span> 
     </span>
     <span class='ocr_line' id='line_1_24' title="bbox 138 2744 1088 2838; baseline 0.002 -24"><span class='ocrx_word' id='word_1_169' title='bbox 138 2751 159 2815; x_wconf 67' lang='grc' dir='ltr'><strong><em>δὲ</em></strong></span> <span class='ocrx_word' id='word_1_170' title='bbox 176 2745 256 2828; x_wconf 84' lang='grc' dir='ltr'><strong><em>τοῦς</em></strong></span> <span class='ocrx_word' id='word_1_171' title='bbox 269 2744 335 2815; x_wconf 85' lang='grc' dir='ltr'><strong><em>οῦκ</em></strong></span> <span class='ocrx_word' id='word_1_172' title='bbox 349 2744 657 2836; x_wconf 74' lang='grc' dir='ltr'><strong><em>ἀποδοκιμάζοντας</em></strong></span> <span class='ocrx_word' id='word_1_173' title='bbox 670 2749 707 2819; x_wconf 91' lang='grc' dir='ltr'><strong><em>τδ</em></strong></span> <span class='ocrx_word' id='word_1_174' title='bbox 727 2756 841 2820; x_wconf 71' lang='grc' dir='ltr'><strong><em>δοκεῖν</em></strong></span> <span class='ocrx_word' id='word_1_175' title='bbox 854 2749 1088 2838; x_wconf 80' lang='grc' dir='ltr'><strong><em>ἐπιβουλεύειν</em></strong></span> 
     </span>
     <span class='ocr_line' id='line_1_25' title="bbox 138 2845 1117 2937; baseline 0.002 -23"><span class='ocrx_word' id='word_1_176' title='bbox 138 2868 160 2914; x_wconf 63' lang='grc' dir='ltr'><strong><em>ἐ</em></strong></span> <span class='ocrx_word' id='word_1_177' title='bbox 177 2861 248 2926; x_wconf 89' lang='grc' dir='ltr'><strong><em>τοῖς</em></strong></span> <span class='ocrx_word' id='word_1_178' title='bbox 261 2846 421 2934; x_wconf 80' lang='grc' dir='ltr'><strong><em>Ἕλλησιν</em></strong></span> <span class='ocrx_word' id='word_1_179' title='bbox 436 2845 521 2918; x_wconf 88' lang='grc' dir='ltr'><strong><em>ἀλλά</em></strong></span> <span class='ocrx_word' id='word_1_180' title='bbox 542 2849 603 2937; x_wconf 82' lang='grc' dir='ltr'><strong><em>τήν</em></strong></span> <span class='ocrx_word' id='word_1_181' title='bbox 624 2856 734 2919; x_wconf 79' lang='grc' dir='ltr'><strong><em>αἰτίαν</em></strong></span> <span class='ocrx_word' id='word_1_182' title='bbox 754 2847 879 2936; x_wconf 80' lang='grc' dir='ltr'><strong><em>ταύτην</em></strong></span> <span class='ocrx_word' id='word_1_183' title='bbox 900 2845 997 2930; x_wconf 78' lang='grc' dir='ltr'><strong><em>ἀξίαν</em></strong></span> <span class='ocrx_word' id='word_1_184' title='bbox 1015 2850 1087 2916; x_wconf 79' lang='grc' dir='ltr'><strong><em>ἐπι-</em></strong></span> <span class='ocrx_word' id='word_1_185' title='bbox 1102 2869 1117 2909; x_wconf 76' lang='lat' dir='ltr'>c</span> 
     </span>
     <span class='ocr_line' id='line_1_26' title="bbox 138 2944 1089 3033; baseline 0.002 -21"><span class='ocrx_word' id='word_1_186' title='bbox 138 2952 250 3032; x_wconf 64' lang='lat' dir='ltr'><strong><em>*vm&#39;ae</em></strong></span> <span class='ocrx_word' id='word_1_187' title='bbox 273 2944 358 3015; x_wconf 77' lang='grc' dir='ltr'><strong><em>εἶναι</em></strong></span> <span class='ocrx_word' id='word_1_188' title='bbox 377 2953 585 3032; x_wconf 74' lang='grc' dir='ltr'><strong><em>νομίζοντας·</em></strong></span> <span class='ocrx_word' id='word_1_189' title='bbox 614 2956 649 3017; x_wconf 81' lang='grc' dir='ltr'><strong><em>οἳ</em></strong></span> <span class='ocrx_word' id='word_1_190' title='bbox 663 2955 826 3017; x_wconf 85' lang='grc' dir='ltr'><strong><em>τοσοῦτον</em></strong></span> <span class='ocrx_word' id='word_1_191' title='bbox 847 2944 1011 3033; x_wconf 81' lang='grc' dir='ltr'><strong><em>ἀφεστᾶσι</em></strong></span> <span class='ocrx_word' id='word_1_192' title='bbox 1027 2953 1089 3014; x_wconf 89' lang='grc' dir='ltr'><strong><em>τοῦ</em></strong></span> 
     </span>
     <span class='ocr_line' id='line_1_27' title="bbox 140 3041 1089 3134; baseline 0.002 -23"><span class='ocrx_word' id='word_1_193' title='bbox 140 3051 209 3111; x_wconf 87' lang='grc' dir='ltr'><strong><em>οῦν</em></strong></span> <span class='ocrx_word' id='word_1_194' title='bbox 230 3049 335 3131; x_wconf 78' lang='grc' dir='ltr'><strong><em>ἔχειν,</em></strong></span> <span class='ocrx_word' id='word_1_195' title='bbox 359 3041 437 3112; x_wconf 74' lang='grc' dir='ltr'><strong><em>ὥστ’</em></strong></span> <span class='ocrx_word' id='word_1_196' title='bbox 455 3043 519 3114; x_wconf 83' lang='grc' dir='ltr'><strong><em>οῦκ</em></strong></span> <span class='ocrx_word' id='word_1_197' title='bbox 540 3057 669 3134; x_wconf 83' lang='grc' dir='ltr'><strong><em>ίσασιυ,</em></strong></span> <span class='ocrx_word' id='word_1_198' title='bbox 691 3045 743 3115; x_wconf 81' lang='grc' dir='ltr'><strong><em>ὅτι</em></strong></span> <span class='ocrx_word' id='word_1_199' title='bbox 763 3059 831 3127; x_wconf 88' lang='grc' dir='ltr'><strong><em>τοῖς</em></strong></span> <span class='ocrx_word' id='word_1_200' title='bbox 851 3044 965 3126; x_wconf 82' lang='grc' dir='ltr'><strong><em>αὐτοῖς</em></strong></span> <span class='ocrx_word' id='word_1_201' title='bbox 982 3045 1027 3114; x_wconf 82' lang='grc' dir='ltr'><strong><em>ἀν</em></strong></span> <span class='ocrx_word' id='word_1_202' title='bbox 1039 3071 1089 3124; x_wconf 89' lang='grc' dir='ltr'><strong><em>τις</em></strong></span> 
     </span>
     <span class='ocr_line' id='line_1_28' title="bbox 138 3141 1088 3235; baseline 0.002 -25"><span class='ocrx_word' id='word_1_203' title='bbox 138 3143 236 3229; x_wconf 78' lang='grc' dir='ltr'><strong><em>όγοις</em></strong></span> <span class='ocrx_word' id='word_1_204' title='bbox 249 3144 424 3230; x_wconf 74' lang='grc' dir='ltr'><strong><em>χριόμενος</em></strong></span> <span class='ocrx_word' id='word_1_205' title='bbox 444 3142 524 3224; x_wconf 83' lang='grc' dir='ltr'><strong><em>τοῦς</em></strong></span> <span class='ocrx_word' id='word_1_206' title='bbox 540 3147 604 3234; x_wconf 73' lang='grc' dir='ltr'><strong><em>μὲν</em></strong></span> <span class='ocrx_word' id='word_1_207' title='bbox 624 3147 781 3235; x_wconf 74' lang='grc' dir='ltr'><strong><em>βλάψειε,</em></strong></span> <span class='ocrx_word' id='word_1_208' title='bbox 807 3144 886 3225; x_wconf 86' lang='grc' dir='ltr'><strong><em>τοῦς</em></strong></span> <span class='ocrx_word' id='word_1_209' title='bbox 904 3143 935 3214; x_wconf 91' lang='grc' dir='ltr'><strong><em>δ’</em></strong></span> <span class='ocrx_word' id='word_1_210' title='bbox 956 3141 1088 3231; x_wconf 79' lang='grc' dir='ltr'><strong><em>ἀφελή-</em></strong></span> 
     </span>
     <span class='ocr_line' id='line_1_29' title="bbox 138 3238 1088 3342; baseline -0.001 -31"><span class='ocrx_word' id='word_1_211' title='bbox 138 3269 220 3311; x_wconf 90' lang='grc' dir='ltr'><strong><em>ειεν.</em></strong></span> <span class='ocrx_word' id='word_1_212' title='bbox 251 3238 327 3312; x_wconf 76' lang='grc' dir='ltr'><strong><em>οἷον</em></strong></span> <span class='ocrx_word' id='word_1_213' title='bbox 348 3245 404 3312; x_wconf 80' lang='grc' dir='ltr'><strong><em>καὶ</em></strong></span> <span class='ocrx_word' id='word_1_214' title='bbox 421 3251 502 3342; x_wconf 83' lang='grc' dir='ltr'><strong><em>νῦν,</em></strong></span> <span class='ocrx_word' id='word_1_215' title='bbox 529 3251 637 3333; x_wconf 79' lang='grc' dir='ltr'><strong><em>εἰμέν</em></strong></span> <span class='ocrx_word' id='word_1_216' title='bbox 653 3273 702 3325; x_wconf 91' lang='grc' dir='ltr'><strong><em>τις</em></strong></span> <span class='ocrx_word' id='word_1_217' title='bbox 718 3252 801 3332; x_wconf 86' lang='grc' dir='ltr'><strong><em>φαίη</em></strong></span> <span class='ocrx_word' id='word_1_218' title='bbox 822 3241 883 3313; x_wconf 90' lang='grc' dir='ltr'><strong><em>τδν</em></strong></span> <span class='ocrx_word' id='word_1_219' title='bbox 902 3251 961 3331; x_wconf 85' lang='grc' dir='ltr'><strong><em>τῆς</em></strong></span> <span class='ocrx_word' id='word_1_220' title='bbox 978 3240 1088 3320; x_wconf 84' lang='grc' dir='ltr'><strong><em>Ἀσίας</em></strong></span> 
     </span>
     <span class='ocr_line' id='line_1_30' title="bbox 138 3340 1087 3433; baseline -0.002 -22"><span class='ocrx_word' id='word_1_221' title='bbox 138 3346 259 3412; x_wconf 87' lang='grc' dir='ltr'><strong><em>ασιλέα</em></strong></span> <span class='ocrx_word' id='word_1_222' title='bbox 280 3357 351 3422; x_wconf 84' lang='grc' dir='ltr'><strong><em>τοῖς</em></strong></span> <span class='ocrx_word' id='word_1_223' title='bbox 367 3340 524 3430; x_wconf 81' lang='grc' dir='ltr'><strong><em>Ἕλλησιν</em></strong></span> <span class='ocrx_word' id='word_1_224' title='bbox 546 3344 780 3433; x_wconf 80' lang='grc' dir='ltr'><strong><em>ἐπιβουλεύειν</em></strong></span> <span class='ocrx_word' id='word_1_225' title='bbox 801 3345 856 3412; x_wconf 84' lang='grc' dir='ltr'><strong><em>καὶ</em></strong></span> <span class='ocrx_word' id='word_1_226' title='bbox 876 3342 1087 3430; x_wconf 85' lang='grc' dir='ltr'><strong><em>παρεσκευά-</em></strong></span> 
     </span>
     <span class='ocr_line' id='line_1_31' title="bbox 138 3437 1088 3530; baseline -0.004 -18"><span class='ocrx_word' id='word_1_227' title='bbox 138 3454 202 3512; x_wconf 78' lang='grc' dir='ltr'><strong><em>θαι</em></strong></span> <span class='ocrx_word' id='word_1_228' title='bbox 216 3441 418 3530; x_wconf 86' lang='grc' dir='ltr'><strong><em>στρατεάειν</em></strong></span> <span class='ocrx_word' id='word_1_229' title='bbox 433 3440 487 3529; x_wconf 84' lang='grc' dir='ltr'><strong><em>ἐφ’</em></strong></span> <span class='ocrx_word' id='word_1_230' title='bbox 500 3441 604 3530; x_wconf 81' lang='grc' dir='ltr'><strong><em>ἡμᾶς,</em></strong></span> <span class='ocrx_word' id='word_1_231' title='bbox 620 3441 724 3513; x_wconf 78' lang='grc' dir='ltr'><strong><em>οῦδὲν</em></strong></span> <span class='ocrx_word' id='word_1_232' title='bbox 734 3438 779 3511; x_wconf 86' lang='grc' dir='ltr'><strong><em>ἀν</em></strong></span> <span class='ocrx_word' id='word_1_233' title='bbox 789 3444 880 3530; x_wconf 77' lang='grc' dir='ltr'><strong><em>λέγοι</em></strong></span> <span class='ocrx_word' id='word_1_234' title='bbox 891 3443 967 3528; x_wconf 79' lang='grc' dir='ltr'><strong><em>περὶ</em></strong></span> <span class='ocrx_word' id='word_1_235' title='bbox 981 3437 1088 3510; x_wconf 83' lang='grc' dir='ltr'><strong><em>αῦτοῦ</em></strong></span> 
     </span>
     <span class='ocr_line' id='line_1_32' title="bbox 139 3538 1087 3632; baseline -0.001 -21"><span class='ocrx_word' id='word_1_236' title='bbox 139 3550 279 3628; x_wconf 86' lang='grc' dir='ltr'><strong><em>λαῦρον</em></strong></span> <span class='ocrx_word' id='word_1_237' title='bbox 306 3538 382 3612; x_wconf 86' lang='grc' dir='ltr'><strong><em>ἀλλ’</em></strong></span> <span class='ocrx_word' id='word_1_238' title='bbox 415 3539 690 3632; x_wconf 84' lang='grc' dir='ltr'><strong><em>ἀνδρωδέστερον</em></strong></span> <span class='ocrx_word' id='word_1_239' title='bbox 715 3540 821 3612; x_wconf 82' lang='grc' dir='ltr'><strong><em>αῦτδν</em></strong></span> <span class='ocrx_word' id='word_1_240' title='bbox 850 3543 906 3612; x_wconf 77' lang='grc' dir='ltr'><strong><em>καί</em></strong></span> <span class='ocrx_word' id='word_1_241' title='bbox 934 3545 1087 3618; x_wconf 89' lang='grc' dir='ltr'><strong><em>πλείονος</em></strong></span> 
     </span>
     <span class='ocr_line' id='line_1_33' title="bbox 138 3636 1066 3731; baseline -0.002 -21"><span class='ocrx_word' id='word_1_242' title='bbox 138 3652 213 3722; x_wconf 79' lang='grc' dir='ltr'><strong><em>ξιον</em></strong></span> <span class='ocrx_word' id='word_1_243' title='bbox 237 3647 353 3711; x_wconf 76' lang='grc' dir='ltr'><strong><em>δοκεῖν</em></strong></span> <span class='ocrx_word' id='word_1_244' title='bbox 374 3638 461 3711; x_wconf 82' lang='grc' dir='ltr'><strong><em>εἶναι</em></strong></span> <span class='ocrx_word' id='word_1_245' title='bbox 481 3645 666 3731; x_wconf 88' lang='grc' dir='ltr'><strong><em>ποιήσειεν·</em></strong></span> <span class='ocrx_word' id='word_1_246' title='bbox 704 3649 735 3711; x_wconf 86' lang='grc' dir='ltr'><strong><em>εί</em></strong></span> <span class='ocrx_word' id='word_1_247' title='bbox 754 3642 791 3711; x_wconf 78' lang='grc' dir='ltr'><strong><em>δδ</em></strong></span> <span class='ocrx_word' id='word_1_248' title='bbox 813 3647 882 3710; x_wconf 83' lang='grc' dir='ltr'><strong><em>τῦν</em></strong></span> <span class='ocrx_word' id='word_1_249' title='bbox 901 3636 964 3727; x_wconf 83' lang='grc' dir='ltr'><strong><em>ἀφ’</em></strong></span> <span class='ocrx_word' id='word_1_250' title='bbox 984 3639 1066 3719; x_wconf 79' lang='grc' dir='ltr'><strong><em>Ἡρα</em></strong></span> 
     </span>
    </p>
   </div>
   <div class='ocr_carea' id='block_1_4' title="bbox 0 0 1434 4334">
    <p class='ocr_par' dir='ltr' id='par_1_4' title="bbox 0 0 1434 4334">
     <span class='ocr_line' id='line_1_34' title="bbox 0 0 1434 4334; baseline 0 2"><span class='ocrx_word' id='word_1_251' title='bbox 0 0 1434 4334; x_wconf 95' lang='lat' dir='ltr'><strong><em> </em></strong></span> 
     </span>
    </p>
   </div>
  </div>
 </body>
</html>
