2859 4334
438 366 915 426 ΠΕΡΙΑΝΤΙΔΟΣΕΩΣ.
1089 359 1150 424 153

117 545 179 599 ²16
197 529 410 615 τηδεύοντας.
439 524 504 613 ἐγὼ
529 522 560 593 δ’
585 522 645 611 ούχ
669 524 754 609 ὑπὲρ
777 524 1026 594 ἁπάντωντῶν
1044 546 1147 608 προσ-

199 631 416 713 ποιουμένων
433 627 605 694 δύνασθαι.
621 625 798 692 παιδεύειν
817 633 977 711 ποιοῦμαι
997 621 1078 703 τοῦς
1090 623 1149 691 λό-

198 754 281 814 γους
297 724 369 795 ἀλλ’
387 725 471 811 ὑπέρ
486 732 554 793 τῶν
570 730 705 803 δικαίως
721 722 782 810 τὴν
800 726 902 805 δόξαν
911 726 1037 811 ταύτην
1054 724 1149 810 ἐχόν-

198 852 277 893 των.
302 823 392 911 οἶμαι
411 826 447 893 δδ
462 830 579 909 σαφῶς
598 825 772 903 ἐπιδείξειν
787 822 867 902 τούς
881 828 1150 908 κατηγοροῦντας

197 921 295 1009 ἡμῶν
312 921 399 990 πολύ
412 930 469 1007 τῆς
480 918 640 1007 ἀληθείας
650 920 932 1006 διημαρτηκότας,
953 920 1060 1007 ἥνπερ
1072 922 1150 987 ἐθε-

198 1023 320 1108 λήσητε
337 1018 391 1087 διά
406 1024 522 1097 τέλους
536 1015 680 1085 άκοῦσαι
697 1024 767 1083 τῶν
781 1020 981 1104 λεγομένων.

159 1136 178 1192 7
283 1127 425 1203 Πρῶτον
441 1119 503 1203 μδν
518 1109 582 1184 ούν
597 1113 780 1199 ὁρίσασθαι
796 1120 856 1203 δεῖ,
873 1124 976 1185 τίνων
989 1114 1150 1201 ὀρεγόμε-

197 1247 253 1287 νοι
270 1220 325 1285 καί
341 1224 431 1295 τίνος
450 1229 562 1301 τυχεῖν
586 1215 789 1302 βουλόμενοι
814 1222 963 1301 τολμῶσί
973 1241 1061 1293 τινες
1074 1212 1150 1281 άδι·

199 1332 286 1385 κεῖν·
314 1311 358 1402 ἢν
377 1312 442 1400 γάρ
464 1320 568 1382 ταῦτα
594 1320 702 1391 καλῶς
727 1314 979 1400 περιλάβωμεν,
1011 1311 1152 1399 άμεινον
1170 1326 1217 1380 104

198 1415 375 1504 γνύσεσθε
396 1412 455 1491 τὰς
473 1419 577 1491 αἰτίας
591 1411 650 1492 τάς
666 1410 748 1481 καθ’
765 1410 862 1499 ἡμῶν
876 1413 1074 1498 λεγομένας,
1090 1408 1148 1481 εἰτ’

199 1515 338 1601 ἀληθεῖς
363 1516 446 1581 εἰσὶν
464 1522 528 1580 είτε
551 1516 694 1592 ψευδεῖς.
719 1509 784 1597 ἐγω
807 1512 869 1596 μὲν
892 1504 958 1579 σύν
979 1509 1104 1599 ἡδονῆς
1129 1505 1150 1596 ἢ

199 1619 340 1697 κέρδους
353 1612 375 1700 ἢ
391 1618 487 1697 τιμῆς
502 1612 599 1679 ἕνεκα
614 1612 699 1697 φημί
713 1610 842 1691 πάντας
857 1612 966 1679 πάντα
981 1611 1149 1697 πράττειν·

200 1719 262 1794 ἔξω
284 1711 350 1798 γάρ
371 1712 502 1779 τούτων
525 1706 686 1796 οὐδεμίαν
706 1713 893 1796 ἐπιθυμίαν
913 1708 982 1795 ὁρῶ
1003 1724 1072 1788 τοῖς
1088 1708 1151 1777 άν-

121 1829 181 1881 218
203 1811 355 1895 θρώποις
373 1808 621 1893 ἐγγιγνομένην.
645 1813 674 1874 ελ
691 1805 732 1893 δὴ
751 1804 852 1874 ταῦθ’
866 1804 973 1885 οὕτως
987 1813 1063 1893 ἔχει,
1079 1815 1151 1875 λοι-

199 1912 244 1978 πό
249 1937 267 1977 ν
282 1905 350 1976 ε’στι
363 1908 564 1989 σκέψασθαι,
581 1913 616 1973 τί
625 1905 757 1972 τούτων
766 1900 811 1971 άν
821 1901 901 1991 ἡμῖν
912 1913 1060 1992 γίγνοιτο
1076 1910 1151 1973 δια-

200 2015 382 2097 φθείρουσι
410 2003 489 2084 τούς
523 2008 714 2090 νεωτέρους.
751 2004 896 2091 πότερον
920 2000 964 2073 άν
988 2002 1151 2094 ἡσθεῖμεν

200 2109 346 2193 ὁρῶντες
363 2101 451 2191 ἢκαὶ
462 2104 720 2189 πυνθανόμενοι
731 2101 902 2190 πονηρούς
916 2101 1041 2183 αύτούς
1052 2102 1151 2183 ὄντας

199 2211 255 2276 καί
270 2211 453 2283 δοκοῦντας
464 2218 533 2283 τοῖς
543 2210 899 2289 συμπολιτευομένοιςς
915 2208 969 2272 καί
984 2211 1032 2283 τίς
1044 2203 1152 2282 οὕτως

200 2308 291 2376 ἐστίν
311 2303 534 2390 ἀναίσθητος,
559 2302 649 2381 ὅστις
676 2300 740 2370 ούκ
759 2300 804 2369 ἂν
827 2301 981 2391 ἀλγήσειε
996 2304 1151 2390 τοιαύτης

126 2430 185 2484 219
200 2412 360 2493 διαβολῆς
379 2405 455 2489 περὶ
477 2400 584 2470 αὐτόν
598 2406 814 2488 γιγνομένης;
830 2401 915 2471 ἀλλὰ
929 2402 998 2490 μὴν
1014 2401 1090 2471 οὐδ’
1107 2402 1151 2469 αν

199 2514 460 2591 θανμασθεῖμεν
481 2498 561 2569 οῦδὲ
583 2509 679 2588 τιμῆς
699 2502 844 2589 μεγάλης
865 2505 1020 2589 τύχοιμεν
1037 2503 1151 2571 τοιού-

199 2631 279 2683 τους
299 2600 379 2679 τούς
402 2599 569 2678 συνόντας
594 2597 866 2687 άποπέμποντες,
882 2599 966 2670 ἀλλὰ
996 2600 1084 2670 πολύ
1109 2599 1152 2669 άν

200 2712 330 2792 μᾶλλον
352 2710 667 2787 καταφρονηθεῖμεν
688 2701 744 2766 καὶ
768 2711 969 2787 μισηθεῖμεν
989 2708 1058 2768 τῶν
1081 2716 1152 2778 ταῖς

199 2803 316 2879 άλλαις
341 2806 516 2886 πονηρίαις
540 2799 668 2884 ἐνόχων
692 2795 811 2865 ὅντων.
846 2801 901 2867 καί
920 2796 988 2884 μὴν
1015 2795 1093 2865 οὐδ’
1123 2805 1153 2865 εί

197 2911 302 2972 ταῦτα
314 2906 523 2985 παρίδοιμεν,
537 2898 685 2985 χρήματα
697 2896 824 2966 πλεῖστ’
835 2894 880 2965 άν
891 2899 1051 2986 λάβοιμεν
1062 2896 1150 2965 ούτω

126 3025 182 3078 οκο
198 3009 257 3090 τῆς
271 3005 422 3077 παιδείας
436 3005 649 3082 προεστῶτες.
674 2996 765 3083 οἶμαι
788 2995 853 3083 γάρ
878 2998 988 3084 δηπσυ
999 2998 1098 3065 τοῦτο’
1112 3024 1150 3083 γε

199 3101 328 3177 πάντας
351 3096 569 3183 γιγνώσκειν,
594 3094 646 3162 ὅτι
668 3104 811 3184 σοφιστῇ
833 3092 957 3182 μισθός
977 3097 1151 3174 κάλλιστός

199 3202 333 3270 ἐστικαὶ
347 3202 507 3284 μέγιστος,
526 3191 568 3283 ἢν
581 3202 649 3263 τῶν
665 3204 829 3283 μαθητῶν
842 3198 929 3275 τινές
940 3198 1035 3265 καλοί
1046 3195 1151 3283 κάγα-

197 3305 255 3371 θολ
277 3301 331 3367 καί
354 3297 515 3383 φρόνιμοι
546 3301 708 3383 γένωνται
727 3299 784 3365 καί
803 3295 894 3383 παρὰ
915 3312 982 3376 τοῖς
1002 3304 1151 3377 πολίταις

199 3398 474 3483 εὐδοκιμοῦντες·
504 3400 537 3463 οί
557 3393 703 3482 μὲνγὰρ
723 3404 869 3464 τοιοῦτοι
891 3396 1036 3476 πολλοῦς
1051 3424 1152 3485 μετα-

198 3510 289 3586 σχεῖν
309 3503 366 3582 τῆς
386 3499 538 3574 παιδείας
557 3501 603 3574 είς
623 3498 809 3583 ἐπιθυμίαν
828 3504 1044 3580 καθιστᾶσιν,
1068 3504 1103 3567 οί
1114 3503 1151 3567 δὲ

198 3596 341 3681 πονηροὶ
360 3598 413 3663 καί
428 3591 508 3674 τούς
526 3596 693 3682 πρότερον
714 3609 866 3663 συνεῖναι
887 3600 1149 3681 διανοουμένους
