2859 4334
303 386 343 448 74
578 390 983 467 mmmmm>

302 550 360 616 δδν
375 546 493 635 ὅμοιον
507 562 575 627 τοῖς
590 547 720 632 ἀλλοις,
735 546 820 617 ἀλλά
834 565 903 630 τοῖς
917 553 979 635 μὲν
993 550 1157 639 ῥᾳθύμως
1173 546 1253 617 ἄνα,
1346 510 1347 569 λ

303 648 550 735 γιγνώσκουσιν
564 645 696 715 ἁπλοῦν
708 646 793 715 εἶναι
805 648 945 728 δόξοντα
956 650 1010 717 καὶ
1021 650 1142 737 ῥᾴδιον
1155 675 1256 717 κατα·

303 757 437 832 μαθεῖν,
451 760 519 825 τοῖς
533 741 566 813 δ’
578 744 724 833 ἀκριβῶς
738 751 918 827 διεξιοῦσιν
933 744 1049 831 αὐτόν,
1064 750 1119 815 καὶ
1133 772 1260 829 πειρω-
1346 794 1347 815 1

302 847 416 931 μένοις
425 849 581 922 κατιδεῖν,
598 841 708 923 δτοδς
723 843 845 924 άλλονς
861 847 1014 931 λέληθεν,
1028 844 1175 932 χαλεπὸν
1190 872 1260 930 φα·
1346 836 1347 845 ¹

304 945 473 1029 νοόμενον
483 945 538 1010 καὶ
550 945 866 1030 δυσκαταμάθητον,
885 947 939 1015 καλ
954 954 1078 1031 πολλῆς
1092 948 1155 1031 μὲν
1167 952 1286 1013 ίστο-ο

302 1051 375 1128 ρίας
390 1044 533 1127 γέμοντα
548 1044 602 1110 καὶ
617 1048 836 1128 φιλοσοφίας,
852 1050 1067 1131 παντοδαπῆς
1082 1048 1119 1113 δὲ
1134 1042 1263 1131 μεστόν

303 1150 468 1220 ποικιλίας
486 1144 541 1209 καλ
561 1146 798 1228 ψευδολογίας,
822 1140 864 1209 οό
884 1151 941 1229 τῆς
963 1146 1155 1230 εἰθισμένης
1176 1140 1261 1228 μετά

303 1248 418 1320 κακίας
438 1244 599 1329 βλάπτειν
621 1240 699 1321 τούς
722 1247 1069 1329 συμπολιτευομένους
1093 1241 1177 1311 ἀλλὰ
1203 1249 1262 1327 τῆς

302 1345 489 1428 δυναμένης
517 1338 597 1427 μετά
626 1345 777 1420 παιδείας
807 1338 947 1427 ῶφελεῖν
959 1338 994 1432 [ή
1021 1345 1167 1431 τέρπειν]
1180 1338 1262 1417 τοὺς

236 1462 284 1516 247
303 1438 504 1519 ἀκούοντας·
528 1432 576 1507 ῶν
593 1438 693 1507 οὐδὲν
707 1442 852 1507 ἐάσαντα
870 1468 910 1526 με
925 1442 1041 1527 φήσεις
1054 1438 1114 1507 τόν
1129 1438 1259 1525 τρόπον

302 1550 422 1607 τοῦτον
436 1547 533 1626 ἔχειν,
550 1537 595 1618 ῶς
609 1539 799 1625 ἐβουλεύσω
815 1539 857 1607 σδ
869 1544 943 1624 περὶ
954 1539 1077 1624 αὐτῶν,
1095 1537 1178 1606 ἀλλά
1195 1540 1260 1624 τήν

302 1667 336 1707 τε
358 1641 503 1725 δύναμιν
524 1648 591 1706 τῶν
612 1644 804 1726 λεγομένων
825 1641 1023 1708 διδάσκοντα
1044 1644 1097 1707 καί
1115 1638 1176 1725 τήν
1191 1640 1259 1725 σήν

303 1740 457 1805 διάνοιαν
473 1739 699 1824 ἐξηγούμενον
713 1737 776 1806 οὐκ
792 1740 1017 1807 αἰσθάνεσθαι
1032 1739 1182 1829 τοσούτω
1196 1737 1260 1805 τόν

303 1838 406 1923 λόγον
420 1836 619 1922 ἀδοξότερον
634 1836 680 1905 δι’
694 1840 750 1923 ἐμὲ
764 1840 978 1925 γιγνόμενον,
994 1837 1063 1929 όσφ
1076 1865 1137 1922 περ
1152 1836 1285 1907 αότόνδ

304 1936 539 2021 φανερώτερον
555 1940 692 2005 ἐποίουν
709 1941 765 2005 καί
781 1940 1038 2024 γνωριμώτερον
1055 1954 1122 2017 τοῖς
1139 1937 1261 2022 ἀναγι-

303 2038 529 2122 γνώσκουσιν·
548 2039 732 2124 ἐπιστήμην
747 2038 810 2122 γὰρ
826 2052 893 2116 τοῖς
908 2036 970 2106 οὐκ
983 2040 1108 2108 εἰδόσιν
1120 2042 1261 2121 ἐνεργα·

304 2135 443 2221 ζόμενον
464 2141 588 2221 ἔρημον
610 2135 671 2204 τόν
691 2138 795 2221 λόγον
814 2163 855 2223 με
877 2150 985 2204 ποιεῖν
1008 2139 1062 2204 καὶ
1085 2144 1141 2222 τῆς
1164 2141 1261 2221 τιμῆς

303 2233 499 2317 ἀποστερεῖν
513 2243 570 2319 τῆς
585 2240 784 2321 γιγνομένης
795 2232 839 2304 ἀν
850 2234 940 2325 αὐτῷ
952 2234 1006 2303 διά
1019 2234 1097 2314 τούς
1108 2241 1260 2302 πονοῦν-
1345 2314 1346 2317 ¹

235 2355 286 2408 248
302 2362 358 2410 τας
368 2337 421 2400 καὶ
430 2334 606 2419 πράγματα
613 2332 849 2420 σφίσιναύτοίς
857 2339 1068 2420 παρέχοντας.
1085 2330 1259 2424 ((,η’.)Ἐγῶ
1345 2334 1346 2339 ’

304 2431 335 2500 δ’
349 2431 501 2519 ὁμολογῶ
515 2434 576 2518 μὲν
591 2432 833 2518 ἀπολελεῖφθαι
849 2432 910 2519 τήν
925 2431 1008 2520 ἐμήν
1021 2435 1189 2519 φρόνησιν
1200 2440 1281 2518 τῆςᾗ

303 2540 363 2618 σῆς
378 2530 422 2610 ῶς
436 2530 584 2601 δυνατόν
597 2544 768 2617 πλεῖστον,
793 2532 834 2600 οό
854 2532 922 2621 μὴν
941 2532 1015 2602 ἀλλ’
1034 2532 1145 2616 ῶσπερ
1165 2528 1258 2600 τοῦτ’

305 2630 395 2715 οἶδα,
422 2629 555 2698 κάκεῖνο
576 2635 731 2718 τυγχάνω
750 2635 966 2719 γιγνώσκων,
991 2632 1041 2701 ότι
1058 2640 1114 2718 τῆς
1130 2633 1259 2708 πόλεως

304 2738 361 2815 τής
373 2727 533 2815 ὑμετέρας
543 2736 791 2818 βουλευομένης
805 2736 880 2814 περὶ
894 2741 962 2800 τῶν
973 2740 1137 2818 μεγίστων
1150 2736 1184 2798 οί
1196 2730 1259 2815 μὲν

303 2828 421 2915 άριστα
437 2843 578 2913 φρονεῖν
593 2834 770 2909 δοκοῦντες
791 2835 894 2899 ἐνίοτε
917 2833 1179 2917 διαμαρτάνουσι
1197 2836 1258 2896 τοῦ
1344 2842 1345 2849 ’

304 2932 550 3013 συμφέροντος,
572 2937 639 2996 τῶν
655 2931 691 2997 δὲ
706 2932 848 3015 φαύλων
862 2934 1088 3015 νομιζομένων
1104 2927 1258 2996 εἶναικαὶ

304 3032 633 3112 καταφρονουμένου
648 3035 739 3095 ἐστιν
750 3026 804 3095 ὅτε
816 3029 1043 3113 κατώρθωσεν
1054 3026 1071 3095 ὁ
1084 3028 1195 3113 τυχῶν
1205 3028 1260 3095 καὶ
1273 3038 1314 3091 νίν

237 3136 288 3191 249
304 3132 455 3216 βέλτιστα
467 3129 577 3211 λέγειν
588 3132 718 3207 ἔδοξεν·
736 3124 812 3193 ὥστ’
826 3124 927 3195 οὐδὲν
937 3125 1147 3213 θαυμαστόν,
1164 3132 1194 3193 εί
1203 3134 1258 3193 καὶ

304 3230 450 3310 περὶτοῦ
463 3233 528 3292 νῦν
540 3229 719 3305 ἐνεστῶτος
728 3228 883 3294 τοιοῦτόν
895 3254 925 3293 τι
935 3229 1156 3313 συμβέβηκεν,
1169 3222 1259 3293 ὅπου

305 3324 347 3393 σύ
358 3328 421 3410 μὲν
432 3334 493 3392 ολει
505 3323 635 3410 μάλιστ’
646 3324 889 3411 εὐδοκιμήσειν,
901 3323 945 3412 ήν
957 3323 1001 3403 ῶς
1013 3334 1167 3393 πλεῖστον
1178 3322 1257 3409 ηρό-

306 3453 367 3493 νον
387 3423 567 3513 διαλάθης,
593 3423 636 3510 ἢν
657 3432 742 3511 ἔχων
764 3426 902 3511 γνώμην
924 3422 962 3492 τά
985 3426 1060 3508 περὶ
1074 3421 1135 3489 τόν
1155 3423 1254 3507 λόγον

305 3524 592 3609 ἐπραγματεύθης,
608 3524 672 3611 ἐγώ
689 3521 720 3592 δ’
738 3523 883 3610 ἡγοῦμαι
897 3522 1047 3608 βέλτιστά
1061 3543 1098 3589 σε
1109 3522 1254 3605 πράξειν.

306 3622 348 3708 ἢν
359 3630 510 3709 δυνηθῇς
521 3623 582 3709 τήν
595 3626 758 3704 διάνοιαν,
775 3626 795 3710 ή
810 3626 978 3707 χρώμενος
990 3618 1094 3688 αὐτόν
1108 3624 1254 3704 συνέθη·
