2859 4334
583 420 766 479 ΕΛΕΝΗ.
1085 417 1148 481 23⁹

188 580 301 649 αδτῶν
316 576 409 665 άραν
424 579 678 664 διαφυλάξωσιν
689 575 818 665 άβατον
827 592 897 660 τοῖς
907 593 1069 667 πονηροῖς
1079 577 1147 648 δσ-

187 706 250 767 περ
261 676 354 762 ίερδν
365 675 580 763 ποιήσαντες,
596 672 739 755 τούτους
749 681 797 756 είς
806 673 868 745 τδν
878 679 1053 748 ἐπίλοιπον
1061 677 1174 768 χρό-δ

186 805 250 846 νον
262 774 387 863 ὁμοίως
399 780 547 861 τιμῶμεν
562 771 674 859 ὥσπερ
687 769 769 852 τούς
782 772 867 861 ὅλην
876 771 940 862 τήν
949 776 1051 846 πόλιν
1061 774 1147 862 άγα-Ι

185 876 300 945 θύντι
314 872 525 960 ποιήσαντας.
862 936 867 943 ,

141 1006 172 1059 59
270 972 360 1053 (κά.)
380 972 446 1039 Καὶ
466 975 501 1038 τί
513 974 566 1039 δεῖ
580 969 638 1049 τὰς
655 967 876 1059 ἀνθρωπίνας
892 974 991 1055 δόξας
1006 977 1147 1062 λέγοντα

190 1078 390 1161 διατρίβειν;
413 1065 499 1138 άλλά
514 1066 600 1149 Ζεύς
614 1065 632 1136 ὁ
649 1076 783 1155 κρατεῖν
798 1069 937 1139 πάντων
951 1074 990 1141 ίν
1002 1077 1066 1160 μὲν
1078 1085 1147 1152 τοϊς

188 1170 302 1249 ἄλλοις
321 1167 384 1255 τήν
404 1166 510 1236 αὑτοῦ
532 1167 680 1254 δύναμιν
700 1171 927 1256 ἐνδείκνυται,
952 1169 1038 1255 πρὸς
1054 1172 1091 1241 δλ
1106 1169 1145 1240 τὰ

188 1272 309 1351 κάλλος
324 1265 480 1347 ταπεινδς
493 1268 695 1356 γιγνόμενος
707 1266 1005 1357 άξιολπλησιάζειν,
1027 1270 1146 1360 Ἀμφι-

188 1370 315 1455 τρύωνι
324 1367 388 1455 μλν
399 1364 465 1454 γάρ
477 1368 645 1448 είκασθελς
656 1365 701 1447 άις
710 1366 900 1456 Ἀλκμήνην
909 1364 1011 1456 ήλθε,
1023 1369 1145 1457 χρυσὸς

188 1469 223 1537 δὲ
237 1468 329 1557 βυελς
343 1465 465 1554 Δανάη
479 1466 694 1552 συνεγίνετο,
709 1467 837 1547 κύκνος
850 1468 887 1536 δὲ
901 1468 1084 1555 γενόμενος
1099 1474 1146 1546 είς

187 1565 266 1647 τούς
282 1566 459 1652 Νεμέσεως
479 1563 627 1644 κόλπους
649 1566 835 1653 κατίφυγε,
859 1565 968 1660 τούτῳ
986 1568 1022 1635 δὲ
1041 1568 1146 1636 πάλιν

187 1667 367 1755 ὁμοιωθελς
373 1666 491 1754 Λήδαν
500 1664 731 1752 ἐνύμφευσεν·
744 1661 796 1734 άελ
807 1665 844 1734 δλ
855 1665 937 1753 μετά
947 1668 1064 1754 πάχνης
1074 1663 1143 1736 ἄλλ’

188 1764 228 1833 ού
243 1762 326 1851 μετά
340 1770 415 1852 βίας
427 1764 628 1851 θηρώμενος
641 1773 797 1849 φαίνεται
809 1763 872 1851 τήν
885 1763 992 1849 φύσιν
1001 1763 1064 1852 τήν
1074 1790 1146 1832 τοι-

139 1891 172 1942 60
187 1864 305 1951 αύτην.
338 1863 488 1953 τοσούτῳ
511 1864 697 1949 δὲμᾶλλον
719 1868 953 1949 προτετίμηται
965 1860 1003 1930 τό
1025 1863 1148 1953 κάλλος
1161 1882 1212 1935 218

186 1960 266 2046 παρ’
280 1965 421 2040 ἐκείνοις
434 1956 456 2049 ή
471 1958 552 2047 παρ’
567 1957 658 2049 ἡμῖν,
676 1958 761 2027 ὥστε
774 1961 830 2029 καὶ
843 1974 915 2040 ταλς
928 1964 1061 2047 γυναιξί
1073 1975 1145 2041 ταῖς

186 2058 300 2129 αὑτῶν
315 2056 382 2127 ὑπὸ
398 2059 522 2127 τούτου
540 2060 783 2145 κρατουμένοις
798 2057 1005 2147 συγγνάμην
1019 2066 1143 2146 ἔχουσι,

186 2162 240 2229 καλ
254 2159 381 2237 πολλάς
394 2155 438 2226 ἄν
451 2184 501 2237 τις
516 2161 687 2238 ἐπιδείξειε
704 2160 773 2225 τάν
787 2154 987 2244 ἀθανάτων,
1007 2166 1044 2228 αλ
1053 2170 1144 2245 θνη-

185 2266 246 2327 τοῦ
262 2256 408 2335 κάλλους
420 2254 627 2344 ἡττήθησαν,
644 2248 693 2324 ύν
706 2252 846 2343 ούδεμίει
862 2266 982 2328 λαθεῖν
994 2257 1031 2327 τό
1047 2284 1144 2346 γεγε-

186 2360 334 2445 νημένον
351 2354 395 2435 ὡς
409 2354 573 2441 αἰσχύνην
590 2360 667 2440 ίχον
688 2357 860 2443 ἐζήτησεν,
877 2354 950 2424 ἀλλ’
968 2355 1014 2438 ὥς
1030 2364 1144 2425 καλῶν

186 2456 296 2524 ὄντων
310 2462 379 2523 τῶν
392 2457 637 2541 πεπραγμένων
651 2449 833 2539 ὑμνεῖσθαι
843 2452 1004 2540 μᾶλλονή
1014 2462 1143 2523 σιωπᾶ-

186 2566 270 2624 σθαι
289 2556 365 2638 περὶ
380 2551 493 2621 αὐτῶν
507 2550 761 2640 ἠβουλήθησαν.
790 2557 947 2639 μίγεστον
962 2555 999 2621 δλ
1013 2560 1081 2620 τῶν
1096 2557 1144 2619 εί-

186 2658 357 2742 ρημίνων·
384 2660 519 2731 πλείους
543 2650 608 2739 γάρ
631 2647 675 2718 &v
699 2650 855 2738 εὕροιμεν
880 2650 936 2719 διά
958 2648 997 2719 τό
1020 2651 1170 2728 κάλλοςο

186 2752 382 2831 ἀθανάτους
408 2754 653 2839 γεγενημένους
681 2745 704 2837 ή
732 2748 787 2817 διά
811 2748 870 2829 τάς
897 2751 1000 2827 άλλας
1024 2745 1144 2834 άρετάς

187 2850 328 2929 άπάσας.

136 2974 169 3027 τι
271 2950 356 3031 (αξ.)
371 2942 434 3016 Ὡν
445 2947 559 3035 Ἐλίνη
573 2947 723 3038 τοσούτῳ
741 2947 844 3015 πλέον
859 2950 971 3031 ἔσχεν,
995 2944 1063 3038 ὅσῳ
1081 2971 1144 3030 περ

185 3052 241 3120 καλ
254 3047 317 3137 τήν
331 3045 413 3127 ὄψιν
423 3044 537 3116 αύτάν
547 3046 733 3134 διήνεγκεν.
759 3040 877 3131 οὐγὰρ
888 3045 997 3130 μόνον
1009 3040 1143 3111 άθανα-

186 3156 259 3227 σίας
273 3154 407 3234 ίτνχεν,
429 3143 514 3215 άλλά
530 3149 584 3216 καλ
599 3146 662 3234 τήν
677 3146 825 3232 δύναμιν
839 3142 980 3212 ίσύθεον
994 3151 1144 3232 λαβοῦσα

186 3257 322 3338 πρῶτον
335 3246 398 3335 μὲν
408 3242 488 3326 τούς
498 3243 668 3332 άδελφούς
677 3243 742 3332 ήδη
753 3247 997 3330 κατεχομένους
1006 3239 1074 3309 ὑπὸ
1085 3249 1144 3328 τῆς

185 3352 406 3436 πεπρωμένης
420 3353 467 3427 είς
479 3345 585 3427 θεοὺς
594 3344 759 3433 άνήγαγε,
774 3347 964 3434 βουλομένη
976 3344 1013 3412 δὲ
1022 3342 1145 3431 κιστήν

185 3454 323 3533 ποιήσαι
336 3446 398 3533 τήν
414 3444 602 3536 μεταβολήν
615 3442 723 3523 οὕτως
736 3440 850 3522 αύτολς
862 3439 922 3522 τάς
933 3439 1031 3529 τιμάς
1044 3443 1144 3528 ἐναρ-

185 3559 254 3633 γεῖς
270 3552 395 3616 ἔδωκεν
412 3543 499 3614 ὥσθ’
516 3543 708 3633 ὁρωμίνους
723 3541 790 3613 ὑπὸ
806 3549 875 3611 τῶν
888 3546 926 3610 ίν
940 3549 980 3631 τῇ
993 3543 1169 3632 θαλάττηο

185 3644 459 3717 κινδυνευόντων
482 3646 616 3728 σάξειν,
642 3646 764 3721 οίτινες
783 3638 828 3710 άν
851 3638 976 3720 αύτούς
997 3640 1144 3727 εύσεβαῖς
