<?xml version="1.0" encoding="UTF-8"?>
<!DOCTYPE html PUBLIC "-//W3C//DTD XHTML 1.0 Transitional//EN"
    "http://www.w3.org/TR/xhtml1/DTD/xhtml1-transitional.dtd">
<html xmlns="http://www.w3.org/1999/xhtml" xml:lang="en" lang="en">
 <head>
  <title>
</title>
<meta http-equiv="Content-Type" content="text/html;charset=utf-8" />
  <meta name='ocr-system' content='tesseract 3.04.00' />
  <meta name='ocr-capabilities' content='ocr_page ocr_carea ocr_par ocr_line ocrx_word'/>
</head>
<body>
  <div class='ocr_page' id='page_1' title='image "./orationes00isgoog_0399.png"; bbox 0 0 2859 4334; ppageno 0'>
   <div class='ocr_carea' id='block_1_1' title="bbox 286 349 956 433">
    <p class='ocr_par' dir='ltr' id='par_1_1' title="bbox 286 349 956 433">
     <span class='ocr_line' id='line_1_1' title="bbox 286 349 956 433; baseline 0.006 -18"><span class='ocrx_word' id='word_1_1' title='bbox 286 349 329 415; x_wconf 61' lang='lat' dir='ltr'><strong>ffi</strong></span> <span class='ocrx_word' id='word_1_2' title='bbox 555 356 739 417; x_wconf 68' lang='lat' dir='ltr'><strong><em>nom</em></strong></span> <span class='ocrx_word' id='word_1_3' title='bbox 746 355 805 417; x_wconf 70' lang='grc' dir='ltr'><strong><em>ΤΟ</em></strong></span> <span class='ocrx_word' id='word_1_4' title='bbox 813 357 877 417; x_wconf 71' lang='lat'><strong><em>²¹2</em></strong></span> <span class='ocrx_word' id='word_1_5' title='bbox 889 356 956 433; x_wconf 73' lang='grc' dir='ltr'><strong><em>(Β)</em></strong></span> 
     </span>
    </p>
   </div>
   <div class='ocr_carea' id='block_1_2' title="bbox 285 512 1271 1098">
    <p class='ocr_par' dir='ltr' id='par_1_2' title="bbox 285 512 1271 1098">
     <span class='ocr_line' id='line_1_2' title="bbox 285 512 1243 603; baseline -0.001 -17"><span class='ocrx_word' id='word_1_6' title='bbox 285 516 374 596; x_wconf 69' lang='grc' dir='ltr'><strong><em>τινές</em></strong></span> <span class='ocrx_word' id='word_1_7' title='bbox 383 524 572 601; x_wconf 75' lang='grc' dir='ltr'><strong><em>παραινοῖσι</em></strong></span> <span class='ocrx_word' id='word_1_8' title='bbox 585 528 654 595; x_wconf 70' lang='grc' dir='ltr'><strong><em>τοῖς</em></strong></span> <span class='ocrx_word' id='word_1_9' title='bbox 663 512 779 595; x_wconf 70' lang='grc' dir='ltr'><strong><em>ἄλλοις</em></strong></span> <span class='ocrx_word' id='word_1_10' title='bbox 788 524 936 603; x_wconf 77' lang='grc' dir='ltr'><strong><em>χρῆσθαι</em></strong></span> <span class='ocrx_word' id='word_1_11' title='bbox 945 542 1087 601; x_wconf 73' lang='grc' dir='ltr'><strong><em>τούτοις,</em></strong></span> <span class='ocrx_word' id='word_1_12' title='bbox 1098 516 1185 603; x_wconf 79' lang='grc' dir='ltr'><strong><em>άκερ</em></strong></span> <span class='ocrx_word' id='word_1_13' title='bbox 1195 514 1243 586; x_wconf 81' lang='grc' dir='ltr'><strong><em>ἀν</em></strong></span> 
     </span>
     <span class='ocr_line' id='line_1_3' title="bbox 286 613 1243 703; baseline 0 -18"><span class='ocrx_word' id='word_1_14' title='bbox 286 624 404 703; x_wconf 83' lang='grc' dir='ltr'><strong><em>σφίσιν</em></strong></span> <span class='ocrx_word' id='word_1_15' title='bbox 410 614 524 696; x_wconf 76' lang='grc' dir='ltr'><strong><em>αύτοῖς</em></strong></span> <span class='ocrx_word' id='word_1_16' title='bbox 533 615 721 702; x_wconf 73' lang='grc' dir='ltr'><strong><em>συμφέρειν</em></strong></span> <span class='ocrx_word' id='word_1_17' title='bbox 731 613 965 702; x_wconf 77' lang='grc' dir='ltr'><strong><em>ὑπολάβωσιν·</em></strong></span> <span class='ocrx_word' id='word_1_18' title='bbox 976 617 1243 703; x_wconf 80' lang='grc' dir='ltr'><strong><em>Λακεδαιμόνιοι</em></strong></span> 
     </span>
     <span class='ocr_line' id='line_1_4' title="bbox 286 710 1243 801; baseline -0.003 -16"><span class='ocrx_word' id='word_1_19' title='bbox 286 718 323 785; x_wconf 66' lang='grc' dir='ltr'><strong><em>δὲ</em></strong></span> <span class='ocrx_word' id='word_1_20' title='bbox 336 719 542 800; x_wconf 70' lang='grc' dir='ltr'><strong><em>κατέστησαν</em></strong></span> <span class='ocrx_word' id='word_1_21' title='bbox 558 710 639 781; x_wconf 77' lang='grc' dir='ltr'><strong><em>οὔδ’</em></strong></span> <span class='ocrx_word' id='word_1_22' title='bbox 661 710 783 799; x_wconf 79' lang='grc' dir='ltr'><strong><em>ὁμοίαν</em></strong></span> <span class='ocrx_word' id='word_1_23' title='bbox 796 720 837 801; x_wconf 82' lang='grc' dir='ltr'><strong><em>τῇ</em></strong></span> <span class='ocrx_word' id='word_1_24' title='bbox 851 710 931 796; x_wconf 77' lang='grc' dir='ltr'><strong><em>παρ’</em></strong></span> <span class='ocrx_word' id='word_1_25' title='bbox 948 710 1062 793; x_wconf 79' lang='grc' dir='ltr'><strong><em>αὑτολς</em></strong></span> <span class='ocrx_word' id='word_1_26' title='bbox 1076 714 1154 782; x_wconf 83' lang='grc' dir='ltr'><strong><em>οὔτε</em></strong></span> <span class='ocrx_word' id='word_1_27' title='bbox 1167 730 1243 794; x_wconf 71' lang='grc' dir='ltr'><strong><em>ταῖς</em></strong></span> 
     </span>
     <span class='ocr_line' id='line_1_5' title="bbox 285 807 1243 900; baseline -0.002 -17"><span class='ocrx_word' id='word_1_28' title='bbox 285 810 411 883; x_wconf 79' lang='grc' dir='ltr'><strong><em>άλλοθί</em></strong></span> <span class='ocrx_word' id='word_1_29' title='bbox 423 838 490 881; x_wconf 87' lang='grc' dir='ltr'><strong><em>που</em></strong></span> <span class='ocrx_word' id='word_1_30' title='bbox 508 812 752 900; x_wconf 72' lang='grc' dir='ltr'><strong><em>γεγενημέναις,</em></strong></span> <span class='ocrx_word' id='word_1_31' title='bbox 776 807 861 878; x_wconf 80' lang='grc' dir='ltr'><strong><em>ἀλλά</em></strong></span> <span class='ocrx_word' id='word_1_32' title='bbox 876 812 957 878; x_wconf 90' lang='grc' dir='ltr'><strong><em>δέκα</em></strong></span> <span class='ocrx_word' id='word_1_33' title='bbox 970 813 1099 897; x_wconf 79' lang='grc' dir='ltr'><strong><em>μόνους</em></strong></span> <span class='ocrx_word' id='word_1_34' title='bbox 1112 810 1243 895; x_wconf 74' lang='grc' dir='ltr'><strong><em>ἄνδρας</em></strong></span> 
     </span>
     <span class='ocr_line' id='line_1_6' title="bbox 285 903 1271 999; baseline -0.002 -18"><span class='ocrx_word' id='word_1_35' title='bbox 285 920 425 998; x_wconf 82' lang='grc' dir='ltr'><strong><em>κυρίους</em></strong></span> <span class='ocrx_word' id='word_1_36' title='bbox 434 913 572 998; x_wconf 77' lang='grc' dir='ltr'><strong><em>ἑκάστης</em></strong></span> <span class='ocrx_word' id='word_1_37' title='bbox 579 919 638 998; x_wconf 86' lang='grc' dir='ltr'><strong><em>τῆς</em></strong></span> <span class='ocrx_word' id='word_1_38' title='bbox 647 912 776 991; x_wconf 85' lang='grc' dir='ltr'><strong><em>πόλεως</em></strong></span> <span class='ocrx_word' id='word_1_39' title='bbox 785 913 956 997; x_wconf 87' lang='grc' dir='ltr'><strong><em>έποίησαν,</em></strong></span> <span class='ocrx_word' id='word_1_40' title='bbox 968 903 1018 980; x_wconf 80' lang='grc' dir='ltr'><strong><em>ύν</em></strong></span> <span class='ocrx_word' id='word_1_41' title='bbox 1030 913 1241 999; x_wconf 69' lang='grc' dir='ltr'><strong><em>ἐπιχειρήσας</em></strong></span> <span class='ocrx_word' id='word_1_42' title='bbox 1253 942 1271 979; x_wconf 84' lang='grc' dir='ltr'><strong><em>ο</em></strong></span> 
     </span>
     <span class='ocr_line' id='line_1_7' title="bbox 286 1005 1242 1098; baseline -0.002 -19"><span class='ocrx_word' id='word_1_43' title='bbox 286 1010 330 1079; x_wconf 84' lang='grc' dir='ltr'><strong><em>ἀν</em></strong></span> <span class='ocrx_word' id='word_1_44' title='bbox 343 1038 392 1089; x_wconf 84' lang='grc' dir='ltr'><strong><em>τις</em></strong></span> <span class='ocrx_word' id='word_1_45' title='bbox 412 1024 610 1098; x_wconf 72' lang='grc' dir='ltr'><strong><em>κατηγορεῖν</em></strong></span> <span class='ocrx_word' id='word_1_46' title='bbox 627 1024 715 1093; x_wconf 83' lang='grc' dir='ltr'><strong><em>τρεῖς</em></strong></span> <span class='ocrx_word' id='word_1_47' title='bbox 735 1005 758 1095; x_wconf 82' lang='grc' dir='ltr'><em>ἢ</em></span> <span class='ocrx_word' id='word_1_48' title='bbox 772 1014 927 1094; x_wconf 87' lang='grc' dir='ltr'><strong><em>τέτταρας</em></strong></span> <span class='ocrx_word' id='word_1_49' title='bbox 950 1010 1075 1097; x_wconf 81' lang='grc' dir='ltr'><strong><em>ἡμέρας</em></strong></span> <span class='ocrx_word' id='word_1_50' title='bbox 1090 1034 1242 1097; x_wconf 72' lang='grc' dir='ltr'><strong><em>συνεχως</em></strong></span> 
     </span>
    </p>
   </div>
   <div class='ocr_carea' id='block_1_3' title="bbox 237 1108 1359 3679">
    <p class='ocr_par' dir='ltr' id='par_1_3' title="bbox 286 1108 1241 1199">
     <span class='ocr_line' id='line_1_8' title="bbox 286 1108 1241 1199; baseline -0.004 -16"><span class='ocrx_word' id='word_1_51' title='bbox 286 1109 388 1183; x_wconf 71' lang='grc' dir='ltr'><strong><em>ούδδν</em></strong></span> <span class='ocrx_word' id='word_1_52' title='bbox 402 1108 446 1181; x_wconf 82' lang='grc' dir='ltr'><strong><em>ἀν</em></strong></span> <span class='ocrx_word' id='word_1_53' title='bbox 455 1116 554 1199; x_wconf 91' lang='grc' dir='ltr'><strong><em>μέρος</em></strong></span> <span class='ocrx_word' id='word_1_54' title='bbox 565 1116 733 1197; x_wconf 75' lang='grc' dir='ltr'><strong><em>εἰρηκέναι</em></strong></span> <span class='ocrx_word' id='word_1_55' title='bbox 744 1113 850 1193; x_wconf 83' lang='grc' dir='ltr'><strong><em>δόξειε</em></strong></span> <span class='ocrx_word' id='word_1_56' title='bbox 860 1119 929 1179; x_wconf 78' lang='grc' dir='ltr'><strong><em>τῶν</em></strong></span> <span class='ocrx_word' id='word_1_57' title='bbox 938 1116 1079 1191; x_wconf 82' lang='grc' dir='ltr'><strong><em>ἐκείνοις</em></strong></span> <span class='ocrx_word' id='word_1_58' title='bbox 1088 1111 1241 1199; x_wconf 84' lang='grc' dir='ltr'><strong><em>ἡμαρτη-</em></strong></span> 
     </span>
    </p>

    <p class='ocr_par' dir='ltr' id='par_1_4' title="bbox 237 1204 1310 2389">
     <span class='ocr_line' id='line_1_9' title="bbox 237 1204 1241 1299; baseline 0.001 -23"><span class='ocrx_word' id='word_1_59' title='bbox 237 1221 272 1276; x_wconf 74' lang='lat'><strong><em>⁶⁶</em></strong></span> <span class='ocrx_word' id='word_1_60' title='bbox 288 1215 409 1299; x_wconf 72' lang='grc' dir='ltr'><strong><em>μένων.</em></strong></span> <span class='ocrx_word' id='word_1_61' title='bbox 435 1208 516 1279; x_wconf 82' lang='grc' dir='ltr'><strong><em>καθ’</em></strong></span> <span class='ocrx_word' id='word_1_62' title='bbox 533 1213 675 1279; x_wconf 81' lang='grc' dir='ltr'><strong><em>ἕκαστον</em></strong></span> <span class='ocrx_word' id='word_1_63' title='bbox 684 1212 748 1297; x_wconf 74' lang='grc' dir='ltr'><strong><em>μὲν</em></strong></span> <span class='ocrx_word' id='word_1_64' title='bbox 763 1204 828 1278; x_wconf 89' lang='grc' dir='ltr'><strong><em>ούν</em></strong></span> <span class='ocrx_word' id='word_1_65' title='bbox 838 1214 994 1290; x_wconf 74' lang='grc' dir='ltr'><strong><em>διεξιέναι</em></strong></span> <span class='ocrx_word' id='word_1_66' title='bbox 1005 1216 1080 1296; x_wconf 80' lang='grc' dir='ltr'><strong><em>περὶ</em></strong></span> <span class='ocrx_word' id='word_1_67' title='bbox 1090 1220 1158 1279; x_wconf 73' lang='grc' dir='ltr'><strong><em>τοῖν</em></strong></span> <span class='ocrx_word' id='word_1_68' title='bbox 1168 1237 1241 1279; x_wconf 90' lang='grc' dir='ltr'><strong><em>τοι-</em></strong></span> 
     </span>
     <span class='ocr_line' id='line_1_10' title="bbox 286 1309 1240 1398; baseline -0.001 -18"><span class='ocrx_word' id='word_1_69' title='bbox 286 1313 398 1381; x_wconf 91' lang='grc' dir='ltr'><strong><em>ούτων</em></strong></span> <span class='ocrx_word' id='word_1_70' title='bbox 410 1314 465 1379; x_wconf 83' lang='grc' dir='ltr'><strong><em>καί</em></strong></span> <span class='ocrx_word' id='word_1_71' title='bbox 482 1311 655 1379; x_wconf 82' lang='grc' dir='ltr'><strong><em>τοσούτων</em></strong></span> <span class='ocrx_word' id='word_1_72' title='bbox 668 1310 706 1379; x_wconf 86' lang='grc' dir='ltr'><strong><em>τό</em></strong></span> <span class='ocrx_word' id='word_1_73' title='bbox 719 1319 849 1398; x_wconf 81' lang='grc' dir='ltr'><strong><em>πλῆθος</em></strong></span> <span class='ocrx_word' id='word_1_74' title='bbox 859 1309 1006 1398; x_wconf 88' lang='grc' dir='ltr'><strong><em>ἀνόητόν</em></strong></span> <span class='ocrx_word' id='word_1_75' title='bbox 1016 1316 1120 1379; x_wconf 88' lang='grc' dir='ltr'><strong><em>ἐστιν·</em></strong></span> <span class='ocrx_word' id='word_1_76' title='bbox 1142 1312 1240 1398; x_wconf 80' lang='grc' dir='ltr'><strong><em>ὀλίγα</em></strong></span> 
     </span>
     <span class='ocr_line' id='line_1_11' title="bbox 286 1407 1310 1500; baseline 0.004 -20"><span class='ocrx_word' id='word_1_77' title='bbox 286 1413 322 1480; x_wconf 69' lang='grc' dir='ltr'><strong><em>δὲ</em></strong></span> <span class='ocrx_word' id='word_1_78' title='bbox 347 1407 429 1479; x_wconf 71' lang='grc' dir='ltr'><strong><em>καθ’</em></strong></span> <span class='ocrx_word' id='word_1_79' title='bbox 452 1407 614 1479; x_wconf 85' lang='grc' dir='ltr'><strong><em>ἁπάντων</em></strong></span> <span class='ocrx_word' id='word_1_80' title='bbox 639 1418 760 1494; x_wconf 75' lang='grc' dir='ltr'><strong><em>εἰπεῖν,</em></strong></span> <span class='ocrx_word' id='word_1_81' title='bbox 787 1409 809 1478; x_wconf 83' lang='grc' dir='ltr'><strong><em>ἀ</em></strong></span> <span class='ocrx_word' id='word_1_82' title='bbox 833 1426 902 1491; x_wconf 76' lang='grc' dir='ltr'><strong><em>τοῖς</em></strong></span> <span class='ocrx_word' id='word_1_83' title='bbox 925 1409 1113 1481; x_wconf 80' lang='grc' dir='ltr'><strong><em>ἀκούσασιν</em></strong></span> <span class='ocrx_word' id='word_1_84' title='bbox 1133 1409 1242 1500; x_wconf 85' lang='grc' dir='ltr'><strong><em>ὀργήν</em></strong></span> <span class='ocrx_word' id='word_1_85' title='bbox 1259 1432 1310 1484; x_wconf 75' lang='lat'><strong><em>244</em></strong></span> 
     </span>
     <span class='ocr_line' id='line_1_12' title="bbox 285 1504 1242 1598; baseline 0.003 -20"><span class='ocrx_word' id='word_1_86' title='bbox 285 1507 382 1591; x_wconf 81' lang='grc' dir='ltr'><strong><em>ἀξίαν</em></strong></span> <span class='ocrx_word' id='word_1_87' title='bbox 401 1510 611 1597; x_wconf 85' lang='grc' dir='ltr'><strong><em>έμποιήσειεν</em></strong></span> <span class='ocrx_word' id='word_1_88' title='bbox 630 1504 675 1577; x_wconf 87' lang='grc' dir='ltr'><strong><em>ἀν</em></strong></span> <span class='ocrx_word' id='word_1_89' title='bbox 701 1520 770 1579; x_wconf 81' lang='grc' dir='ltr'><strong><em>των</em></strong></span> <span class='ocrx_word' id='word_1_90' title='bbox 790 1515 1051 1598; x_wconf 78' lang='grc' dir='ltr'><strong><em>πεπραγμένων,</em></strong></span> <span class='ocrx_word' id='word_1_91' title='bbox 1076 1512 1242 1596; x_wconf 83' lang='grc' dir='ltr'><strong><em>νεύτερος</em></strong></span> 
     </span>
     <span class='ocr_line' id='line_1_13' title="bbox 285 1602 1240 1698; baseline 0.003 -22"><span class='ocrx_word' id='word_1_92' title='bbox 285 1609 348 1697; x_wconf 78' lang='grc' dir='ltr'><strong><em>μὲν</em></strong></span> <span class='ocrx_word' id='word_1_93' title='bbox 363 1602 413 1676; x_wconf 79' lang='grc' dir='ltr'><strong><em>ἀν</em></strong></span> <span class='ocrx_word' id='word_1_94' title='bbox 428 1616 506 1686; x_wconf 87' lang='grc' dir='ltr'><strong><em>ίσως</em></strong></span> <span class='ocrx_word' id='word_1_95' title='bbox 524 1603 569 1676; x_wconf 87' lang='grc' dir='ltr'><strong><em>ἀν</em></strong></span> <span class='ocrx_word' id='word_1_96' title='bbox 587 1611 734 1694; x_wconf 78' lang='grc' dir='ltr'><strong><em>ἐξεῦρον,</em></strong></span> <span class='ocrx_word' id='word_1_97' title='bbox 749 1618 816 1676; x_wconf 83' lang='grc' dir='ltr'><strong><em>νῦν</em></strong></span> <span class='ocrx_word' id='word_1_98' title='bbox 830 1606 863 1676; x_wconf 91' lang='grc' dir='ltr'><strong><em>δ’</em></strong></span> <span class='ocrx_word' id='word_1_99' title='bbox 879 1607 981 1678; x_wconf 73' lang='grc' dir='ltr'><strong><em>οὐδὲν</em></strong></span> <span class='ocrx_word' id='word_1_100' title='bbox 996 1614 1169 1697; x_wconf 79' lang='grc' dir='ltr'><strong><em>ἐπέρχεταί</em></strong></span> <span class='ocrx_word' id='word_1_101' title='bbox 1179 1638 1240 1698; x_wconf 93' lang='grc' dir='ltr'><strong><em>μοι</em></strong></span> 
     </span>
     <span class='ocr_line' id='line_1_14' title="bbox 285 1704 1241 1792; baseline 0 -16"><span class='ocrx_word' id='word_1_102' title='bbox 285 1714 455 1790; x_wconf 82' lang='grc' dir='ltr'><strong><em>τοιοῦτον,</em></strong></span> <span class='ocrx_word' id='word_1_103' title='bbox 484 1704 558 1775; x_wconf 87' lang='grc' dir='ltr'><strong><em>ἀλλ’</em></strong></span> <span class='ocrx_word' id='word_1_104' title='bbox 586 1706 672 1791; x_wconf 88' lang='grc' dir='ltr'><strong><em>ἀπερ</em></strong></span> <span class='ocrx_word' id='word_1_105' title='bbox 693 1706 835 1792; x_wconf 84' lang='grc' dir='ltr'><strong><em>ἀπασιν,</em></strong></span> <span class='ocrx_word' id='word_1_106' title='bbox 861 1707 912 1775; x_wconf 85' lang='grc' dir='ltr'><strong><em>ὅτι</em></strong></span> <span class='ocrx_word' id='word_1_107' title='bbox 934 1718 1096 1777; x_wconf 85' lang='grc' dir='ltr'><strong><em>τοσοῦτον</em></strong></span> <span class='ocrx_word' id='word_1_108' title='bbox 1116 1712 1241 1778; x_wconf 73' lang='grc' dir='ltr'><strong><em>έκεῖνοι</em></strong></span> 
     </span>
     <span class='ocr_line' id='line_1_15' title="bbox 286 1804 1239 1896; baseline 0.001 -20"><span class='ocrx_word' id='word_1_109' title='bbox 286 1807 466 1894; x_wconf 72' lang='grc' dir='ltr'><strong><em>διήνεγκαν</em></strong></span> <span class='ocrx_word' id='word_1_110' title='bbox 476 1804 660 1893; x_wconf 78' lang='grc' dir='ltr'><strong><em>ἀνομίᾳκαλ</em></strong></span> <span class='ocrx_word' id='word_1_111' title='bbox 671 1812 1239 1896; x_wconf 79' lang='grc' dir='ltr'><strong><em>πλεονεξίμτωνπρογεγενημένων,</em></strong></span> 
     </span>
     <span class='ocr_line' id='line_1_16' title="bbox 287 1902 1240 1992; baseline 0.001 -17"><span class='ocrx_word' id='word_1_112' title='bbox 287 1903 366 1975; x_wconf 71' lang='grc' dir='ltr'><strong><em>ὥστ’</em></strong></span> <span class='ocrx_word' id='word_1_113' title='bbox 383 1903 425 1973; x_wconf 90' lang='grc' dir='ltr'><strong><em>ού</em></strong></span> <span class='ocrx_word' id='word_1_114' title='bbox 439 1906 548 1991; x_wconf 92' lang='grc' dir='ltr'><strong><em>μόνον</em></strong></span> <span class='ocrx_word' id='word_1_115' title='bbox 562 1902 687 1984; x_wconf 86' lang='grc' dir='ltr'><strong><em>αύτούς</em></strong></span> <span class='ocrx_word' id='word_1_116' title='bbox 698 1904 878 1975; x_wconf 72' lang='grc' dir='ltr'><strong><em>ἀπώλεσαν</em></strong></span> <span class='ocrx_word' id='word_1_117' title='bbox 888 1910 943 1975; x_wconf 77' lang='grc' dir='ltr'><strong><em>καὶ</em></strong></span> <span class='ocrx_word' id='word_1_118' title='bbox 958 1905 1036 1985; x_wconf 88' lang='grc' dir='ltr'><strong><em>τούς</em></strong></span> <span class='ocrx_word' id='word_1_119' title='bbox 1047 1915 1167 1992; x_wconf 87' lang='grc' dir='ltr'><strong><em>φίλους</em></strong></span> <span class='ocrx_word' id='word_1_120' title='bbox 1182 1910 1240 1976; x_wconf 78' lang='grc' dir='ltr'><strong><em>καὶ.</em></strong></span> 
     </span>
     <span class='ocr_line' id='line_1_17' title="bbox 285 2003 1240 2092; baseline -0.003 -16"><span class='ocrx_word' id='word_1_121' title='bbox 285 2003 344 2085; x_wconf 79' lang='grc' dir='ltr'><strong><em>τάς</em></strong></span> <span class='ocrx_word' id='word_1_122' title='bbox 366 2009 525 2091; x_wconf 87' lang='grc' dir='ltr'><strong><em>πατρίδας</em></strong></span> <span class='ocrx_word' id='word_1_123' title='bbox 545 2004 604 2083; x_wconf 86' lang='grc' dir='ltr'><strong><em>τάς</em></strong></span> <span class='ocrx_word' id='word_1_124' title='bbox 625 2003 755 2089; x_wconf 77' lang='grc' dir='ltr'><strong><em>αὑτων,</em></strong></span> <span class='ocrx_word' id='word_1_125' title='bbox 777 2003 861 2073; x_wconf 87' lang='grc' dir='ltr'><strong><em>ἀλλά</em></strong></span> <span class='ocrx_word' id='word_1_126' title='bbox 879 2007 934 2072; x_wconf 79' lang='grc' dir='ltr'><strong><em>καὶ</em></strong></span> <span class='ocrx_word' id='word_1_127' title='bbox 951 2011 1240 2092; x_wconf 86' lang='grc' dir='ltr'><strong><em>Λακεδαιμονίους</em></strong></span> 
     </span>
     <span class='ocr_line' id='line_1_18' title="bbox 285 2102 1239 2192; baseline 0 -17"><span class='ocrx_word' id='word_1_128' title='bbox 285 2104 369 2191; x_wconf 83' lang='grc' dir='ltr'><strong><em>πρὸς</em></strong></span> <span class='ocrx_word' id='word_1_129' title='bbox 386 2102 465 2185; x_wconf 87' lang='grc' dir='ltr'><strong><em>τούς</em></strong></span> <span class='ocrx_word' id='word_1_130' title='bbox 479 2106 674 2191; x_wconf 77' lang='grc' dir='ltr'><strong><em>συμμάχους</em></strong></span> <span class='ocrx_word' id='word_1_131' title='bbox 697 2104 915 2192; x_wconf 85' lang='grc' dir='ltr'><strong><em>διαβαλόντες</em></strong></span> <span class='ocrx_word' id='word_1_132' title='bbox 936 2108 984 2183; x_wconf 85' lang='grc' dir='ltr'><strong><em>είς</em></strong></span> <span class='ocrx_word' id='word_1_133' title='bbox 1006 2106 1162 2184; x_wconf 84' lang='grc' dir='ltr'><strong><em>τοιαύτας</em></strong></span> <span class='ocrx_word' id='word_1_134' title='bbox 1181 2107 1239 2175; x_wconf 80' lang='grc' dir='ltr'><strong><em>καὶ</em></strong></span> 
     </span>
     <span class='ocr_line' id='line_1_19' title="bbox 285 2201 1268 2291; baseline -0.009 -17"><span class='ocrx_word' id='word_1_135' title='bbox 285 2204 447 2285; x_wconf 89' lang='grc' dir='ltr'><strong><em>τοσαύτας</em></strong></span> <span class='ocrx_word' id='word_1_136' title='bbox 469 2202 646 2290; x_wconf 78' lang='grc' dir='ltr'><strong><em>συμφοράς</em></strong></span> <span class='ocrx_word' id='word_1_137' title='bbox 668 2207 845 2291; x_wconf 80' lang='grc' dir='ltr'><strong><em>ἐνέβαλον,</em></strong></span> <span class='ocrx_word' id='word_1_138' title='bbox 871 2201 952 2283; x_wconf 84' lang='grc' dir='ltr'><strong><em>ὅσας</em></strong></span> <span class='ocrx_word' id='word_1_139' title='bbox 971 2201 1081 2283; x_wconf 80' lang='grc' dir='ltr'><strong><em>οὐδεὶς</em></strong></span> <span class='ocrx_word' id='word_1_140' title='bbox 1104 2202 1268 2272; x_wconf 83' lang='grc' dir='ltr'><strong><em>πύποτό</em></strong></span> 
     </span>
     <span class='ocr_line' id='line_1_20' title="bbox 285 2302 887 2389; baseline -0.007 -16"><span class='ocrx_word' id='word_1_141' title='bbox 285 2302 398 2384; x_wconf 81' lang='grc' dir='ltr'><strong><em>αὐτοῖς</em></strong></span> <span class='ocrx_word' id='word_1_142' title='bbox 412 2305 615 2389; x_wconf 78' lang='grc' dir='ltr'><strong><em>γενήσεσθαι</em></strong></span> <span class='ocrx_word' id='word_1_143' title='bbox 629 2303 887 2388; x_wconf 84' lang='grc' dir='ltr'><strong><em>προσεδόκησεν.</em></strong></span> 
     </span>
    </p>

    <p class='ocr_par' dir='ltr' id='par_1_5' title="bbox 237 2394 1359 3184">
     <span class='ocr_line' id='line_1_21' title="bbox 237 2394 1359 2491; baseline -0.004 -20"><span class='ocrx_word' id='word_1_144' title='bbox 237 2422 271 2479; x_wconf 71' lang='grc' dir='ltr'><strong><em>ορ</em></strong></span> <span class='ocrx_word' id='word_1_145' title='bbox 373 2404 461 2491; x_wconf 72' lang='grc' dir='ltr'><strong><em>(ιδ’.)</em></strong></span> <span class='ocrx_word' id='word_1_146' title='bbox 479 2401 635 2470; x_wconf 79' lang='grc' dir='ltr'><strong><em>Μάλιστα</em></strong></span> <span class='ocrx_word' id='word_1_147' title='bbox 658 2401 720 2487; x_wconf 67' lang='grc' dir='ltr'><strong><em>μέν</em></strong></span> <span class='ocrx_word' id='word_1_148' title='bbox 740 2394 805 2468; x_wconf 87' lang='grc' dir='ltr'><strong><em>ούν</em></strong></span> <span class='ocrx_word' id='word_1_149' title='bbox 827 2403 988 2469; x_wconf 80' lang='grc' dir='ltr'><strong><em>ἐντεῦθεν</em></strong></span> <span class='ocrx_word' id='word_1_150' title='bbox 1009 2398 1053 2469; x_wconf 85' lang='grc' dir='ltr'><strong><em>ἀν</em></strong></span> <span class='ocrx_word' id='word_1_151' title='bbox 1066 2427 1115 2480; x_wconf 90' lang='grc' dir='ltr'><strong><em>τις</em></strong></span> <span class='ocrx_word' id='word_1_152' title='bbox 1130 2404 1238 2488; x_wconf 89' lang='grc' dir='ltr'><strong><em>δυνη-</em></strong></span> <span class='ocrx_word' id='word_1_153' title='bbox 1358 2440 1359 2447; x_wconf 44' lang='lat'>1</span> 
     </span>
     <span class='ocr_line' id='line_1_22' title="bbox 284 2498 1239 2590; baseline -0.005 -16"><span class='ocrx_word' id='word_1_154' title='bbox 284 2511 363 2590; x_wconf 79' lang='grc' dir='ltr'><strong><em>δοίη</em></strong></span> <span class='ocrx_word' id='word_1_155' title='bbox 377 2504 534 2579; x_wconf 77' lang='grc' dir='ltr'><strong><em>κατιδεῖν,</em></strong></span> <span class='ocrx_word' id='word_1_156' title='bbox 550 2498 618 2590; x_wconf 76' lang='grc' dir='ltr'><strong><em>ὅσῳ</em></strong></span> <span class='ocrx_word' id='word_1_157' title='bbox 632 2499 856 2587; x_wconf 75' lang='grc' dir='ltr'><strong><em>μετριώτερον</em></strong></span> <span class='ocrx_word' id='word_1_158' title='bbox 872 2502 926 2567; x_wconf 83' lang='grc' dir='ltr'><strong><em>καλ</em></strong></span> <span class='ocrx_word' id='word_1_159' title='bbox 941 2501 1128 2587; x_wconf 87' lang='grc' dir='ltr'><strong><em>πραότερον</em></strong></span> <span class='ocrx_word' id='word_1_160' title='bbox 1143 2498 1239 2588; x_wconf 72' lang='grc' dir='ltr'><strong><em>ἡμεῖς</em></strong></span> 
     </span>
     <span class='ocr_line' id='line_1_23' title="bbox 284 2599 1238 2686; baseline -0.003 -14"><span class='ocrx_word' id='word_1_161' title='bbox 284 2610 352 2673; x_wconf 79' lang='grc' dir='ltr'><strong><em>τῶν</em></strong></span> <span class='ocrx_word' id='word_1_162' title='bbox 373 2601 577 2686; x_wconf 87' lang='grc' dir='ltr'><strong><em>πραγμάτων</em></strong></span> <span class='ocrx_word' id='word_1_163' title='bbox 593 2599 862 2686; x_wconf 77' lang='grc' dir='ltr'><strong><em>ἐπεμελήθημεν,</em></strong></span> <span class='ocrx_word' id='word_1_164' title='bbox 875 2602 1046 2683; x_wconf 82' lang='grc' dir='ltr'><strong><em>Ιδεύτερον</em></strong></span> <span class='ocrx_word' id='word_1_165' title='bbox 1066 2599 1098 2668; x_wconf 86' lang='grc' dir='ltr'><strong><em>δ’</em></strong></span> <span class='ocrx_word' id='word_1_166' title='bbox 1122 2604 1159 2669; x_wconf 85' lang='grc' dir='ltr'><strong><em>ἐκ</em></strong></span> <span class='ocrx_word' id='word_1_167' title='bbox 1175 2607 1238 2669; x_wconf 85' lang='grc' dir='ltr'><strong><em>τοῦ</em></strong></span> 
     </span>
     <span class='ocr_line' id='line_1_24' title="bbox 284 2689 1234 2790; baseline -0.003 -21"><span class='ocrx_word' id='word_1_168' title='bbox 284 2689 496 2790; x_wconf 64' lang='grc' dir='ltr'><strong><em>ῥηθήσεσθαι</em></strong></span> <span class='ocrx_word' id='word_1_169' title='bbox 505 2704 692 2785; x_wconf 82' lang='grc' dir='ltr'><strong><em>μέλλοντος·</em></strong></span> <span class='ocrx_word' id='word_1_170' title='bbox 711 2706 919 2783; x_wconf 82' lang='grc' dir='ltr'><strong><em>Σπαρτιᾶται</em></strong></span> <span class='ocrx_word' id='word_1_171' title='bbox 935 2697 1073 2786; x_wconf 73' lang='grc' dir='ltr'><strong><em>μὲνγὰρ</em></strong></span> <span class='ocrx_word' id='word_1_172' title='bbox 1089 2706 1144 2786; x_wconf 82' lang='grc' dir='ltr'><strong><em>ἔτη</em></strong></span> <span class='ocrx_word' id='word_1_173' title='bbox 1156 2704 1234 2767; x_wconf 84' lang='grc' dir='ltr'><strong><em>δέκα</em></strong></span> 
     </span>
     <span class='ocr_line' id='line_1_25' title="bbox 284 2795 1237 2892; baseline -0.005 -23"><span class='ocrx_word' id='word_1_174' title='bbox 284 2800 381 2889; x_wconf 88' lang='grc' dir='ltr'><strong><em>μόλις</em></strong></span> <span class='ocrx_word' id='word_1_175' title='bbox 390 2797 614 2884; x_wconf 79' lang='grc' dir='ltr'><strong><em>ἐπεστάτησαν</em></strong></span> <span class='ocrx_word' id='word_1_176' title='bbox 627 2795 748 2873; x_wconf 76' lang='grc' dir='ltr'><strong><em>αὐτῶν,</em></strong></span> <span class='ocrx_word' id='word_1_177' title='bbox 756 2795 849 2884; x_wconf 79' lang='grc' dir='ltr'><strong><em>ἡμεῖς</em></strong></span> <span class='ocrx_word' id='word_1_178' title='bbox 860 2797 896 2865; x_wconf 76' lang='grc' dir='ltr'><strong><em>δὲ</em></strong></span> <span class='ocrx_word' id='word_1_179' title='bbox 907 2801 1004 2892; x_wconf 81' lang='grc' dir='ltr'><strong><em>πέντε</em></strong></span> <span class='ocrx_word' id='word_1_180' title='bbox 1011 2800 1063 2866; x_wconf 79' lang='grc' dir='ltr'><strong><em>καὶ</em></strong></span> <span class='ocrx_word' id='word_1_181' title='bbox 1078 2799 1237 2885; x_wconf 78' lang='grc' dir='ltr'><strong><em>ἑξήκοντα</em></strong></span> 
     </span>
     <span class='ocr_line' id='line_1_26' title="bbox 286 2894 1269 2985; baseline -0.005 -16"><span class='ocrx_word' id='word_1_182' title='bbox 286 2904 433 2985; x_wconf 80' lang='grc' dir='ltr'><strong><em>συνεχῶς</em></strong></span> <span class='ocrx_word' id='word_1_183' title='bbox 447 2900 647 2982; x_wconf 82' lang='grc' dir='ltr'><strong><em>κατέσχομεν</em></strong></span> <span class='ocrx_word' id='word_1_184' title='bbox 664 2894 726 2984; x_wconf 89' lang='grc' dir='ltr'><strong><em>τήν</em></strong></span> <span class='ocrx_word' id='word_1_185' title='bbox 741 2894 856 2984; x_wconf 89' lang='grc' dir='ltr'><strong><em>ἀρχήν.</em></strong></span> <span class='ocrx_word' id='word_1_186' title='bbox 886 2902 993 2966; x_wconf 83' lang='grc' dir='ltr'><strong><em>καίτοι</em></strong></span> <span class='ocrx_word' id='word_1_187' title='bbox 1007 2897 1129 2977; x_wconf 87' lang='grc' dir='ltr'><strong><em>πάντες</em></strong></span> <span class='ocrx_word' id='word_1_188' title='bbox 1144 2908 1234 2965; x_wconf 81' lang='grc' dir='ltr'><strong><em>ἴσασι</em></strong></span> <span class='ocrx_word' id='word_1_189' title='bbox 1250 2917 1269 2956; x_wconf 73' lang='lat'><strong>⁰</strong></span> 
     </span>
     <span class='ocr_line' id='line_1_27' title="bbox 284 2992 1236 3084; baseline -0.004 -17"><span class='ocrx_word' id='word_1_190' title='bbox 284 2994 343 3077; x_wconf 86' lang='grc' dir='ltr'><strong><em>τάς</em></strong></span> <span class='ocrx_word' id='word_1_191' title='bbox 357 2996 471 3073; x_wconf 90' lang='grc' dir='ltr'><strong><em>πόλεις</em></strong></span> <span class='ocrx_word' id='word_1_192' title='bbox 492 2993 551 3073; x_wconf 89' lang='grc' dir='ltr'><strong><em>τάς</em></strong></span> <span class='ocrx_word' id='word_1_193' title='bbox 566 2992 621 3081; x_wconf 86' lang='grc' dir='ltr'><strong><em>ὑφ’</em></strong></span> <span class='ocrx_word' id='word_1_194' title='bbox 631 2994 754 3081; x_wconf 68' lang='grc' dir='ltr'><strong><em>ἑτέροις</em></strong></span> <span class='ocrx_word' id='word_1_195' title='bbox 773 2999 988 3084; x_wconf 85' lang='grc' dir='ltr'><strong><em>γιγνομένας,</em></strong></span> <span class='ocrx_word' id='word_1_196' title='bbox 1010 2996 1060 3064; x_wconf 81' lang='grc' dir='ltr'><strong><em>ὅτι</em></strong></span> <span class='ocrx_word' id='word_1_197' title='bbox 1078 3006 1236 3066; x_wconf 77' lang='grc' dir='ltr'><strong><em>πλεῖστον</em></strong></span> 
     </span>
     <span class='ocr_line' id='line_1_28' title="bbox 284 3086 1234 3184; baseline -0.002 -20"><span class='ocrx_word' id='word_1_198' title='bbox 284 3094 409 3184; x_wconf 86' lang='grc' dir='ltr'><strong><em>χρόνον</em></strong></span> <span class='ocrx_word' id='word_1_199' title='bbox 431 3094 562 3173; x_wconf 90' lang='grc' dir='ltr'><strong><em>τούτοις</em></strong></span> <span class='ocrx_word' id='word_1_200' title='bbox 588 3096 850 3181; x_wconf 85' lang='grc' dir='ltr'><strong><em>παραμένουσιν,</em></strong></span> <span class='ocrx_word' id='word_1_201' title='bbox 875 3091 930 3179; x_wconf 84' lang='grc' dir='ltr'><strong><em>ὑφ’</em></strong></span> <span class='ocrx_word' id='word_1_202' title='bbox 948 3086 996 3163; x_wconf 82' lang='grc' dir='ltr'><strong><em>ύν</em></strong></span> <span class='ocrx_word' id='word_1_203' title='bbox 1024 3090 1067 3161; x_wconf 89' lang='grc' dir='ltr'><strong><em>ἀν</em></strong></span> <span class='ocrx_word' id='word_1_204' title='bbox 1081 3094 1234 3180; x_wconf 81' lang='grc' dir='ltr'><strong><em>ἐλάχιστα</em></strong></span> 
     </span>
    </p>

    <p class='ocr_par' dir='ltr' id='par_1_6' title="bbox 237 3191 1237 3679">
     <span class='ocr_line' id='line_1_29' title="bbox 237 3191 1237 3280; baseline -0.003 -16"><span class='ocrx_word' id='word_1_205' title='bbox 237 3201 270 3258; x_wconf 77' lang='lat'><strong><em>⁵⁷</em></strong></span> <span class='ocrx_word' id='word_1_206' title='bbox 288 3191 374 3264; x_wconf 85' lang='grc' dir='ltr'><strong><em>κακά</em></strong></span> <span class='ocrx_word' id='word_1_207' title='bbox 388 3194 575 3280; x_wconf 76' lang='grc' dir='ltr'><strong><em>πάσχουσαι</em></strong></span> <span class='ocrx_word' id='word_1_208' title='bbox 596 3193 815 3279; x_wconf 87' lang='grc' dir='ltr'><strong><em>τυγχάνωσιν.</em></strong></span> <span class='ocrx_word' id='word_1_209' title='bbox 842 3195 877 3259; x_wconf 79' lang='grc' dir='ltr'><strong><em>ἐκ</em></strong></span> <span class='ocrx_word' id='word_1_210' title='bbox 893 3193 1023 3261; x_wconf 91' lang='grc' dir='ltr'><strong><em>τούτων</em></strong></span> <span class='ocrx_word' id='word_1_211' title='bbox 1036 3202 1154 3262; x_wconf 88' lang='grc' dir='ltr'><strong><em>τοίνυν</em></strong></span> <span class='ocrx_word' id='word_1_212' title='bbox 1169 3192 1237 3280; x_wconf 86' lang='grc' dir='ltr'><strong><em>ἀμ-</em></strong></span> 
     </span>
     <span class='ocr_line' id='line_1_30' title="bbox 286 3292 1235 3382; baseline -0.002 -20"><span class='ocrx_word' id='word_1_213' title='bbox 286 3293 425 3382; x_wconf 85' lang='grc' dir='ltr'><strong><em>φότεραι</em></strong></span> <span class='ocrx_word' id='word_1_214' title='bbox 442 3302 635 3379; x_wconf 80' lang='grc' dir='ltr'><strong><em>μισηθεῖσαι</em></strong></span> <span class='ocrx_word' id='word_1_215' title='bbox 657 3296 862 3378; x_wconf 85' lang='grc' dir='ltr'><strong><em>κατέστησαν</em></strong></span> <span class='ocrx_word' id='word_1_216' title='bbox 883 3299 929 3371; x_wconf 86' lang='grc' dir='ltr'><strong><em>είς</em></strong></span> <span class='ocrx_word' id='word_1_217' title='bbox 944 3292 1091 3379; x_wconf 88' lang='grc' dir='ltr'><strong><em>πόλεμον</em></strong></span> <span class='ocrx_word' id='word_1_218' title='bbox 1106 3296 1161 3361; x_wconf 77' lang='grc' dir='ltr'><strong><em>καί</em></strong></span> <span class='ocrx_word' id='word_1_219' title='bbox 1175 3320 1235 3360; x_wconf 89' lang='grc' dir='ltr'><strong><em>τα-</em></strong></span> 
     </span>
     <span class='ocr_line' id='line_1_31' title="bbox 286 3383 1235 3481; baseline 0 -20"><span class='ocrx_word' id='word_1_220' title='bbox 286 3390 402 3480; x_wconf 84' lang='grc' dir='ltr'><strong><em>ραχήν,</em></strong></span> <span class='ocrx_word' id='word_1_221' title='bbox 417 3395 452 3459; x_wconf 84' lang='grc' dir='ltr'><strong><em>έν</em></strong></span> <span class='ocrx_word' id='word_1_222' title='bbox 466 3383 489 3481; x_wconf 78' lang='grc' dir='ltr'><strong><em>ᾖ</em></strong></span> <span class='ocrx_word' id='word_1_223' title='bbox 503 3389 565 3477; x_wconf 80' lang='grc' dir='ltr'><strong><em>τήν</em></strong></span> <span class='ocrx_word' id='word_1_224' title='bbox 580 3393 641 3478; x_wconf 71' lang='grc' dir='ltr'><strong><em>μὲν</em></strong></span> <span class='ocrx_word' id='word_1_225' title='bbox 652 3394 816 3478; x_wconf 83' lang='grc' dir='ltr'><strong><em>ήμετέραν</em></strong></span> <span class='ocrx_word' id='word_1_226' title='bbox 832 3390 925 3476; x_wconf 87' lang='grc' dir='ltr'><strong><em>εύροι</em></strong></span> <span class='ocrx_word' id='word_1_227' title='bbox 940 3417 987 3470; x_wconf 88' lang='grc' dir='ltr'><strong><em>τις</em></strong></span> <span class='ocrx_word' id='word_1_228' title='bbox 1002 3386 1056 3477; x_wconf 86' lang='grc' dir='ltr'><strong><em>ἀν,</em></strong></span> <span class='ocrx_word' id='word_1_229' title='bbox 1076 3390 1235 3461; x_wconf 85' lang='grc' dir='ltr'><strong><em>ἁπάντων</em></strong></span> 
     </span>
     <span class='ocr_line' id='line_1_32' title="bbox 286 3489 1235 3581; baseline 0.002 -21"><span class='ocrx_word' id='word_1_230' title='bbox 286 3489 370 3581; x_wconf 75' lang='grc' dir='ltr'><strong><em>αὐτῇ</em></strong></span> <span class='ocrx_word' id='word_1_231' title='bbox 383 3494 438 3559; x_wconf 76' lang='grc' dir='ltr'><strong><em>καί</em></strong></span> <span class='ocrx_word' id='word_1_232' title='bbox 452 3490 697 3579; x_wconf 73' lang='grc' dir='ltr'><strong><em>τῶνἙλλήνων</em></strong></span> <span class='ocrx_word' id='word_1_233' title='bbox 711 3494 766 3560; x_wconf 77' lang='grc' dir='ltr'><strong><em>καί</em></strong></span> <span class='ocrx_word' id='word_1_234' title='bbox 788 3500 855 3560; x_wconf 76' lang='grc' dir='ltr'><strong><em>τῶν</em></strong></span> <span class='ocrx_word' id='word_1_235' title='bbox 876 3493 1059 3579; x_wconf 83' lang='grc' dir='ltr'><strong><em>βαρβάρων</em></strong></span> <span class='ocrx_word' id='word_1_236' title='bbox 1077 3495 1235 3579; x_wconf 80' lang='grc' dir='ltr'><strong><em>ἐπιθεμέ-</em></strong></span> 
     </span>
     <span class='ocr_line' id='line_1_33' title="bbox 285 3588 1232 3679; baseline 0.005 -20"><span class='ocrx_word' id='word_1_237' title='bbox 285 3616 366 3676; x_wconf 90' lang='grc' dir='ltr'><strong><em>νων,</em></strong></span> <span class='ocrx_word' id='word_1_238' title='bbox 381 3596 436 3678; x_wconf 81' lang='grc' dir='ltr'><strong><em>ἔτη</em></strong></span> <span class='ocrx_word' id='word_1_239' title='bbox 452 3592 532 3659; x_wconf 79' lang='grc' dir='ltr'><strong><em>δέκα</em></strong></span> <span class='ocrx_word' id='word_1_240' title='bbox 545 3590 676 3670; x_wconf 87' lang='grc' dir='ltr'><strong><em>τούτοις</em></strong></span> <span class='ocrx_word' id='word_1_241' title='bbox 701 3588 867 3679; x_wconf 66' lang='grc' dir='ltr'><strong><em>ἀντισχεῖν</em></strong></span> <span class='ocrx_word' id='word_1_242' title='bbox 887 3594 1104 3678; x_wconf 72' lang='grc' dir='ltr'><strong><em>δυνηθεῖσαν,</em></strong></span> <span class='ocrx_word' id='word_1_243' title='bbox 1127 3603 1232 3664; x_wconf 87' lang='grc' dir='ltr'><strong><em>Λακε-</em></strong></span> 
     </span>
    </p>
   </div>
   <div class='ocr_carea' id='block_1_4' title="bbox 0 0 1434 4334">
    <p class='ocr_par' dir='ltr' id='par_1_7' title="bbox 0 0 1434 4334">
     <span class='ocr_line' id='line_1_34' title="bbox 0 0 1434 4334; baseline 0 2"><span class='ocrx_word' id='word_1_244' title='bbox 0 0 1434 4334; x_wconf 95' lang='lat' dir='ltr'><strong><em> </em></strong></span> 
     </span>
    </p>
   </div>
  </div>
 </body>
</html>
