2859 4334
295 414 337 478 ιε
584 418 968 497 mmmm)

294 576 331 644 δὲ
350 577 481 655 τούτοις
494 581 550 644 καί
564 584 632 644 τῦν
647 583 796 664 ποιητῶν
811 579 899 656 τινὲς
918 586 987 646 τῦν
1003 586 1255 667 προγεγενημέ-

292 701 364 743 νων
378 671 555 762 ὑποθήκας
576 671 619 754 ὡς
632 673 695 762 χρὴ
717 681 776 762 ζῆν
791 683 1085 746 καταλελοίπασιν·
1115 676 1195 747 ὥστ’
1213 682 1250 760 ἐξ
1267 704 1286 748 ο

292 772 454 842 ἁπάντων
475 774 605 842 τούτων
631 773 721 854 είκδς
741 772 865 855 αύτούς
885 783 1037 863 βελτίους
1058 785 1251 864 γίγνεσθαι.

264 886 361 952 λτοῖς
374 874 411 941 δὲ
425 873 606 959 τυράννοις
624 870 727 942 οῦδὲν
741 871 885 960 ὑπάρχει
905 881 1076 963 τοιοῦτον,
1097 873 1172 946 ἀλλ’
1189 874 1252 955 οῦς

293 977 360 1042 ἔδει
371 971 594 1040 παιδεύεσθαι
610 978 740 1058 μᾶλλον
749 978 818 1040 τῦν
833 970 962 1058 ἀλλων,
979 973 1115 1042 ἐπειδάν
1130 980 1176 1053 είς
1186 973 1253 1061 τὴν

292 1068 400 1158 ἀρχὴν
413 1077 637 1157 καταστῶσιν,
652 1068 875 1157 ἀνονθέτητοι
891 1075 1117 1141 διατελοῦσιν·
1140 1077 1176 1141 οί
1186 1075 1252 1160 μὲν
1344 1064 1350 1159 ό

292 1169 357 1260 γάρ
373 1179 520 1240 πλεῖστοι
533 1178 602 1238 τοῖν
613 1170 809 1258 ἀνθρώπων
820 1167 933 1250 αύτοῖς
944 1167 986 1237 ού
997 1170 1251 1258 πλησιάζουσιν,
1350 1220 1351 1277 χ

293 1275 327 1340 οδ
340 1272 376 1340 δὲ
391 1271 552 1351 συνόντες
562 1269 647 1356 πρὸς
657 1270 756 1357 χάριν
766 1267 953 1358 ὁμιλοῦσιν.
978 1272 1034 1338 καί
1045 1270 1112 1357 γάρ
1122 1296 1174 1339 τοι
1184 1271 1249 1338 κύ-

293 1393 360 1455 ριοι
374 1367 567 1455 γιγνόμενοι
583 1369 639 1436 καὶ
653 1366 831 1455 χρημάτων
847 1372 1011 1435 πλείστων
1024 1369 1080 1436 καί
1091 1369 1282 1456 πραγμά-ιί
1351 1376 1352 1403 ¹

292 1493 361 1534 των
373 1473 556 1553 μεγίστων,
573 1463 628 1534 διά
645 1463 682 1534 τό
697 1463 744 1553 μὴ
758 1471 867 1544 καλῶς
877 1473 1023 1552 χρῆσθαι
1033 1466 1169 1546 ταύταις
1178 1480 1251 1545 ταῖς
1352 1538 1353 1541 ¹

292 1564 460 1654 ἀφορμαῖς
482 1566 706 1652 πεποιήκασιν
729 1561 813 1632 ὥστε
843 1563 990 1644 πολλοῦς
1015 1561 1249 1653 ἀμφισβητεῖν,

213 1751 215 1754 Ι
292 1663 437 1748 πότερόν
451 1664 540 1731 ἐστιν
558 1661 653 1744 ἀξιον
676 1666 811 1732 ἑλέσθαι
824 1660 885 1731 τόν
898 1669 975 1750 βίον
991 1658 1052 1731 τόν
1066 1668 1135 1730 τῦν
1154 1666 1250 1730 ίδιω-

293 1762 463 1830 τενόντων
476 1764 555 1848 μὲν,
582 1763 736 1840 ἐπιεικοῦς
757 1763 793 1830 δὲ
808 1759 1041 1848 πραττόντων,
1064 1757 1249 1846 ἢτόντῦν

264 1859 581 1946 στυραννευόντων.
610 1857 692 1927 ὅταν
711 1860 775 1946 μὲν
793 1856 858 1944 γάρ
874 1856 1111 1946 ἀποβλέψωσιν
1129 1866 1175 1939 είς
1188 1855 1250 1938 τοὶς

292 1955 388 2044 τιμάς
403 1959 459 2025 καί
471 1954 552 2036 τοῦς
570 1957 740 2036 πλούτους
756 1961 812 2025 καὶ
825 1955 885 2035 τάς
899 1961 1111 2044 δυναστείας,
1133 1959 1248 2025 ίσοθό·

293 2081 353 2135 ους
368 2053 512 2134 ἅπαντες
525 2061 696 2142 νομίζουσι
706 2053 786 2134 τοῦς
798 2057 835 2123 ἐν
845 2070 916 2136 ταῖς
926 2061 1121 2142 μοναρχίαις
1132 2053 1247 2134 ὄντας·

293 2150 428 2223 ἐπειδάν
443 2152 475 2222 δ’
492 2157 714 2242 ἐνθυμηθῦσι
729 2152 809 2235 τοῦς
823 2155 953 2242 φόβους
967 2156 1023 2222 καί
1035 2152 1114 2233 τοῦς
1128 2154 1250 2222 κινδύ-

292 2279 390 2336 νους,
413 2257 468 2323 καὶ
484 2253 662 2335 διεξιόντες
680 2252 785 2341 δρῦσι
805 2252 884 2334 τούς
900 2257 962 2341 μὲν
981 2251 1044 2342 ὑφ’
1062 2247 1112 2322 όν
1125 2252 1277 2342 ἧκισταε

294 2351 379 2437 χρῆν
400 2354 687 2441 διεφθαρμένους,
712 2352 792 2433 τοῦς
815 2351 847 2422 δ’
865 2358 912 2434 είς
926 2350 1006 2432 τοῦς
1022 2353 1248 2431 οἰκειοτάτους

292 2456 486 2539 ἐξαμαρτεῖν
498 2449 791 2540 ἠναγκασμένους,
811 2467 880 2532 τοῖς
901 2450 1123 2540 δ’ἀμφότερα
1142 2458 1248 2520 ταῦτα

291 2551 541 2639 συμβεβηκότα,
565 2551 667 2621 πάλιν
683 2548 843 2619 ὁπωσοῦν
857 2557 915 2638 ζῆν
930 2548 1093 2638 ἡγοῦνται
1113 2559 1247 2620 λυσιτε-

289 2659 362 2720 λεῖν
376 2656 506 2735 μᾶλλον
520 2643 542 2736 ἢ
557 2646 639 2736 μετά
657 2649 822 2717 τοιούτων
838 2654 1026 2736 συμφορῶν
1040 2645 1171 2736 ἀπάσης
1188 2655 1247 2734 τῆς

199 2809 202 2816 .
263 2748 394 2828 σἈσίας
408 2749 610 2836 βασιλεύειν.
638 2749 761 2836 ταύτης
779 2750 815 2817 δὲ
829 2755 887 2834 τῆς
907 2745 1099 2834 ἀνωμαλίας
1113 2748 1169 2815 καὶ
1188 2753 1247 2832 τῆς
1261 2759 1298 2814 16

292 2854 434 2934 ταραχῆς
448 2848 556 2915 αἴτιόν
567 2849 674 2934 ἐστιν,
690 2844 742 2915 ὅτι
753 2843 815 2933 τὴν
830 2852 1003 2934 βασιλείαν
1020 2843 1132 2933 ὥσπερ
1148 2849 1247 2931 ίερω-

292 2945 401 3032 σύνην
412 2943 535 3025 παντὸς
546 2943 669 3033 ἀνδρὸς
684 2944 769 3014 εἶναι
779 2950 981 3032 νομίζουσιν,
998 2941 1096 3011 δτῶν
1107 2940 1247 3028 ἀνθρω-

292 3049 400 3112 πίνων
421 3044 626 3130 πραγμάτων
648 3045 805 3132 μέγιστόν
826 3046 895 3113 ἐστι
915 3045 971 3111 καί
991 3049 1145 3129 πλείστης
1162 3067 1247 3127 προ-

293 3147 386 3222 νοίας
399 3143 569 3229 δεόμενον.

376 3242 449 3332 (β’.)
471 3239 563 3312 Καθ’
582 3242 724 3328 ἑκάστην
743 3242 806 3329 μὲν
827 3234 891 3309 ούν
911 3239 973 3328 την
987 3244 1126 3327 πρᾶξιν,
1149 3243 1181 3320 ἐξ
1198 3232 1247 3306 οἷν

292 3340 335 3408 ἀν
348 3368 398 3419 τις
417 3342 559 3428 μάλιστα
575 3344 713 3409 δύναιτο
731 3339 815 3409 κατά
830 3341 958 3425 τρόπον
975 3344 1114 3408 διοικεῖν
1131 3337 1186 3406 καὶ
1204 3336 1245 3405 τά

292 3437 354 3524 μὲν
374 3435 487 3524 ἀγαθά
504 3441 759 3526 διαφυλάττειν,
780 3437 839 3517 τάς
856 3438 893 3506 δὲ
910 3434 1089 3524 συμφοράς
1104 3436 1246 3523 διαφεύ-

290 3562 381 3622 γειν,
403 3545 471 3603 τῦν
492 3534 544 3605 ἀεί
565 3537 744 3625 παρόντων
769 3543 870 3623 ἔργον
892 3539 959 3605 ἐστὶ
983 3534 1244 3623 συμβουλεύειν·

290 3631 371 3702 καθ’
388 3630 478 3701 ὅλων
494 3636 531 3703 δὲ
550 3643 619 3703 τῶν
636 3636 923 3723 ἐπιτηδευμάτων,
946 3626 995 3703 άν
1010 3631 1071 3721 χρὴ
1092 3632 1273 3719 στοχάζε-ο
