2859 4334
468 404 785 469 ΑΡΧΙΔΑΜΟΣ.
1050 402 1112 469 133

220 573 306 666 (ιγ’.)
324 574 472 663 Λέγουσι
490 574 523 645 δ’
542 581 581 646 οί
595 574 887 666 συμβουλεύοντες
902 575 987 667 ἀμλυ
1003 593 1111 648 ποιεῖ·

143 688 226 748 σθαι
236 676 300 766 τήν
309 676 463 767 είρήνήυ,
477 675 522 759 ὥς
535 675 599 768 χρή
613 677 694 759 τούς
708 669 749 748 εὖ
762 680 978 767 φρονοῦντας
990 676 1036 767 μή
1048 679 1112 768 τήν

144 776 252 865 αὐτήν
259 775 400 867 γνώμην
409 784 496 865 ἔχειν
503 779 660 865 περὶτῶν
666 778 875 868 πραγμάτων
883 778 1112 869 εὖτυχοῦντάς
1128 808 1145 846 ι

143 906 179 948 τε
196 881 254 947 ιιαλ
272 884 541 969 δυστυχοῦντας,
559 877 645 948 ἀλλά
664 880 751 970 πρδς
768 878 806 950 τά
826 880 938 967 παρὸν
955 879 1009 951 ἀεὶ
1026 890 1112 971 βου·

143 978 305 1049 λεάεσθαι
317 980 463 1060 καλιαῖς
477 980 595 1069 τύχαις
609 982 858 1053 ἐπακολουθεῖν
870 983 927 1051 ιιαλ
939 982 984 1071 μή
997 990 1113 1071 μεῖζον

143 1094 287 1171 φρονεῖν
301 1085 360 1169 τής
369 1082 560 1169 δυνάμεως,
572 1082 659 1170 μηδέ
669 1082 708 1151 τὸ
719 1087 853 1153 δίκαιον
864 1085 902 1152 έν
914 1099 987 1164 τοῖς
999 1084 1113 1154 τοιού-

141 1209 211 1261 τοις
228 1196 358 1270 καιροῖς
372 1178 459 1251 ἀλλά
476 1181 516 1251 τὰ
534 1183 712 1271 συμφέρον
729 1190 850 1271 ζητεῖν.
875 1181 960 1274 (ιδ’.)
973 1182 1059 1272 'M
1072 1184 1112 1256 δέ

142 1283 221 1370 περὶ
227 1281 292 1371 μέν
303 1286 374 1352 τῶν
386 1280 499 1353 ἀλλων
513 1282 668 1372 ὁμολογῶ
674 1282 820 1372 τούτοις,
828 1281 921 1363 ὅπως
927 1284 967 1356 δέ
972 1285 1037 1374 χρή
1047 1288 1112 1355 τοῦ

142 1389 280 1453 δικαίου
287 1392 465 1455 ποιεῖσθαί
470 1412 501 1454 τι
509 1382 808 1474 προύργιαίτερον,
821 1382 941 1464 οὐδεὶς
954 1384 1110 1473 ἀυμελέ·

142 1512 215 1571 γιον
228 1491 384 1555 πείσειεν.
407 1483 477 1575 ὁρῶ
490 1484 556 1576 γάρ
569 1486 627 1555 καὶ
639 1485 721 1567 τούς
733 1485 864 1574 νόμους
877 1487 976 1557 ἕνεκα
988 1485 1111 1555 τούτου
1130 1501 1181 1555 m

141 1590 318 1672 κειμένους
332 1585 390 1653 καὶ
402 1585 483 1667 τούς
495 1584 624 1674 ἄνδρας
637 1586 719 1668 τούς
736 1584 864 1667 καλούς
880 1613 917 1656 τε
934 1581 1113 1673 ιιάγαθοάς

141 1689 199 1753 daz
212 1686 326 1769 τούτῳ
340 1688 646 1776 φιλοτιμουμένους
658 1688 718 1757 ιιαλ
729 1686 790 1769 τάς
804 1680 846 1757 εὖ
856 1690 1113 1778 πολιτευομένας

129 1806 131 1851 ι
145 1789 261 1864 πόλεις
271 1789 349 1872 περὶ
359 1786 483 1854 τούτου
492 1787 634 1873 μάλιστα
644 1786 908 1872 σπουδαζούσας,
923 1790 971 1855 ἔτι
982 1787 1108 1868 δὲτρύς

145 1887 315 1972 πολέμους
334 1882 413 1963 τοὺς
430 1886 740 1972 προγεγενημένους
755 1882 797 1953 οά
818 1883 901 1953 κατὰ
921 1881 981 1965 τάς
1000 1885 1107 1953 δυνά-

146 2012 222 2070 μεις
236 1980 322 2051 ἀλλά
337 1980 420 2051 κατά
436 1981 473 2050 τὸ
497 1987 628 2051 δίκαιον
642 1980 680 2052 τὸ
695 1985 788 2063 τέλος
802 1981 951 2063 ἅπαντας
969 1985 1107 2071 εἰληφό-

144 2112 223 2170 τας,
241 2083 328 2162 ὅλας
342 2086 378 2152 δὲ
389 2080 450 2151 τόυ
460 2089 537 2171 βίον
548 2080 608 2150 τὸν
619 2089 688 2150 τῶν
699 2079 894 2168 ἀνθρώπων
905 2080 961 2152 διὰ
972 2082 1034 2169 μέν
1045 2109 1108 2151 ιια·

145 2190 226 2251 κίαν
246 2179 500 2268 ἀπολλύμενον,
531 2177 576 2248 δι’
600 2178 724 2267 ἀρετήν
740 2181 776 2249 δὲ
797 2182 1003 2268 σωζόμενον,
1026 2177 1106 2250 ὥστ’

145 2280 211 2350 οὐκ
226 2277 374 2367 ἀθυμεῖν
390 2285 443 2349 δεῖ
459 2278 539 2359 τούς
553 2278 637 2367 ὑπὲρ
653 2288 722 2348 τοῖν
736 2286 877 2351 δικαίων
890 2282 1134 2352 αινδυνεύεινο

143 2384 329 2467 μέλλοντας
339 2377 424 2450 ἀλλά
434 2381 522 2450 πολὺ
530 2387 659 2467 μᾶλλον
669 2377 750 2460 τούς
760 2378 955 2470 ὑβρίζοντας
963 2383 1018 2449 καὶ
1028 2377 1108 2458 τούς

143 2479 204 2559 τάς
219 2477 371 2565 εὐτυχίας
381 2477 425 2567 μή
438 2485 579 2567 μετρίοις
593 2482 710 2566 φέρειν
725 2483 972 2568 ἐπισταμένους.
997 2484 1107 2547 ἔπειτα

144 2578 283 2647 κάκεῖνο
297 2577 360 2666 χρή
374 2592 529 2647 σκοπεῖν·
558 2583 637 2648 νυνί
650 2577 716 2668 γάρ
734 2583 809 2665 περὶ
823 2582 886 2666 μέν
900 2587 961 2647 τοῦ
976 2582 1108 2646 δικαίου

143 2680 270 2758 πάντες
284 2676 347 2766 τήν
361 2676 469 2767 αὐτήν
483 2679 623 2765 γνώμην
638 2685 773 2766 ἔχομεν,
798 2680 874 2763 περὶ
892 2679 929 2746 δὲ
945 2683 1006 2745 τοῦ
1021 2696 1107 2763 συμ-

144 2780 311 2863 φέροντος
324 2773 559 2864 ἀντιλέγομεν,
576 2782 672 2846 δυοῖν
684 2778 720 2847 δὲ
734 2778 1009 2863 προτεινομένοιυ
1023 2772 1108 2863 ἀγα-

142 2888 244 2963 θοῖν,
259 2880 316 2945 ιιαλ
331 2884 394 2946 τοῦ
408 2878 471 2964 μέν
485 2874 581 2956 ὄντος
594 2877 785 2964 προδήλου,
798 2882 860 2944 τοῦ
875 2874 906 2944 δ’
919 2873 1109 2963 ἀγνοουμέ

142 3004 227 3063 νου,
250 2983 322 3056 πῶς
339 2973 402 3046 οάιι
419 2972 464 3044 ἀν
480 2977 651 3064 ποιήσαιτε
666 2980 928 3065 καταγέλαστον,
950 2982 981 3045 εί
992 2976 1029 3044 τὸ
1046 2977 1108 3061 μὲν

143 3075 423 3164 ὁμολογούμενον
444 3075 744 3164 ἀποδοκιμάσαιτε,
766 3075 804 3147 τὸ
826 3074 857 3146 δ’
875 3074 1136 3166 ἀμφισβητῶ-ι

141 3200 252 3261 μενον
270 3175 407 3245 ἑλέσθαι
429 3176 557 3258 δόξειεν
577 3173 675 3263 ὑμῖν,
701 3177 810 3256 ἀλλοις
826 3178 930 3245 τεκαὶ
947 3176 1110 3262 τήςαίρέ-

143 3295 231 3353 σειος
253 3281 418 3342 τοσοῦτον
435 3276 679 3362 διαφερούσηςς
707 3277 745 3342 ἐν
760 3274 823 3361 μέν
842 3272 907 3362 γάρ
931 3286 999 3351 τοῖς
1020 3274 1110 3356 έμοῖς

142 3373 259 3461 λόγοις
274 3379 382 3443 ἔνεστι
397 3376 503 3462 μήδέν
516 3376 579 3462 μέν
594 3379 762 3462 προέσθαι
779 3382 847 3443 τῶν
858 3371 1031 3460 ὑμετέρων
1045 3366 1109 3438 αὐ-

142 3483 213 3544 τῶν
225 3472 307 3563 μηδ’
316 3478 458 3565 αίσχύυῃ
469 3483 613 3567 μηδεμιᾷ
624 3476 687 3565 τήν
697 3476 798 3547 πόλιν
809 3483 1012 3563 περιβαλεῖν,
1023 3471 1108 3558 ὑπὲρ

143 3574 182 3642 δὲ
195 3580 268 3641 τῶν
283 3578 424 3643 δικαίων
437 3575 701 3653 κινδυνεύοντας
713 3578 855 3656 ἐλπίζειν
865 3572 1006 3661 ἀμεινον
1018 3569 1100 3658 ἀγα

143 3684 296 3741 νιεῖσθαι
310 3680 379 3740 τῶν
399 3676 548 3761 ἐχθρῶν,
571 3678 608 3742 έν
630 3676 666 3743 δέ
683 3688 752 3753 τοῖς
772 3671 902 3742 τούτων
922 3668 1109 3747 ἀφεστάναι
