2859 4334
445 392 857 454 ΠΑΝΑΘΗΝΑΙΚΟΣ.
1079 388 1120 451 63

176 580 218 622 να
228 565 296 624 ταῖν
313 559 384 641 ἐμοὶ
397 554 461 642 μέν
475 554 760 640 πεπλησιακότων,
776 556 813 623 ἐν
828 551 997 642 ὀλιγαρχίᾳ
1013 556 1049 620 δὲ
1061 574 1122 618 πε-

182 650 683 735 ποατευμιένωωπροηρημίνων
697 648 1122 733 δέΛακεδαιμονίουςέπαι·

183 750 577 838 νείν,ίνέίτιπαρίλαθεν
585 752 668 837 ημᾶς
676 749 1122 835 ψεῦδοςείρημίνον,ίκελνος

111 867 159 917 wi
178 843 317 913 κατιδών
330 844 511 930 δηλώσειεν
523 840 610 928 ἡμίν.
635 842 747 911 ἐλθών
768 839 830 910 δ’ὁ
852 846 986 928 κληθείς
1004 844 1058 911 καί
1075 847 1125 909 δι-

179 943 343 1031 αναγνοὺς
354 940 414 1010 τδν
425 944 537 1029 λόγον,
554 939 593 1008 τά
604 940 668 1028 γάρ
680 938 802 1027 μεταξὺ
810 949 843 1008 τί
852 945 1122 1027 δεῑλέγονταδια·

179 1045 527 1128 τρίβεινγέδυσχέρανε
537 1040 600 1127 μέν
611 1038 663 1107 ἐπ’
678 1038 865 1109 οὐδενίτάν
876 1041 1125 1126 γεγραμμένων,
1137 1052 1152 1102 b

179 1142 314 1229 ἐπῄνεσε
337 1139 367 1207 δ’
387 1139 431 1219 ὥς
452 1138 599 1209 δυνατόν
620 1140 779 1226 μάλιστα,
805 1143 858 1208 καὶ
880 1143 1032 1224 διελέχθη
1053 1140 1127 1221 περὶ

177 1240 316 1306 ἑκάστου
337 1246 404 1305 τών
424 1248 537 1324 μερῶν
557 1244 794 1323 παραπλησίως
814 1234 863 1316 οἷς
878 1234 969 1323 ἡμεῖς
986 1236 1125 1323 ἐγιγνώ-

177 1360 314 1423 σκομεν·
335 1334 376 1404 οὐ
391 1335 458 1422 μὴν
472 1334 556 1406 άλλά
574 1334 720 1421 φανερός
735 1328 777 1423 ἦν
792 1333 852 1422 οὐχ
865 1334 966 1422 ἡδέως
978 1343 1061 1421 έχων
1074 1338 1124 1403 ἐπὶ

108 1468 159 1517 χρη
175 1452 240 1514 τοῖς
255 1440 332 1517 περὶ
347 1440 620 1520 Λακεδαιμονίων
639 1440 832 1521 εἰρημένοις.
857 1436 1000 1522 ἐδήλωσε
1018 1437 1054 1503 δὲ
1070 1437 1123 1501 διὰ

176 1538 314 1622 ταχέων·
337 1538 495 1623 ἐτόλμησε
510 1534 575 1622 γάρ
591 1542 712 1619 εἰπεῖν,
726 1532 773 1613 ὡς
795 1541 824 1602 εί
843 1537 898 1602 καὶ
919 1536 1023 1621 μηδέν
1044 1533 1124 1602 άλλο

175 1636 374 1721 πεποιήκασι
384 1632 629 1720 τούςἝλληνας
641 1631 784 1718 άγαθόν,
797 1631 870 1701 ἄλλ’
885 1627 947 1701 οὖν
959 1630 1003 1702 δι’
1018 1634 1124 1701 ἐκεῖνό

175 1762 212 1820 γε
231 1740 367 1812 δικαίως
384 1729 428 1801 άν
449 1732 562 1811 αὐτοῖς
583 1731 727 1809 ἅπαντες
747 1732 846 1817 χάριν
868 1738 990 1818 ἔχοιεν,
1015 1729 1066 1798 ὅτι
1087 1728 1124 1797 τά

175 1834 333 1901 κάλλιστα
344 1839 412 1898 τών
423 1832 691 1918 ἐπιτηδευμάτων
705 1828 861 1915 εὑρόντες
871 1828 968 1899 αὐτοί
975 1856 1008 1899 τε
1017 1838 1151 1916 χρεόν-ο

174 1959 227 2000 ται
242 1935 376 2008 καὶτοῖς
391 1932 503 2008 ἄλλοις
517 1933 714 2010 κατέδειξαν.

100 2052 153 2103 *ιο3
257 2030 354 2117 (πρέ.)
380 2038 485 2097 Τοῦτο
508 2034 544 2097 δὲ
563 2032 671 2116 ῥηθέν
692 2028 781 2097 οὕτω
802 2027 908 2116 βραχὺ
929 2032 984 2097 καὶ
1003 2026 1124 2114 μικρὸν

173 2139 282 2197 αίτιον
298 2131 428 2215 ἐγένετο
443 2135 504 2200 τοῦ,
517 2128 598 2214 μήτε
613 2133 798 2195 καταλῦσαί
809 2153 850 2213 με
864 2127 922 2194 τόν
943 2128 1045 2212 λόγον
1069 2124 1122 2213 ἐφ’

169 2222 223 2296 ών
239 2226 452 2315 ἠβουλήθην,
470 2225 653 2313 ὑπολαβεῖν
665 2224 704 2293 θ’
723 2223 765 2304 ὡς
779 2225 915 2311 αἰσχρόν
929 2226 1056 2312 ποιήσω
1071 2229 1126 2294 καί

172 2327 298 2403 δεινόν,
317 2333 346 2396 εί
356 2328 474 2411 παρών
485 2330 688 2412 περιόνομαί
696 2352 771 2392 τινα
783 2335 850 2392 τών
862 2327 931 2412 έμοὶ
943 2332 1126 2410 πεπλησια-

172 2428 282 2494 κότων
302 2440 462 2512 πονηροῖς
481 2427 594 2512 λόγοις
614 2426 796 2510 χρώμενον.
819 2432 921 2493 ταῦτα
939 2425 974 2493 δὲ
989 2429 1125 2510 διανοη-

173 2530 246 2604 θείς
259 2524 387 2612 ἠρόμην
398 2522 513 2609 αὐτόν,
526 2531 556 2593 εί
565 2528 668 2611 μηδὲν
680 2530 845 2609 φροντιζει
857 2532 924 2593 τών
937 2526 1125 2608 παρόντων,

169 2623 249 2711 μηδ’
265 2626 456 2709 αἰσχύνεται
477 2625 579 2709 λόγον
602 2622 740 2710 εἰρηκώς
761 2622 864 2709 άσεβῆ
880 2625 933 2691 καί
949 2627 1055 2708 ψευδῆ
1071 2624 1126 2690 καὶ

100 2748 151 2800 204
169 2732 305 2792 πολλῶν
319 2725 548 2791 ἐναντιώσεων
558 2723 688 2808 μεστόν.
712 2722 856 2808 ,,γνώσει
872 2719 903 2788 δ’
918 2718 962 2798 ὡς
974 2726 1041 2789 ἔστι
1053 2722 1152 2789 τοι-(Ι

169 2832 287 2904 οὗτος,
305 2821 346 2910 ἢν
361 2823 527 2911 έρωτήσης
542 2820 635 2899 τινάς
651 2829 719 2888 τῶν
736 2814 773 2887 εὖ
790 2819 1028 2905 φρονούντων,
1047 2832 1125 2887 ποία

169 2930 240 2989 τῶν
261 2922 531 3008 ἐπιτηδευμάτων
553 2923 711 2988 κάλλιστα
733 2925 924 3004 νομίζουσιν
949 2916 1050 3002 εἶναι,
1070 2920 1125 2985 καὶ

168 3019 253 3107 μετά
277 3028 380 3089 ταῦτα
404 3022 508 3099 πόσος
532 3020 651 3106 χρόνος
671 3020 775 3101 ἐστὶν,
801 3021 833 3097 ἐξ
855 3009 896 3084 οὖ
918 3024 1124 3102 Σπαρτιᾶται

167 3120 396 3206 τυγχάνουσιν
418 3121 454 3187 έν
475 3120 722 3207 Πελοποννήσῳ
743 3124 984 3195 κατοικοῦντες.
1017 3114 1125 3193 οὐδεὶς

168 3217 237 3304 γάρ
258 3216 349 3295 ὅστις
370 3214 412 3285 οὐ
432 3225 500 3284 τῶν
514 3217 576 3303 μὲν
590 3218 860 3303 ἐπιτηδευμάτων
876 3230 1052 3301 προκρινεῖ
1063 3214 1124 3301 τὴν

167 3316 347 3406 εὐσέβειαν
368 3314 429 3403 τὴν
449 3320 523 3400 περὶ
539 3314 617 3393 τοὺς
632 3316 736 3393 θεοὺς
756 3319 810 3384 καὶ
830 3314 891 3402 τὴν
907 3313 1126 3400 δικαιοσύνην

166 3416 234 3503 τὴν
249 3419 323 3498 περὶ
337 3414 416 3493 τούς
430 3413 635 3497 ἀνθρώπους
648 3417 701 3481 καὶ
716 3412 778 3500 τὴν
794 3414 961 3501 φρόνησιν
976 3412 1037 3499 τὴν
1051 3414 1125 3495 περὶ

165 3513 229 3594 τάς
244 3514 346 3592 άλλας
362 3515 512 3598 πράξας,
531 3514 742 3598 Σπαρτιάτας
758 3510 789 3580 δ’
801 3517 948 3580 ἐνταῦθα
959 3525 1125 3579 κατοικεῖν

100 3634 144 3682 205
167 3613 214 3681 οὐ
231 3621 333 3681 πλείω
353 3613 520 3695 φήσουσιν
536 3616 619 3679 ἐτῶν
633 3616 846 3678 ἑπτακοσίων.
870 3611 999 3677 τούτων
1015 3607 1046 3678 δ’
1063 3610 1153 3679 οἷό-ε
