2859 4334
1333 149 1335 266 λ

1334 267 1336 386 λ

293 359 357 426 κιο
573 364 963 442 monnone)

294 551 330 593 τε
352 531 398 614 τῷ
418 523 741 593 καταδουλώσασθαι
762 519 843 601 τούς
859 520 1022 610 Ἕλληνας
1045 527 1248 612 βουληθέντι

295 625 351 693 καλ
364 623 467 714 Κύρφ
478 631 524 713 τῷ
535 631 594 710 τῆς
612 627 782 710 βασιλείας
799 620 1091 709 ἀμφισβητήσαντι
1105 625 1247 690 συνέπε-

295 739 363 790 σιν.
386 718 479 808 ὁμέν
488 717 554 810 γάρ
563 719 777 808 τηλικαύταις
793 717 906 805 ἥτταις
923 721 1180 808 καλσυμφοραίς
1189 728 1274 788 ιιι-ο

296 818 455 908 ρικεσιδν,
475 818 592 908 ἡλίκας
608 816 720 897 ούδελς
736 815 829 886 οίδεν
846 818 961 898 ἀλλοις
976 823 1172 906 γενομένας,
1194 817 1245 888 διά
1338 831 1339 914 λ

296 917 332 988 τδ
355 926 570 1006 περιποιῆσαι
589 914 652 1005 τὴν
673 914 781 986 αὑτοῦ
802 915 915 1004 ψυχὴν
934 917 997 1005 τήν
1016 943 1052 986 τε
1075 926 1247 1006 βασιλείαν

296 1022 431 1106 κατέσχε
450 1021 505 1088 καλ
523 1032 592 1097 τοῖς
608 1018 701 1085 καισλ
719 1030 787 1094 τοίς
805 1014 914 1084 αὑτοῦ
930 1019 1104 1101 παρέδωκε
1123 1020 1179 1086 καλ
1189 1015 1247 1105 τὴν
1339 1019 1340 1090 λ

294 1118 404 1188 Ἀσίαν
416 1116 506 1188 οὕτω
515 1118 682 1209 διῴκησεν
702 1115 787 1184 ἀίστε
797 1116 903 1204 μηδὲν
919 1108 1021 1204 ἧττον
1039 1115 1148 1204 αύτὴν
1166 1116 1247 1186 εἶναι

269 1212 917 1307 8φοβεράντοίςἚλλησινῆιτρότερον·
939 1225 1053 1303 Κῦρος
1064 1223 1101 1286 δὲ
1112 1220 1248 1306 νικήσας
1340 1208 1341 1244 ³

297 1318 430 1387 ἃπασαν
447 1319 510 1406 τήν
526 1321 686 1406 βασιλέως
705 1317 853 1404 δύναμιν
872 1320 927 1386 καλ
944 1319 1112 1404 κρατήσας
1128 1315 1174 1384 ἀν
1185 1322 1249 1384 τόν

296 1409 512 1505 πραγμάτων,
532 1422 563 1486 εί
576 1413 621 1503 μὴ
640 1414 696 1483 διά
707 1413 888 1503 τὴναύτοῦ
898 1417 1110 1501 προπέτειαν,
1129 1415 1173 1484 ού
1188 1415 1248 1503 μό-
1341 1396 1342 1478 λ

297 1545 359 1587 νον
375 1513 481 1586 αδτδν
497 1515 699 1602 ἀπεστέρησε
722 1517 922 1602 τηλικαύτης
946 1521 1146 1596 δυναστείας
1168 1513 1277 1585 ἀλλάι

298 1623 352 1689 καλ
373 1616 453 1697 τούς
475 1615 842 1703 συνακολουθήσαντας
863 1622 909 1696 είς
929 1614 988 1694 τάς
1009 1617 1148 1703 ἐσχάτας
1165 1639 1248 1704 συμ-

297 1716 406 1806 φοράς
423 1719 633 1802 κατέστησεν.
662 1721 769 1804 ἔχοιμι
786 1716 820 1785 δ’
841 1711 886 1784 ἀν
903 1724 1116 1805 παμπληθεῖς
1135 1724 1248 1800 είπείν,

297 1829 332 1890 οἳ
347 1819 503 1907 μεγάλων
520 1820 754 1901 στρατοπέδων
770 1814 933 1903 ἡγεμόνες
950 1817 1128 1903 γενόμενοι
1147 1817 1202 1884 διά
1213 1816 1249 1885 τὸ

297 1923 596 2004 προδιαφθαρηναι
620 1924 746 1995 πολλας
770 1916 936 2004 μυριάδας
957 1915 1072 1997 αὐτοις
1091 1919 1246 1986 συναπά
1344 1960 1345 2018 η

298 2029 409 2089 λεσαν.
1344 2023 1345 2054 ¹

270 2138 288 2192 9
383 2118 453 2202 (δ’.)
468 2110 530 2186 Ὧν
552 2116 813 2202 ἐνθυμούμενον
834 2117 897 2206 χρὴ
919 2116 965 2206 μὴ
984 2128 1085 2207 τιμᾶν
1107 2118 1171 2208 τήν
1190 2119 1245 2187 ἀν-

298 2226 395 2306 δριάν
407 2216 469 2305 την
479 2216 546 2305 μετ’
558 2216 674 2297 ἀνοίας
691 2217 871 2307 ἀλογίστου
888 2221 943 2288 καλ
955 2227 1145 2306 φιλοτιμίας
1156 2217 1248 2288 ἀκαί-

298 2347 362 2408 ρου
370 2320 586 2405 γιγνομένην,
597 2319 681 2404 μηδὲ
694 2325 830 2386 πολλῶν
850 2319 1022 2388 κινδύνων
1032 2326 1129 2389 ἰδίων
1141 2319 1247 2405 ὑπαρ-

298 2420 426 2506 χόντων
438 2430 509 2496 ταῖς
519 2422 714 2503 μοναρχίαις
726 2418 858 2500 ἑτέρους
870 2417 1012 2498 ἀδόξους
1023 2420 1077 2486 καλ
1088 2438 1253 2504 στρατιω-

299 2517 411 2598 τικούς
428 2514 520 2606 αὐτῷ
539 2521 850 2602 προσεξευρίσκειν,
868 2517 948 2604 μηδ’
965 2517 1172 2605 ἁμιλλᾶσθαι
1184 2526 1280 2599 τοτςδ

300 2617 320 2707 ἢ
331 2626 410 2709 βίον
421 2622 609 2704 δυστυχοῦς
621 2613 853 2704 ἀπαλλαγῆναι
865 2623 1084 2707 βουλομένοις
1094 2617 1117 2706 ἢ
1127 2631 1254 2707 μισθο-

298 2726 407 2806 φορᾶς
423 2720 522 2786 ἕνεκα
533 2723 683 2805 μείζονος
697 2722 770 2806 είκῇ
781 2716 860 2796 τούς
874 2719 1055 2800 κινδύνους
1067 2745 1254 2805 προαιρου-

252 2837 284 2890 lo
300 2823 429 2906 μένοις,
452 2814 532 2903 μηδ’
556 2820 735 2904 ἐπιθυμεῖν
756 2817 911 2905 τοιαύτης
932 2818 1044 2906 δόξης,
1072 2813 1111 2906 ἧς
1135 2823 1255 2889 πολλοὶ

299 2923 353 2988 καλ
374 2924 442 2985 τεόν
456 2915 626 3002 Ἑλλήνων
646 2919 700 2985 καλ
722 2923 790 2984 τῶν
811 2920 994 3007 βαρβάρων
1014 2922 1254 3006 τυγχάνουσιν,

299 3015 382 3088 ἀλλά
398 3024 456 3102 της
470 3015 669 3102 τηλικαύτης
693 3013 731 3083 τὸ
745 3020 906 3103 μέγεθος,
930 3016 974 3105 ἣν
994 3019 1098 3106 μόνος
1118 3016 1164 3088 ἀν
1186 3029 1256 3088 τῶν

299 3128 364 3186 νῦν
379 3115 488 3185 όντων
504 3116 690 3202 κτήσασθαι
707 3120 906 3204 δυνηθείης·
929 3116 1008 3204 μηδ’
1025 3116 1160 3205 ἀγαπᾶν
1175 3126 1254 3188 λίαν

299 3217 356 3297 τάς
370 3216 524 3294 τοιαύτας
538 3212 675 3300 ἀρετάς,
697 3207 747 3282 άν
767 3217 822 3285 καλ
842 3231 910 3295 τοῖς
930 3217 1074 3302 φαύλοις
1089 3220 1253 3303 μέτεστιν,

298 3313 372 3386 ἀλλ’
392 3317 536 3399 ἐκείνας,
564 3304 613 3382 όν
630 3311 740 3393 οὐδεὶς
760 3309 805 3382 ἀν
827 3313 975 3403 πονηρὸς
995 3317 1252 3402 κοινωνήσειεν·

257 3423 282 3474 11
300 3417 383 3505 μηδὲ
400 3424 569 3484 ποιεῖσθαι
583 3418 749 3501 πολέμους
764 3412 906 3496 ἀδόξους
921 3416 975 3483 καὶ
989 3414 1164 3502 χαλεπούς,
1177 3419 1279 3497 έξόνε

299 3521 452 3603 ἐντίμους
467 3518 521 3583 καλ
536 3516 684 3602 ῥᾳδίους,
701 3512 781 3601 μηδ’
804 3519 836 3596 ἐξ
853 3505 902 3584 ἀν
918 3515 996 3595 τούς
1010 3516 1073 3603 μέν
1088 3522 1253 3586 οίκειοτάκ

299 3642 377 3698 τους
394 3621 439 3698 είς
455 3615 562 3697 λύπας
583 3618 638 3681 καλ
661 3619 843 3701 φροντίδας
865 3616 1095 3703 καταστήσεις,
1121 3613 1200 3695 τούς
1217 3616 1247 3684 δ’
