2859 4334
458 1266 798 1344 PRAEFATIO

348 1420 610 1493 EDITIONIS
635 1423 908 1493 ALTERIUS.

196 1578 225 1632 ln
238 1580 407 1635 recensendo
423 1580 477 1636 hoc
492 1582 632 1636 volumine
648 1582 676 1635 in
687 1583 846 1636 universum
861 1580 979 1635 eandem
993 1582 1128 1637 rationem

139 1650 209 1715 atoue
227 1650 254 1703 in
273 1650 365 1721 priore
385 1655 494 1707 secutus
514 1671 581 1707 sum.
621 1652 675 1707 Sed
695 1672 723 1705 rn
743 1654 824 1706 rebus
845 1652 880 1706 ad
899 1653 1129 1722 orthographiam

138 1720 325 1785 pertinentibus
344 1723 481 1790 quaedam
497 1724 610 1791 novavi,
628 1723 779 1792 dequibus
798 1724 850 1777 hoc
869 1724 931 1778 looo
945 1724 1067 1778 breviter
1085 1742 1129 1778 ex-

137 1806 233 1856 ponam.
270 1792 355 1848 Verbi
373 1794 448 1861 quod
471 1797 514 1849 est
538 1796 604 1849 τίνω
623 1794 728 1849 formas
751 1793 892 1848 derivatas
910 1811 966 1849 non
985 1811 1035 1864 per
1052 1816 1062 1849 ι
1081 1796 1130 1850 sed

136 1876 177 1927 per
192 1882 217 1917 ει
234 1864 395 1918 scribendas
414 1880 473 1919 esse
493 1865 548 1919 iam
569 1866 676 1934 pridem
696 1864 915 1933 suspicabamur,
933 1882 1022 1934 nuper
1035 1868 1129 1921 eutem

136 1930 158 1983 id
170 1932 260 1988 dedite
274 1950 360 2004 opera
374 1936 577 1990 demonstravit
591 1936 683 1989 Herm.
699 1935 838 2003 Sauppius
852 1936 881 1988 in
895 1939 1130 1992 commentatione

135 2001 162 2056 de
174 2004 278 2059 dnobus
292 2004 383 2059 titulis
396 2004 554 2075 Tegeaticis
568 2006 673 2076 scripta
687 2004 850 2075 (Gottingae
867 2011 954 2074 1876),
972 2008 1129 2078 inscriptio·

135 2090 189 2127 num
202 2076 370 2131 testimoniis
383 2076 609 2146 locupletissimis
623 2076 750 2147 plurimis
766 2076 889 2145 undique
903 2078 1035 2133 collectis.
1064 2080 1126 2146 Qui·
1218 2144 1221 2151 ¹

135 2143 175 2197 bus
192 2148 360 2202 testimoniis
378 2148 477 2217 postea
499 2165 572 2202 nova
590 2148 647 2203 alia
669 2150 856 2203 accesserunt:
881 2165 944 2202 nam
969 2152 1001 2203 ut
1018 2150 1128 2204 mittam

132 2217 235 2291 uomina
247 2234 361 2287 propria
375 2235 392 2271 a
408 2222 476 2273 Τεισ
491 2250 523 2259 -
538 2219 713 2287 incipientia,
732 2236 850 2287 quorum
867 2221 995 2288 exempla
1008 2221 1130 2290 plurima

132 2302 178 2339 ram
205 2289 281 2357 apud
305 2288 458 2357 Sauppium
486 2293 608 2355 exstant,
637 2290 771 2345 habemus
801 2285 962 2344 ἐκτείσωσιν
985 2294 1015 2345 et
1037 2289 1071 2346 rui
1099 2311 1128 2346 τε

130 2350 322 2485 {titillat
338 2354 1129 2499 ⁰ilqtlldtlltrll‘tllrhzllllltlit

130 2494 215 2554 ἔτεισα
233 2498 346 2555 τέτειτια
365 2498 507 2571 τέτεισμαι
527 2498 666 2571 ἐτείσθην.
701 2502 781 2555 Addo
797 2520 890 2567 unum,
909 2504 987 2557 cuius
1001 2520 1046 2557 mc
1060 2504 1127 2559 olim

128 2570 228 2624 monuit
246 2571 331 2626 Andr.
351 2572 529 2637 Weidnerus,
553 2572 627 2641 quod
650 2573 679 2626 in
698 2573 792 2627 codice
811 2576 839 2625 Σ
856 2572 1049 2628 Demosthenis
1063 2591 1130 2629 vera

126 2642 258 2709 scriptura
281 2642 390 2711 aliquot
409 2644 477 2698 locis
500 2645 610 2699 servata
633 2647 682 2697 est.
721 2643 766 2697 Or.
792 2642 868 2707 XXI,
893 2650 926 2698 οἳ
957 2646 1072 2699 Τεισίαν
1096 2664 1130 2714 pr

126 2712 153 2761 Σ.
174 2711 302 2779 XXXIX,
323 2718 355 2767 lo
383 2708 517 2786 ἐκτεισθῇ
541 2733 574 2784 pr
596 2716 630 2769 Σ.
649 2714 724 2778 XLI,
743 2718 778 2767 28
802 2710 979 2769 inpressisset
996 2717 1024 2769 Σ
1044 2716 1129 2782 (male

125 2784 270 2838 emendant
291 2778 510 2855 ἄποτετιμήιιει).
548 2784 646 2851 XLIX,
671 2791 704 2840 33
724 2780 881 2839 ἀπέτεισεν.
911 2792 943 2839 63
963 2779 1127 2855 ἀπετείσθη.

124 2850 213 2920 LVIII,
240 2860 273 2909 18
292 2850 437 2910 ἐκτείσειν.
462 2862 494 2911 19
518 2851 714 2918 ἐκτετεικότος.
742 2852 872 2911 ἐκτεῖσαι.
911 2856 1129 2922 Quaesumus

122 2935 219 2993 essent,
239 2925 389 2994 quominus
404 2926 521 2982 Isocrati
534 2928 645 2981 easdem
664 2927 768 2981 formas
787 2925 932 2981 redderem
951 2943 1035 2981 causa
1051 2928 1129 2982 nulla

121 2997 187 3063 erat;
209 3014 301 3065 neque
319 2997 392 3051 enim
408 2999 522 3052 verebar
536 3016 570 3053 ne
590 3000 641 3052 hoc
657 2999 788 3053 volumen
801 2998 830 3050 in
845 3014 940 3052 eorum
955 3014 1052 3051 manus
1067 3015 1127 3067 per·

121 3068 235 3133 veniret,
266 3068 315 3137 qui
336 3072 451 3138 propter
477 3068 647 3138 imperitiam
671 3070 699 3123 in
724 3068 766 3123 his
789 3068 885 3123 formis
915 3069 1069 3123 haererent
1094 3100 1127 3109 -

119 3134 240 3191 Eandem
262 3138 400 3193 rationem
419 3156 480 3195 esse
500 3141 577 3194 verbi
595 3142 725 3210 μίγνυμι,
744 3138 975 3208 scribendumque
990 3156 1049 3194 esse
1068 3140 1127 3209 μεί-

117 3224 212 3278 γνυμι,
237 3209 326 3264 etsie
345 3210 466 3279 reliquas
485 3211 588 3267 formas
607 3215 719 3280 praeter
737 3206 850 3279 ἐμίγην,
874 3209 944 3264 mihi
962 3209 1075 3278 quidem
1094 3227 1128 3266 ex

116 3275 332 3349 inscriptionum
350 3281 516 3349 quibusdam
536 3282 703 3337 teshmoniis
723 3282 791 3334 satis
807 3284 929 3347 constat,
949 3280 1047 3335 sedne
1066 3282 1128 3349 quis

115 3350 296 3405 audaciorem
310 3368 355 3406 me
370 3354 489 3421 putaret,
504 3352 586 3422 plura
599 3353 727 3421 exempla
737 3350 912 3420 expectanda
924 3353 999 3406 duxi.
1027 3353 1128 3407 Ποτεί-

114 3419 180 3474 δαια
201 3424 302 3477 autem
320 3426 349 3477 et
374 3419 516 3478 Φλειάσιοι
538 3426 567 3477 et
588 3423 612 3477 si
636 3440 692 3493 qua
714 3421 818 3477 similia
836 3427 901 3477 sunt
922 3423 982 3477 sine
1000 3422 1061 3478 ulle
1077 3424 1127 3477 du-

114 3489 253 3547 bitatione
274 3494 390 3548 leoorati
409 3493 527 3549 restitui.
560 3494 651 3548 Debui
670 3494 789 3548 fortasse
807 3494 893 3549 etiam
910 3490 1033 3563 Tpotrie,
1053 3495 1128 3563 quod

112 3563 222 3619 Atticos
243 3581 355 3633 quoque
375 3564 474 3619 dixisse
495 3564 686 3633 cognoscimus
706 3582 740 3618 ex
759 3564 940 3633 inscriptione
962 3564 990 3619 C.
1010 3565 1030 3618 I.
1045 3568 1077 3621 A.
1094 3566 1128 3632 ll,

111 3638 171 3688 614,
186 3666 223 3685 -.-
239 3640 413 3707 Λῃτουργεῐν
427 3636 592 3707 λῃτουργία,
607 3652 661 3690 non
677 3640 849 3705 λειτουργεῖν
864 3637 1024 3705 λειτουργία
1038 3636 1127 3689 bonae

110 3706 214 3761 aetatis
235 3722 296 3762 esse
311 3706 407 3761 docuit
420 3706 523 3762 Paulus
537 3706 658 3761 Foucart
676 3708 781 3775 (Revue
797 3708 831 3761 de
845 3708 999 3777 philologie
1015 3708 1048 3761 N.
1065 3708 1091 3761 S.
1107 3708 1129 3774 I,

110 3790 133 3842 p.
149 3782 212 3845 37);
229 3777 303 3833 illud
317 3778 403 3847 igitur
416 3778 518 3847 ubique
532 3778 651 3833 restitui.
674 3780 784 3847 Nempe
794 3777 985 3849 diphthongus
1000 3795 1071 3847 quae
1086 3780 1128 3833 est
