2859 4334
401 431 521 489 ΠΕΡΙ
539 430 882 490 ΑΝΤΙΔΟΣΕΩΣ.
1060 422 1117 487 127

158 590 347 677 στρατηγὸς
357 598 522 675 τοιοῦτος,
540 586 607 669 οἷος
620 588 730 669 ούδελς
742 588 839 667 ἄλλος
851 583 899 657 ών
913 588 1001 677 ἡμεῖς
1013 598 1119 675 ίσμεν,

160 694 295 757 ἐκεῖνον
308 692 370 775 μὲν
383 690 473 774 οἶμαι
490 694 560 757 δεῖν
575 688 661 774 ὑμᾶς
677 694 826 756 ἐπαινεῖν
841 693 894 757 καὶ
914 690 1013 775 χάριν
1034 694 1120 774 ἐχειν

160 785 272 876 αύτῷ,
295 792 369 873 περὶ
385 792 421 855 δὲ
436 792 572 873 ταυτησί
594 796 651 874 της
671 796 801 875 γραφῆς
823 792 858 855 ἐκ
881 797 948 855 τών
969 792 1040 872 ἐμοὶ
1060 813 1119 854 πε-

161 888 384 971 πραγμένων,
407 885 427 952 ό
448 914 477 952 τι
494 882 538 953 άν
554 884 635 972 ὑμῖν
649 892 781 955 δίκαιον
799 886 882 955 εἶναι
900 893 997 975 δοκῇ,
1021 894 1119 954 τοῦτο

162 986 375 1070 γιγνώσκειν.

82 1098 142 1153 107
252 1084 323 1169 (κς’.
333 1083 406 1169 ἐ’.)
426 1083 658 1165 Ἀθροώτατον
674 1087 736 1170 μὲν
752 1078 816 1152 ούν
830 1082 920 1151 τοῦτ’
938 1092 1043 1156 εἰπεῖν
1058 1090 1119 1169 ἔχω

165 1188 242 1266 περὶ
261 1188 430 1267 Τιμοθέου
450 1186 505 1250 καὶ
527 1186 668 1269 μάλιστα
689 1182 770 1251 καθ’
795 1182 970 1265 ἁπάντων,
995 1182 1046 1250 ὅτι
1063 1210 1119 1249 το-

165 1284 291 1359 σαύτας
311 1283 414 1369 ᾕρηκε
433 1286 545 1361 πόλεις
567 1282 649 1350 κατὰ
668 1285 803 1364 κράτος,
826 1282 906 1360 ὅσας
924 1281 1033 1359 οὐδεὶς
1049 1281 1119 1348 πώ-

165 1407 247 1446 ποτε
270 1388 337 1447 τών
361 1384 668 1468 ἐστρατηγηκότων,
690 1383 767 1449 οὔτε
790 1390 857 1449 τών
879 1386 914 1449 ἐκ
928 1380 1050 1467 ταύτης
1064 1387 1119 1466 τῆς

166 1480 296 1555 πόλεως
317 1478 393 1545 ούτε
413 1487 481 1545 τών
496 1483 532 1547 ἐκ
545 1488 602 1566 τῆς
617 1478 719 1565 ἄλλης
728 1478 898 1564 Ἑλλάδος,
922 1482 976 1546 καὶ
991 1479 1121 1546 τούτων

166 1578 267 1660 ἐνίας,
283 1568 333 1642 ών
349 1584 545 1662 ληφθεισῶν
557 1575 643 1655 άπας
657 1576 675 1644 ὁ
687 1579 788 1655 τόπος
800 1575 817 1645 ὁ
831 1583 990 1663 περιέχων
1002 1584 1119 1654 οἰκεῖος

166 1673 365 1761 ἠναγκάσθη
389 1684 428 1763 τῇ
452 1678 546 1743 πόλει
568 1682 744 1763 γενέσθαι·
771 1676 974 1761 τηλικαύτην
1001 1677 1119 1761 ἑκάστη

97 1799 150 1851 {08
168 1775 315 1858 δύναμιν
337 1773 431 1860 εἶχεν.
465 1786 514 1853 τίς
536 1774 600 1860 γάρ
625 1772 687 1843 ούκ
712 1774 780 1842 οἶδε
798 1777 980 1860 Κόρκυραν
1000 1776 1062 1859 μὲν
1084 1778 1120 1841 ἐν

168 1873 409 1963 ἐπικαιροτάτῳ
424 1879 479 1941 καὶ
494 1877 651 1942 κάλλιστα
666 1878 823 1960 κειμένην
840 1882 907 1941 τών
924 1878 999 1957 περὶ
1013 1881 1119 1940 Πελο-

169 1973 359 2055 πόννησον,
385 1975 504 2058 Σάμον
530 1977 566 2040 δὲ
587 1982 654 2041 τῶν
674 1977 711 2041 ἐν
723 1972 845 2062 Ἰωνίᾳ,
869 1972 1003 2059 Σηστὸν
1018 1976 1053 2039 δὲ
1068 1974 1121 2038 καὶ

173 2071 352 2157 Κριθώτην
377 2081 444 2139 τών
465 2076 503 2140 ἐν
519 2072 978 2163 Ἑλλησπόντμ,Ποτείδαιαν
1005 2075 1039 2138 δὲ
1067 2073 1121 2138 καλ

175 2170 335 2255 Τορώνην
349 2180 416 2237 τών
430 2174 482 2238 ἐπὶ
495 2174 645 2260 Θράκηςς
660 2169 699 2249 άς
715 2176 839 2248 ἐκεῖνος
856 2168 985 2248 ἁπάσας
1000 2172 1122 2256 κτησά-

170 2294 269 2355 μενος
283 2273 476 2352 παρέδωκεν
493 2268 590 2354 ύμῖν,
616 2267 656 2336 ού
671 2268 835 2346 δαπάναις
848 2270 1021 2354 μεγάλαις,
1044 2266 1121 2336 οὐδὲ

169 2366 247 2445 τούς
264 2366 473 2453 ὑπάρχοντας
488 2369 681 2454 συμμάχους
692 2369 934 2454 λυμηνάμενος,
950 2365 1028 2434 οὐδὲ
1040 2377 1123 2436 πολ-

105 2488 155 2542 ιο9
171 2466 229 2545 λάς
252 2464 338 2551 ύμάς
360 2465 518 2552 εἰσφοράς
541 2464 733 2553 ἀναγκάσας
748 2475 962 2551 εἰσενεγκεῖν,
987 2465 1059 2535 ἀλλ’
1077 2474 1123 2545 είς

171 2568 232 2653 μὲν
250 2564 312 2632 τόν
333 2572 518 2649 περίπλουν
531 2566 592 2632 τόν
607 2571 682 2647 περὶ
698 2566 960 2652 Πελοπόννησον
978 2575 1051 2648 τρία
1068 2571 1120 2635 καί

172 2670 248 2732 δέκα
265 2665 372 2751 μόνον
387 2668 531 2733 τάλαντα
546 2667 669 2751 δούσης
681 2664 770 2755 αύτῷ
780 2673 837 2751 τῆς
848 2666 975 2745 πόλεως
985 2668 1039 2733 καὶ
1050 2692 1122 2750 τρι-

171 2766 261 2850 ήρεις
275 2764 481 2851 πεντήκοντα
501 2766 681 2848 Κόρκυραν
696 2760 777 2837 εἷλε,
804 2764 902 2831 πόλιν
917 2761 1122 2850 ὀγδοήκοντα

171 2869 313 2950 τριήρεις
327 2868 541 2957 κεκτημένην,
558 2868 702 2945 καὶπερὶ
719 2862 778 2931 τόν
792 2860 895 2930 αὐτόν
911 2864 1034 2947 χρόνον
1048 2873 1119 2933 Λα·
1136 2880 1170 2932 69

172 2970 402 3049 κεδαιμονίους
416 2968 546 3050 ἐνίκησε
561 2970 752 3048 ναυμαχῶν,
768 2965 822 3030 καὶ
837 2964 962 3048 ταύτην
975 2960 1121 3049 ἠνάγκα-

172 3084 230 3130 σεν
248 3060 371 3139 αύτούς
388 3065 578 3128 συνθέσθαι
594 3058 656 3147 τὴν
672 3063 825 3146 εἰρήνην,
846 3058 868 3145 ἣ
882 3061 1048 3147 τοσαύτην
1063 3088 1121 3146 με·-

109 3188 158 3239 ιιο
171 3160 315 3246 ταβολήν
335 3164 472 3247 ἑκατέρᾳ
494 3168 562 3225 τών
583 3161 714 3227 πόλεών
737 3150 906 3244 ἐποίησεν,
929 3158 1017 3226 ὥσθ’
1037 3158 1123 3245 ἡμᾶς

172 3261 231 3344 μὲν
249 3257 307 3324 ἀπ’
325 3262 451 3342 ἐκείνης
465 3266 521 3343 της
535 3256 658 3343 ἡμέρας
672 3258 774 3324 θύειν
788 3255 873 3345 αὐτῇ
887 3253 967 3323 καθ’
983 3258 1122 3326 ἕκαστον

171 3356 229 3425 τὸν
244 3354 398 3423 ἐνιαυτόν
415 3354 458 3432 ὡς
472 3353 629 3440 οὐδεμιᾶς
643 3354 744 3440 άλλης
757 3354 845 3421 οὕτω
861 3363 900 3442 τη
914 3355 1007 3422 πόλει
1022 3378 1121 3425 σννε·

173 3457 370 3542 νεγκούσης,
391 3460 666 3540 Λακεδαιμονίων
683 3454 719 3521 δέ
735 3451 805 3537 μετ’
823 3456 950 3521 ἐκεῖνον
970 3452 1029 3520 τὸν
1042 3480 1120 3540 χρο-

173 3583 232 3623 ιον
241 3552 319 3640 μηδ’
334 3552 394 3638 ὑφ’
409 3552 483 3630 ἑνός
494 3556 663 3636 ἑωρᾶσθαι
675 3553 755 3637 μήτε
768 3547 928 3617 ναυτικόν
941 3548 1033 3628 ἐντός
1043 3559 1122 3621 Ma.

174 3658 246 3730 λέας
266 3656 446 3734 περιπλέον
467 3654 549 3737 μήτε
571 3649 671 3732 πεζόν
691 3651 919 3730 στρατόπεδον
934 3647 971 3716 δι’
985 3648 1121 3734 Ἰσθμοῦ
