2859 4334
293 410 355 476 ιιι
583 413 965 493 ammom)

291 571 535 660 ἆνορδύσομεν
543 571 606 659 μὲν
616 570 678 658 τήν
685 571 797 658 πόλιν,
808 573 1021 660 κομιούμεθα
1029 576 1067 643 δὲ
1076 574 1156 653 τούς
1164 573 1261 662 ἡμε-

290 672 409 757 τέρους
428 669 558 755 αὐτῶν,
580 670 814 757 ἐπιδειξόμεδα
836 673 872 740 δέ
888 680 1009 759 πᾶσιν,
1033 671 1086 742 ὅτι
1102 679 1169 741 νῦν
1184 674 1261 760 μέν

290 768 411 848 ἀδίκως
427 768 738 854 δεδυστυχήκαμεν,
754 765 815 835 τδν
830 769 867 836 δὲ
886 770 1103 855 παρελθόντα
1122 771 1258 856 χρόνον

242 884 275 938 86
291 873 427 947 δικαίως
440 874 508 936 τῶν
523 866 636 936 ἄλλων
649 867 753 934 πλέον
767 871 855 952 ἔχειν
869 864 1037 955 ἠξιοῦμεν.
1060 874 1127 955 ἔχει
1140 865 1172 935 δ’
1185 865 1256 935 ού-

288 992 361 1044 τως.
392 964 457 1051 έγιδ
474 965 616 1043 τούτους
636 974 753 1051 εἰρηκα
772 962 853 1043 τούς
866 965 1007 1051 λόγους,
1030 963 1092 1053 ούχ
1109 963 1154 1045 ὡς
1169 968 1255 1033 δέον
1267 994 1287 1031 ο

289 1062 375 1152 ἡμᾶς
394 1063 460 1153 ήδη
478 1072 584 1135 ταῦτα
603 1063 780 1150 πρέπειν,
802 1060 876 1131 οὐδ’
900 1062 945 1143 ὡς
966 1062 1125 1152 οὐδεμιᾶς
1145 1062 1253 1151 ἄλλης

289 1164 431 1252 ἐνούσης
441 1169 478 1232 έν
488 1179 557 1244 τοῖς
566 1162 740 1249 πράγμασι
752 1169 932 1249 σωτηρίας,
944 1160 1029 1231 νἰλλᾶ
1040 1163 1252 1250 βουλόμενος

289 1261 386 1351 ὑμῶν
400 1266 654 1351 προτρέψασθαι
668 1260 729 1341 τὰς
741 1261 895 1348 γνοίμας,
919 1258 964 1340 ὡς
980 1264 1035 1331 καὶ
1049 1263 1173 1341 ταύτας
1187 1262 1250 1341 τὰς

289 1359 468 1450 συμφορὰς
487 1365 543 1430 καὶ
556 1358 645 1428 πολύ
660 1365 850 1447 δεινοτέρας
869 1360 1000 1430 τούτων
1020 1360 1248 1448 ὑπομενετέον

287 1458 369 1547 ἡμῖν
380 1464 459 1546 πρὶν
471 1456 556 1546 ὑπὲρ
566 1460 748 1547 Μεσσήνης
757 1462 965 1547 ποιήσασθαι
976 1462 1162 1549 συνθήκας,
1175 1464 1250 1540 οἵας
1272 1480 1331 1535 1³4

288 1559 487 1628 κελεύουσιν
501 1554 596 1645 ἡμᾶς.

238 1677 271 1732 87
371 1656 454 1737 (λζ.)
477 1654 548 1742 Οὐχ
559 1653 648 1724 οὕτω
660 1654 692 1724 δ’
705 1654 751 1725 ἂν
761 1659 949 1747 προθύμως
962 1662 1016 1728 έπί
1025 1657 1087 1727 τδν
1098 1658 1247 1744 πόλεμον

288 1754 375 1843 ὑμᾶς
386 1754 617 1841 παρεκάλουν,
632 1761 663 1823 εἰ
671 1754 716 1843 μή
728 1755 791 1843 τήν
803 1757 942 1843 εἰρήνην
952 1756 1068 1843 έύρωυ
1078 1762 1112 1839 έξ
1123 1749 1172 1825 ὥν
1182 1758 1246 1843 μὲν

288 1852 352 1940 έγώ
370 1856 457 1939 λέγω
477 1850 584 1939 καλήν
601 1856 655 1922 καί
669 1860 809 1942 βεβαίαν
821 1857 1070 1942 γενησομένην,
1096 1857 1129 1936 ἐξ
1146 1847 1196 1924 δν
1209 1850 1243 1923 δ’

288 1959 375 2021 ένιοί
387 1977 475 2031 τινες
488 1954 785 2039 συμβουλεύουσιν
799 1950 842 2021 ού
856 1951 965 2039 μόνον
975 1950 1118 2038 αἰσχρὰν
1128 1955 1245 2039 έσομέ-

288 2079 354 2138 νην
368 2046 443 2118 ἄλλ’
457 2047 536 2118 οὐδὲ
549 2049 674 2137 χρόνον
689 2048 814 2120 ούδέυα
831 2059 1101 2138 παραμενοῦσαν.
1124 2049 1168 2140 ἢν
1179 2048 1244 2137 γὰρ

288 2149 648 2236 παρακατοικισύμεθα
661 2146 742 2229 τούς
751 2154 903 2229 Εἴλωτας
915 2152 969 2219 καὶ
980 2147 1041 2237 τήν
1051 2148 1152 2219 πόλιν
1162 2149 1244 2217 ταύ-

288 2274 350 2335 την
362 2252 565 2335 περιίδωμεν
575 2248 799 2335 αύξηδελσαν,
813 2256 862 2329 τίς
872 2247 936 2319 ούκ
946 2248 1055 2337 οἰδεν,
1072 2248 1124 2319 ὅτι
1135 2249 1244 2318 πάντα

288 2348 348 2419 τὸν
362 2356 439 2438 βίον
456 2353 493 2418 έν
506 2366 663 2439 ταραχαῖς
676 2356 732 2421 καί
745 2352 920 2431 κινδύνοις
944 2354 1161 2438 διατελοῦμεν
1183 2350 1242 2421 ὅν-

288 2474 358 2530 τες;
373 2445 460 2516 οἷσθ’
478 2451 513 2515 οἰ
526 2452 601 2532 περὶ
615 2448 799 2536 ἀσφαλείας
813 2451 1046 2537 διαλεγόμενοι
1059 2451 1272 2537 λελήθασινῠ

287 2544 411 2625 αύτούς
426 2544 489 2633 τήν
502 2550 565 2634 μὲν
579 2546 719 2636 εἰρήνην
737 2546 852 2637 ὀλίγας
866 2546 991 2669 ἡμέρας
1005 2546 1086 2635 ήμλυ
1101 2556 1242 2617 ποιοῦν-

285 2672 356 2732 τες,
381 2642 443 2713 τὸν
466 2645 502 2714 δέ
526 2645 675 2733 πόλεμον
697 2646 786 2726 είς”
763 2673 895 2716 απαντα
914 2645 975 2715 τὸν
996 2647 1121 2734 χρόνον
1141 2672 1241 2714 κατα-

239 2762 273 2815 88
287 2742 511 2825 σκευάζοντες.
552 2746 642 2832 (λη’.)
661 2744 786 2827 Ηδέως
805 2744 884 2816 δ”
862 2775 906 2815 αν
922 2745 1035 2815 αὐτῶν
1057 2754 1239 2833 πυθοίμην,

288 2844 372 2930 ὑπὲρ
387 2850 489 2912 τίνων
500 2854 628 2915 οἰονται
641 2854 762 2933 χρῆναι
773 2844 1007 2935 μαχομένους
989 2856 1076 2934 ημᾶς
1086 2846 1240 2934 αποδνή-

288 2963 398 3008 σκειν
420 2940 482 3027 οὐχ
497 2941 581 3011 ὅταν
595 2949 629 3013 οἰ
640 2949 794 3031 πολέμιοι
810 2944 1042 3032 προσταττωσί
1052 2974 1084 3013 τι
1098 2944 1189 3029 παρὰ
1202 2943 1239 3012 τὸ

196 3100 203 3116 ,
288 3041 419 3106 δίκαιον
433 3042 543 3106 καί
503 3067 561 3127 της
575 3041 685 3128 χώρας
696 3040 948 3131 ἄποτέμνωνται
962 3046 1016 3112 καί
1027 3040 1107 3122 τούς
1117 3044 1242 3122 οἰκέτας

288 3141 508 3224 έλευθεροῖσι,
531 3143 586 3208 καὶ
605 3144 747 3221 τούτους
762 3142 825 3230 μέν
844 3150 1075 3225 κατοικίζωσιν
1095 3148 1142 3222 εἰς
1160 3143 1240 3211 ταύ-

287 3262 365 3321 την,
381 3231 425 3321 ήν
439 3231 520 3321 ἡμῖν
532 3240 567 3305 οἰ
575 3242 713 3322 πατέρες
724 3246 917 3325 κατέλιπον,
931 3239 1018 3328 ἡμᾶς
1031 3242 1068 3308 δέ
1078 3237 1123 3327 μή
1134 3241 1263 3326 μύνονι

282 3346 351 3411 τῶν
360 3334 814 3431 ὅντωνδποστερῶσιν,ἇλλο“ι
825 3340 882 3407 καὶ
890 3340 1053 3427 πρδςτοῐς
1061 3338 1241 3419 ἄλλοιςπα-

232 3463 265 3512 89
284 3457 356 3522 κολς
369 3447 416 3522 εἰς
429 3436 546 3529 ὀνείδη
559 3447 784 3524 καδιστῶσινς
799 3443 865 3526 έγιδ
873 3440 1008 3528 μὲνγὰρ
1021 3437 1241 3525 ύπλρτούτων

283 3539 324 3611 ού
337 3542 445 3630 μόνον
456 3545 603 3630 πόλεμον
615 3542 702 3610 ἄλλα
716 3544 773 3611 καί
781 3538 893 3629 φυγὰς
905 3542 962 3610 καί
968 3538 1141 3619 θανάτους
1154 3538 1241 3627 οἰμαι

283 3643 462 3730 προσήκειν
474 3642 556 3732 ήμῑν
568 3638 766 3731 ὑπομένειν·
781 3642 868 3712 πολύ
878 3644 944 3730 γὰρ
954 3659 1106 3727 κρεῖττον
1120 3643 1158 3709 έν
1169 3656 1241 3719 ταῖς
