2859 4334
276 585 364 649 ερον
381 564 449 650 ἅμα
464 567 519 632 καὶ
533 561 593 632 τόν
608 562 701 633 οἶκον
717 572 843 652 έρημον
863 575 1008 654 ποιησαι.
1037 569 1210 656 θαυμάζω
1228 574 1265 638 δὲ

302 666 440 735 καὶτῶν
454 664 669 749 πραττόντων
687 663 771 752 ὑπὲρ
787 664 899 754 αὐτῆς,
915 673 945 735 εί
955 665 1011 735 διὰ
1021 666 1114 736 τοῦτ’
1127 678 1264 738 οίονται
1347 659 1348 690 ’

301 762 406 834 καλόν
432 763 516 833 εἶναι
536 761 597 833 τόν
619 768 797 849 κίνδυνον,
827 764 879 833 ότι
903 764 947 853 μη
975 767 1263 850 κατορθώσαντες

301 861 798 951 οῦδὲνμέλλουσινάποτείσειν.
808 862 873 950 ἐγώ
883 864 946 951 μὲν
957 863 1022 951 γὰρ
1033 863 1183 953 ἡγοῦμαι
1198 893 1262 953 με-
1348 929 1349 954 ,

300 963 408 1050 γόλην
422 960 508 1030 εἶναι
523 965 577 1029 καὶ
592 963 718 1047 ταύτην
733 967 861 1049 ζημίαν,
876 959 920 1030 ἀν
934 966 1197 1050 ἐξελεγχθέντες,
1217 964 1262 1044 ὥς
1348 959 1349 990 ’

301 1060 424 1139 ἀδίκως
440 1056 726 1148 ἀμφισβητοῦσιν,
758 1059 868 1127 ἔπειθ’
891 1058 972 1147 ὑμῖν
986 1062 1108 1143 δόξωσι
1120 1071 1261 1149 χείρους

302 1156 395 1228 εἶναι.
418 1160 480 1245 τὴν
494 1157 556 1245 μὲν
570 1150 634 1225 οὖν
648 1157 779 1226 τούτων
794 1169 915 1228 κακίαν
937 1163 970 1241 ἐξ
983 1158 1096 1228 αὐτῶν
1110 1170 1182 1229 τῶν
1199 1170 1259 1247 έρ-

300 1286 371 1345 γοιν
384 1255 708 1344 γνόσεσθίἐπειδάν
723 1256 778 1325 διὰ
793 1262 907 1339 τέλους
922 1257 1088 1348 ἀκούσητε
1101 1268 1171 1329 τῶν
1194 1288 1283 1330 πε-ο
1350 1309 1352 1382 ,

301 1360 518 1444 πραγμένων·
548 1354 633 1425 ὅθεν
649 1354 681 1423 δ’
706 1356 797 1444 οἶμαι
812 1356 940 1445 τάχιστ’
957 1355 1002 1426 ἀν
1015 1356 1103 1445 ὑμᾶς
1121 1372 1256 1447 μαθεῖν
1350 1385 1351 1388 ’

301 1460 375 1541 περὶ
409 1446 456 1522 όν
485 1453 779 1543 ἀμφισβητοῦμεν,
815 1460 976 1526 ἐντεῦθεν
1004 1457 1146 1546 ἄρξομαι
1176 1464 1257 1548 διη-

300 1563 442 1641 γεῑσθαι.

153 1702 155 1707 .
271 1661 287 1711 5
383 1654 453 1740 (β’.)
476 1651 750 1739 Θρόσνλλοςγάρ
768 1651 787 1720 ό
802 1652 911 1742 πατὴρ
926 1662 987 1722 τοῦ
1009 1657 1257 1737 καταλιπόντος

300 1751 361 1840 τὴν
375 1753 543 1839 διαθήκην
558 1749 647 1837 παρὰ
662 1756 725 1838 μὲν
739 1760 808 1820 τῶν
818 1755 999 1839 προγόνων
1015 1752 1175 1842 οὐδεμίαν
1188 1756 1256 1825 οῦ-

300 1861 376 1922 σίαν
399 1854 603 1940 παρέλαβεν,
632 1854 726 1932 ξένος
741 1854 789 1934 4δέ
811 1861 1045 1947 Πολεμαινέτφ
1068 1863 1114 1947 τῷ
1133 1858 1256 1942 μα’ντει

299 1952 480 2039 γενόμενος
495 1950 603 2031 οὕτως
618 1958 747 2031 οἰκείως
762 1956 897 2039 διετέθη
919 1953 1004 2036 πρός
1026 1952 1148 2041 αὐτόν,
1168 1952 1253 2023 ὥστ’

299 2052 528 2145 ἀποθνῄσκων
536 2054 668 2130 ἐκεῖνος
678 2053 737 2131 τάς
747 2078 782 2119 τε
793 2060 930 2140 βίβλους
939 2050 998 2131 τὰς
1008 2058 1084 2137 περὶ
1096 2062 1155 2141 τῆς
1163 2082 1255 2141 μαν-

298 2160 389 2240 τικῆς
403 2151 492 2242 αὐτῷ
508 2153 660 2219 κατέλιπε
676 2154 731 2219 καί
746 2158 803 2237 τῆς
816 2149 931 2231 οῦσίας
944 2153 1045 2238 μέρος
1063 2180 1094 2220 τι
1108 2160 1166 2239 τῆς
1180 2160 1279 2223 νῦνδ

270 2251 400 2338 θοῦσης
418 2255 551 2319 ἔδωκεν.
575 2247 690 2338 λαβιῦν
701 2252 739 2318 δέ
750 2251 947 2333 Θράσυλλος
957 2252 1080 2332 ταῦτας
1093 2250 1256 2339 ἀφορμὰς

299 2355 414 2438 ἐχρῆτο
429 2358 469 2438 τῇ
483 2351 597 2439 τέχνη·
618 2349 747 2435 πλάνης
760 2350 796 2416 δέ
805 2349 988 2436 γενόμενος
998 2353 1052 2419 καί
1068 2355 1256 2440 διαιτηθείς

298 2453 335 2517 ἐν
349 2457 486 2527 πολλαῖς
500 2447 638 2517 πόλεσιν
653 2447 768 2527 ἀλλαις
781 2476 817 2516 τε
833 2452 964 2535 γυναιξὶ
974 2456 1182 2536 συνεγένετο,
1201 2444 1255 2518 οἷν

299 2556 384 2619 ἔνιαι
400 2551 455 2617 καὶ
469 2546 620 2633 παιδάρι’
639 2545 828 2632 ἀπέδειξαν,
859 2542 990 2628 όάιεῖνος
1013 2545 1098 2619 οῦδδ
1117 2551 1253 2616 πώποτε

299 2646 410 2737 γνήσι’
428 2646 572 2733 ἐνόμισε,
588 2650 642 2715 καὶ
658 2644 699 2734 δὴ
712 2649 766 2715 καὶ
778 2645 839 2734 την
855 2647 978 2733 ταύτης
986 2646 1103 2734 μητέρ’
1121 2650 1158 2716 ἐν
1168 2649 1253 2716 κου’-

270 2768 285 2823 7
298 2772 366 2825 τοις
379 2760 448 2825 τοῖς
461 2746 595 2833 χρόνοις
610 2753 738 2834 ἔλαβεν.
761 2743 874 2832 ἐπειδὴ
889 2741 922 2812 δ’
940 2742 1060 2813 οῦσίαν
1073 2772 1109 2813 τε
1120 2744 1252 2832 πολλὴν

299 2848 456 2934 ἐκτήσατο
471 2844 601 2933 κοίτην
618 2844 753 2929 πατρίδ’
776 2847 950 2930 έπόθεσεν,
972 2849 1101 2933 ἐκείνης
1114 2847 1177 2931 μὲν
1193 2849 1277 2917 καλε

297 2954 365 3015 τῶν
386 2945 498 3017 ἀλλων
522 2945 713 3033 ἀπηλλάγη,
737 2945 967 3023 καταπλεύσας
990 2942 1022 3012 δ’
1047 2951 1093 3024 είς
1113 2954 1251 3030 Σίφνον

299 3057 420 3135 ἔγημεν
435 3045 586 3135 ἀδελφὴν
597 3056 658 3115 τοῦ
670 3046 795 3133 πατρός
806 3044 948 3132 τοῦμοῦ,
964 3046 1099 3137 πλοότφ
1110 3048 1174 3133 μὲν
1184 3044 1251 3114 αῦ-

297 3146 354 3226 τός
369 3154 499 3231 πρῶτος
517 3143 566 3216 όν
580 3156 649 3216 τῶν
663 3156 819 3232 πολιτῶν,
835 3150 926 3232 γένει
935 3149 972 3215 δέ
983 3148 1038 3215 καλ
1055 3161 1124 3226 τοῖς
1134 3146 1251 3226 ἄλλοις

297 3244 480 3332 ἀξιώμασιν
501 3245 596 3327 είδῦς
618 3246 680 3334 τὴν
705 3247 868 3332 ἡμετέραν
888 3252 999 3315 οίκίαν
1024 3251 1245 3333 προέχουσαν.

269 3344 389 3414 Βοῦτον
409 3345 446 3413 δέ
472 3345 594 3432 σφόδρ’
619 3344 770 3434 ἠγάπησε
796 3344 859 3433 τὴν
883 3341 1094 3430 τοῦπατρὸς
1120 3352 1249 3431 φιλίαν,
1264 3356 1314 3411 ³86

301 3446 381 3518 ὥστ’
401 3446 644 3534 ἀποθανούσης
662 3449 791 3532 ἐκείνης
815 3444 957 3526 ἄπαιδος
980 3436 1084 3525 αὖθις
1109 3440 1249 3533 ἠγάγετ’

299 3547 445 3630 ἀνεψιόν
469 3553 530 3619 τοῦ
554 3548 698 3636 πατρὸς,
723 3546 763 3617 οῦ
790 3545 996 3632 βουλόμενος
1022 3545 1253 3617 διαλῦσασθαι

299 3650 451 3737 τὴνπρός
466 3649 553 3735 ἡμᾶς
568 3649 764 3731 οίκειότητα.
789 3648 831 3717 οῦ
847 3648 958 3717 αολῦν
971 3647 1010 3715 δέ
1025 3648 1151 3729 χρόνον
1164 3669 1250 3718 συν-

303 401 366 466 292
585 406 902 465 ΙΣΟΚΡΑΤΟῬΣ
919 410 983 481 (19)
