2859 4334
289 415 351 480 146
579 416 961 497 ιΣοΚΡκυονΣμ)

287 576 532 665 ἅνορθύσομεν
540 574 602 661 μέν
611 573 673 660 τήν
681 573 793 662 πόλιν,
803 577 1016 661 κομιούμεθα
1024 577 1062 644 δὲ
1072 575 1153 655 τούς
1161 574 1253 663 ἡμε-

286 678 405 761 τέρονς
424 672 554 759 αύτιὸν,
576 671 810 759 έπιδειξόμεθα
831 675 868 743 δλ
885 682 1005 760 πᾶσιν,
1029 672 1082 744 ὅτι
1098 680 1166 742 νῦν
1180 674 1254 761 μέν

286 772 408 852 ἆδίκως
425 771 733 858 δεδυστυχήκαμεν,
750 767 812 838 τὸν
826 771 862 839 δὲ
883 772 1099 858 παρελθόντα
1118 771 1252 858 χρόνον

239 890 272 943 86
288 877 423 951 δικαίως
436 878 505 939 τῶν
520 869 632 939 ἄλλων
646 870 748 936 πλέον
764 873 851 955 ἔχειν
864 866 1033 957 ἠξιοῦμεν.
1057 875 1123 957 ἔχει
1137 866 1169 937 δ’
1183 867 1251 937 ού-

285 996 358 1049 τως.
389 968 453 1056 έγολ
471 968 612 1046 τούτους
632 977 750 1053 είρηκα
769 964 849 1045 τοὺς
863 968 1003 1053 λόγους,
1026 964 1088 1053 ούχ
1106 964 1151 1046 ὡς
1165 970 1251 1035 δέον
1263 994 1282 1031 ε

284 1066 372 1158 ἡμᾶς
391 1068 457 1157 ήδη
475 1076 580 1137 ταῦτα
600 1066 777 1152 πρέπειν,
798 1062 873 1133 οὐδ’
896 1064 942 1146 ὡς
962 1064 1121 1153 οὐδεμιᾶς
1141 1063 1250 1152 ἄλλης

287 1168 428 1256 ἐνούσης
438 1172 475 1236 έν
484 1181 554 1247 τοῖς
563 1165 736 1253 πράγμασι
748 1170 928 1251 σωτηρίας,
941 1162 1026 1233 αἰλλᾶ
1036 1164 1249 1252 βουλόμενος

286 1266 383 1355 ὑμῶν
397 1271 651 1355 προτρέψασθαι
665 1264 726 1344 τὰς
738 1263 891 1351 γνοέμας,
915 1260 960 1343 ὡς
977 1266 1032 1331 καλ
1046 1264 1169 1342 ταύτας
1184 1263 1248 1343 τὰς

286 1364 465 1454 συμφορὰς
483 1368 540 1435 καλ
553 1361 642 1433 πολύ
657 1367 847 1449 δεινοτέρας
866 1362 996 1432 τούτων
1017 1361 1247 1449 ὑπομενετέον

285 1464 365 1553 ἡμῖν
377 1468 457 1552 πρὶν
467 1460 553 1550 ὑπὲρ
563 1464 745 1550 Μεσσήνης
754 1464 962 1551 ποιήσασθαι
973 1463 1159 1551 συνθήκας,
1172 1465 1249 1541 οἵας
1269 1480 1326 1533 134

285 1563 484 1632 κελεύουσιν
498 1558 593 1648 ἡμᾶς.

235 1682 269 1737 87
368 1662 452 1742 (λζ.)
474 1658 545 1746 Ούχ
556 1657 645 1728 ούτω
657 1658 689 1727 δ’
703 1658 748 1728 ἂν
758 1661 946 1748 προθύμως
959 1664 1013 1729 eal
1022 1659 1084 1729 τὸν
1095 1660 1246 1745 πόλεμον

286 1759 373 1847 ὑμᾶς
383 1759 614 1846 παρεκάλουν,
629 1765 660 1827 εί
669 1757 713 1845 μή
726 1758 788 1846 τήν
800 1759 939 1846 είρήνην
949 1758 1065 1845 έύρων
1075 1762 1109 1840 ἐξ
1121 1750 1169 1827 ὧν
1179 1758 1244 1844 μὲν

286 1857 350 1945 έγοὶ
368 1859 454 1944 λέγω
475 1854 581 1944 καλήν
598 1860 653 1927 καλ
666 1863 807 1946 βεβαίαν
819 1857 1067 1944 γενησομένην,
1093 1858 1126 1937 ἐξ
1144 1848 1193 1925 ολυ
1208 1851 1242 1924 δ’

286 1963 372 2027 ένιοί
385 1982 472 2035 τινες
486 1958 782 2044 συμβουλεύουσιν
796 1953 839 2024 ού
853 1954 962 2042 μόνον
973 1951 1115 2040 αίσχρᾶν
1125 1956 1244 2041 έσομέ-

286 2084 352 2144 νην
366 2050 440 2123 ἀλλ’
454 2050 533 2122 ούδδ
547 2053 671 2141 χρόνον
687 2052 811 2124 ούδένα
828 2061 1099 2141 παραμενοῦσαν.
1122 2049 1166 2141 ἢν
1177 2049 1244 2139 γὰρ

286 2153 645 2240 παρακατοικισοέμεθα
659 2151 739 2233 τούς
749 2158 901 2233 Εἴλωτας
912 2155 967 2222 καλ
977 2149 1039 2239 τήν
1049 2151 1151 2221 πόλιν
1160 2149 1245 2218 ταύ-

286 2279 347 2340 την
361 2256 563 2338 περιίδωμεν
573 2252 796 2339 αύξηθείσαν,
810 2259 859 2332 τίς
869 2250 933 2321 οὐκ
944 2250 1053 2339 οἶδεν,
1070 2250 1122 2320 ὅτι
1133 2250 1245 2319 πάντα

285 2353 346 2424 τὸν
360 2359 437 2443 βίον
454 2357 492 2422 έν
504 2369 660 2442 ταραχαῖς
673 2359 729 2424 καλ
743 2355 918 2435 κινδύνοις
942 2356 1159 2441 διατελοῦμεν
1183 2352 1244 2421 ὅν-

285 2480 356 2535 τες;
372 2449 459 2521 ὥσθ’
475 2455 512 2520 οί
524 2456 599 2535 περὶ
613 2451 797 2539 ἀσφαλείας
812 2453 1043 2540 διαλεγόμενοι
1057 2452 1276 2540 λελήθασινο

285 2549 410 2631 αύτούς
424 2548 487 2637 τήν
500 2553 563 2638 μὲν
578 2550 716 2639 εἰρήνην
735 2550 850 2639 ὀλίγας
864 2550 988 2671 ἡμέρας
1002 2548 1083 2638 ἡμῖν
1099 2557 1244 2618 ποιοῦν-

284 2676 354 2735 τες,
380 2646 441 2717 τὰν
465 2649 502 2717 δὲ
524 2649 674 2737 πόλεμον
695 2649 784 2730 ελς”
761 2675 893 2719 απαντα
913 2648 973 2717 τὸν
994 2649 1119 2736 χρόνον
1139 2674 1244 2716 κατα-

238 2765 271 2819 88
285 2746 510 2829 σκευαζοντες.
550 2750 641 2836 (λη.)
660 2748 784 2830 Ἡδέως
803 2746 882 2818 δ’
860 2778 904 2818 αν
920 2746 1033 2818 αύτων
1055 2757 1242 2835 πυθοίμην,

286 2847 371 2934 ὑπὲρ
386 2855 488 2917 τίνων
498 2858 626 2918 οίονται
639 2858 760 2937 χρῆναι
771 2846 1005 2937 μαχομένους’
988 2857 1074 2936 ημᾶς
1085 2848 1243 2935 αποθνή-

287 2968 397 3013 σκειν·
419 2944 481 3032 οὐχ
496 2946 579 3015 ὅταν
594 2952 628 3016 οί
639 2953 792 3034 πολέμιοι
809 2947 1041 3033 προσταττωσί
1050 2975 1082 3015 τι
1097 2972 1187 3030 παρα
1202 2944 1242 3013 τὸ

195 3104 202 3123 ,
286 3048 418 3112 δίκαιον
432 3045 542 3110 καὶ
503 3071 560 3131 της
574 3045 684 3132 χώρας
694 3044 947 3133 ἀποτέμνονται
960 3048 1015 3114 καλ
1026 3042 1106 3124 τούς
1116 3045 1246 3123 οίκέτας

286 3146 507 3228 έλενθεροέσι,
530 3147 585 3212 καλ
604 3147 745 3224 τούτους
761 3145 824 3232 μέν
844 3152 1073 3227 κατοικίζωσιν
1094 3150 1140 3223 είς
1159 3144 1244 3212 ταύ-

286 3266 364 3325 την,
380 3236 424 3326 ἢν
438 3235 519 3326 ἡμῖν
532 3244 566 3309 οί
575 3246 712 3325 πατέρες
724 3249 917 3328 κατέλιπον,
930 3242 1017 3329 ἡμᾶς
1030 3244 1067 3310 δέ
1077 3239 1122 3328 μή
1133 3241 1269 3327 μόνοντ

280 3352 350 3417 τῶν
359 3344 469 3415 ὄντων
477 3338 813 3433 ἆποστερῶσιν,ἆλλο“ι
825 3342 974 3430 καλπρδς
982 3354 1052 3420 τοίς
1060 3338 1245 3420 ἄλλοιςκα-

231 3469 263 3518 89
282 3462 355 3527 κοῖς
368 3451 416 3526 είς
428 3441 546 3533 ὀνείδη
559 3450 783 3527 καθιστῶσινς
799 3446 865 3529 έγολ
872 3442 1007 3530 μὲνγὰρ
1019 3439 1244 3527 ύπλρτούτων

282 3544 323 3617 ού
336 3548 444 3636 μόνον
456 3548 602 3635 πόλεμον
615 3546 702 3615 ἄλλα
715 3548 772 3615 καλ
780 3541 893 3632 φυγὰς
904 3540 1141 3622 καλθαναὶτους
1152 3539 1245 3628 οἶμαι

282 3648 462 3735 προσήκειν
475 3646 556 3737 ἡμῖν
569 3642 765 3734 ύπομένειν·
780 3644 867 3714 πολύ
877 3645 943 3733 γὰρ
953 3661 1105 3731 κρεῖττον
1120 3645 1157 3711 έν
1169 3657 1245 3720 ταῖς
