2859 4334
272 387 411 442 XXXVIII
667 388 872 443 PRAEFATIO

271 549 301 619 τῇ
329 544 417 603 πόλει.
443 578 474 587 -
498 542 616 618 πράξετε
647 552 673 603 Γ
692 547 757 603 Bk:
785 545 934 618 ἐπράττετε
964 544 1108 617 (πράττετε
1136 547 1220 618 Dor).
1244 580 1274 589 -—

270 615 382 689 γνώμην
402 614 522 681 ἐκείνοις
540 637 566 673 v,

339 691 371 744 In
389 689 512 744 hiatibus
530 689 712 745 admittendis
734 691 768 745 ut
788 694 896 745 ceteras
915 689 1055 746 orationes
1072 689 1220 745 iudiciales
1237 690 1283 745 ita

268 761 472 830 huncquoque
519 761 595 815 aullo
618 760 778 815 liberiorem
805 777 866 815 esee
889 778 907 815 a
930 760 1079 817 Benselero
1102 762 1210 832 dudum
1232 778 1283 814 ex·

268 831 391 903 posItum
410 832 460 886 est.
497 779 677 886 Inveniuntur
699 832 872 887 iactatione
894 836 919 885 Γ
934 832 1037 887 codicis
1055 849 1109 901 ope
1127 832 1281 886 emendata

269 902 405 959 eiusmodi
422 903 527 970 hiatus,
550 902 598 972 qui
621 901 737 957 elisione
758 902 819 956 tolli
839 919 893 956 non
912 904 1032 971 possint,
1051 903 1129 958 XVII
1148 920 1283 958 numero:

268 975 342 1030 inter
359 975 410 1027 hos
427 974 493 1041 post
510 972 558 1027 καί
573 972 610 1026 XI
629 978 711 1039 (510.
734 978 765 1028 lt
784 976 834 1026 ter.
855 979 896 1028 19.
916 979 958 1027 22.
977 979 1020 1027 41.
1040 981 1082 1028 43.
1102 979 1145 1029 44.
1165 979 1200 1029 50
1214 974 1283 1042 bis),

269 1045 371 1115 singuli
394 1048 457 1114 post
480 1037 497 1113 ἢ
525 1048 554 1098 et
581 1044 646 1097 ante
669 1039 706 1097 ἄν
732 1045 791 1113 (4²3
815 1040 886 1097 πολύ
909 1037 946 1097 dv
969 1047 1028 1113 21),
1052 1049 1109 1099 tres
1130 1044 1161 1099 in
1188 1061 1284 1114 pausa

269 1117 344 1171 vocis
363 1116 417 1183 (40.
436 1120 470 1168 43
490 1132 530 1183 sq.
549 1115 602 1183 50).
639 1114 723 1169 Mitto
746 1115 819 1168 enim
842 1115 913 1170 tales
936 1114 1027 1184 qualis
1050 1117 1095 1169 est
1116 1120 1132 1180 ᾗ
1150 1122 1185 1169 43
1205 1111 1283 1169 διότι

268 1182 389 1251 ὁπόταν,
416 1188 513 1255 utpote
540 1185 644 1253 ubique
672 1185 707 1239 ab
738 1186 859 1240 Isocrate
886 1186 1028 1240 toleratos
1047 1190 1050 1194 ’
1066 1186 1154 1239 Elisio
1182 1190 1281 1241 autern

269 1259 352 1327 longe
368 1255 538 1325 frequentius
552 1273 637 1324 quam
655 1256 684 1310 in
698 1256 872 1311 orationibus
885 1259 917 1309 ut
935 1254 977 1311 ita
995 1256 1088 1311 dicam
1102 1257 1283 1312 scholasticis

269 1327 427 1384 adhibenda
440 1329 490 1383 est
519 1327 551 1380 In
568 1326 668 1381 ceteris
683 1327 826 1382 codicibus
841 1326 923 1395 pauci
942 1328 1087 1396 praeterea
1102 1328 1195 1382 hiatus
1213 1331 1284 1383 rant

269 1416 357 1469 neque
377 1399 465 1452 multo
484 1396 525 1452 eis
543 1414 612 1466 quos
632 1396 793 1452 enumeravi
810 1398 951 1467 graviores
971 1399 997 1466 (ς
1015 1404 1058 1452 29.
1077 1404 1120 1454 δδ.
1139 1403 1193 1468 43).

340 1468 386 1524 Or.
406 1469 492 1525 XVII.
520 1470 811 1524 ΤΡΑΠΕΖΙΓΙΚΟΣ.
839 1468 965 1523 Etitulis
983 1470 1151 1539 paginarum
1170 1471 1282 1525 removi

269 1557 363 1608 uncos,
381 1558 450 1609 quos
468 1539 574 1594 nomini
587 1538 718 1594 Isocratis
736 1539 845 1593 addidib
861 1537 905 1593 Bs.
934 1538 975 1595 cf.
994 1539 1097 1594 librum
1115 1558 1209 1595 meum
1229 1542 1282 1611 qui

269 1615 312 1667 est
333 1614 369 1667 de
392 1611 483 1679 eloqu.
521 1608 615 1663 Attica
637 1610 693 1664 vol.
716 1610 743 1663 II
766 1628 793 1680 p.
818 1617 868 1663 211
889 1627 929 1678 sq.
948 1610 1116 1665 -Initium
1142 1612 1284 1667 orationis

269 1690 283 1749 ς
304 1688 389 1737 1-12
415 1680 496 1736 affert
514 1680 663 1748 Dionysius
681 1681 770 1735 Helio.
795 1679 985 1750 (debeone.
1006 1684 1064 1750 19);
1088 1682 1122 1737 τί.
1142 1682 1282 1736 l'uhn'um

268 1754 297 1809 in
315 1754 386 1808 Mus.
404 1753 457 1806 Rh.
477 1750 601 1817 XXXIII,
624 1770 651 1819 p.
670 1757 723 1806 355
742 1769 782 1820 eq.
808 1782 841 1791 -
865 1757 880 1805 l
900 1749 937 1833 μὴ
956 1753 1064 1822 δοκεῖν]
1086 1749 1123 1823 μὴ
1143 1770 1197 1808 om.
1221 1756 1283 1816 ΓΕ,

268 1824 383 1880 inclusit
402 1822 455 1877 Bk.
478 1851 514 1863 -
536 1817 618 1876 ούσία
640 1817 694 1891 γάρ
718 1841 766 1891 μοι
788 1817 871 1891 ίκανὴ
897 1822 978 1877 Dsoru
998 1854 1029 1863 —
1050 1819 1164 1893 δόξαιμι
1186 1822 1282 1892 μηδὲν

269 1896 348 1951 Dion.
368 1894 463 1948 luha:
483 1889 556 1958 δόξω
576 1890 673 1961 μηδὲν.
695 1924 727 1931 -
746 1895 889 1961 προσηκον
908 1932 935 1947 .,
956 1890 1107 1963 ἐγκαλέσαι
1129 1897 1176 1947 ΓΕ
1197 1894 1280 1949 Dion.
1370 1895 1371 1910 ¹

269 1966 330 2023 Gor.
350 1965 413 2019 Bk:
433 1959 677 2032 προσηκόντως..
697 1959 890 2031 ἐγκαλεῖσθαι
908 1994 938 2003 -·
959 1966 1021 2037 βίον
1044 1968 1091 2018 ΓΕ
1111 1966 1190 2019 Dion.
1209 1964 1281 2021 Bk:

270 2033 379 2108 χρόνον.
394 2041 458 2089 -2
478 2030 512 2088 τά
531 2036 596 2088 ante
615 2029 685 2101 πρὸς
702 2034 766 2088 add.
789 2038 836 2087 ΓΕ
850 2033 901 2087 Bk.
918 2064 950 2073 —
964 2042 1025 2098 ταῖς
1043 2039 1109 2091 ante
1127 2034 1284 2104 τραπέζαις
1370 2067 1371 2080 .

272 2125 323 2163 om.
343 2109 375 2162 Ε.
396 2136 428 2146 -
448 2100 518 2173 πρός
542 2100 608 2165 τούς
632 2101 777 2167 τοιούτους
800 2123 825 2159 ν.
850 2105 931 2160 Dion.
951 2137 983 2146 -
1002 2102 1091 2163 πολλά
1114 2124 1168 2162 om.
1195 2108 1281 2162 Dion.

270 2182 341 2233 teste
355 2175 466 2231 Fubrio.
482 2206 517 2216 —
528 2175 740 2247 διαχειρίζουσι]
755 2178 955 2245 διϊσχορίζουσι
969 2179 1001 2231 Ε.
1018 2209 1051 2218 -
1065 2180 1135 2232 πᾶσι
1148 2174 1282 2266 φανερόν

269 2249 352 2304 Fuhr.
375 2248 392 2302 l.
413 2262 437 2301 c.
461 2264 488 2317 p.
508 2252 569 2300 829.
592 2277 622 2286 —
642 2243 783 2301 τοσούτων
806 2266 887 2316 χρημ.
910 2263 936 2300 v.
954 2247 1036 2303 Dion.
1056 2248 1101 2301 Be.
1122 2282 1154 2289 -
1174 2255 1192 2303 3
1210 2252 1280 2322 ουν]

270 2318 301 2374 δὲ
322 2319 401 2373 Dion.
421 2349 454 2359 -
474 2312 550 2379 ὅπως
568 2310 605 2371 άν
623 2313 755 2387 δύνωμαι
774 2317 853 2372 Dion.
867 2318 927 2371 Ba:
946 2313 983 2380 ὡς
1001 2313 1038 2372 ἂν
1057 2320 1082 2376 δ.
1102 2337 1138 2389 κ,
1157 2336 1209 2375 om.
1229 2326 1283 2375 ΓΕ

269 2391 319 2445 Bk.
335 2390 390 2458 (est
403 2384 558 2457 όμοιοτίλ.).
575 2419 607 2427 -
622 2388 768 2458 Σωπαῖος]
785 2382 933 2449 Σινωπεύς
948 2389 1050 2458 D(ion).
1065 2388 1110 2443 Bs.
1126 2422 1158 2430 —
1174 2393 1279 2447 ίσασιν.

191 2506 196 2517 .
269 2453 351 2522 οὗτος
370 2504 376 2515 .
392 2503 398 2514 .
417 2459 595 2526 διακείμενος
619 2462 650 2512 Ε.
679 2490 707 2498 —
729 2457 781 2529 μὲν
804 2464 870 2528 post
892 2460 994 2527 πολλῆς
1017 2477 1071 2515 om.
1095 2480 1128 2530 pr
1154 2466 1183 2517 Γ.
1207 2471 1280 2517 --4

269 2529 353 2600 ἄλλης
373 2534 422 2585 ΓΕ
440 2530 473 2584 D.
492 2528 556 2583 Bb:
580 2524 654 2599 ὅλης.
673 2532 842 2599 -γεμίσας
866 2522 917 2585 σύν
953 2550 978 2599 γ.
997 2528 1028 2586 δὲ
1048 2550 1083 2597 v.‚
1103 2529 1282 2602 ἐπιδημήσας

269 2600 301 2658 ei
320 2601 366 2657 vel
385 2598 417 2656 δὲ
437 2600 497 2654 sine
514 2600 643 2669 particip.
663 2601 743 2656 codd.
762 2601 895 2670 Dionysii,
929 2597 1055 2670 μπλὴσας
1073 2594 1124 2657 σόν
1143 2620 1172 2657 rc
1190 2623 1223 2672 γρ
1245 2611 1279 2659 Δ.

272 2706 304 2714 -
323 2673 390 2763 μου]
415 2670 513 2725 malim
536 2690 592 2739 μοι.
612 2702 644 2709 -
662 2673 736 2733 ναός
758 2672 848 2743 σίτου]
871 2675 942 2735 ναός
964 2691 1020 2727 που
1039 2673 1071 2729 D.
1092 2706 1124 2713 -
1143 2668 1204 2743 ἅμα
1228 2677 1282 2731 καλ
1369 2699 1370 2736 i

269 2763 322 2799 κατ
356 2746 380 2795 Γ
396 2742 441 2798 Bs.
461 2772 495 2781 -
513 2737 585 2795 κατὰ
604 2744 669 2796 ente
687 2746 775 2810 θεωρ.
799 2759 852 2797 om.
872 2742 904 2798 D.
924 2743 1029 2812 1¹¹(uhr).
1051 2774 1081 2784 -
1102 2750 1118 2799 t
1137 2740 1175 2807 ὡς
1193 2745 1245 2800 καὶ
1265 2743 1282 2801 ὁ

269 2817 302 2871 D.
321 2814 379 2869 Ba:
399 2809 443 2876 ὡς.
464 2841 498 2854 -
517 2806 604 2881 ούμός
626 2816 672 2866 ΓΕ
686 2812 751 2869 Bk:
771 2807 786 2868 ό
807 2809 881 2882 ἐμὸς.
898 2846 929 2855 -
945 2833 974 2868 τε
995 2817 1060 2870 ante
1079 2811 1208 2885 χρήματα
1221 2834 1281 2873 om.
1369 2821 1370 2842 ¹

269 2887 301 2939 D.
322 2915 356 2926 -
375 2878 486 2939 κελεύει
508 2885 537 2937 et
559 2885 626 2953 ποιῇ
645 2884 678 2939 D.
698 2915 731 2923 —
751 2890 768 2939 δ
785 2880 856 2952 πρός
878 2880 966 2939 αύτόν
985 2883 1095 2947 οἰκείως
1114 2905 1140 2942 v.
1162 2919 1193 2928 —
1212 2890 1283 2957 περὶ
1369 2909 1370 2920 ³

269 2958 325 3010 τόν
340 2975 419 3025 χρημ.
435 2952 467 3011 Ι).
483 2984 516 2993 -
530 2955 616 3009 verba
630 2950 758 3024 ἡγούμην
778 2995 784 3009 .
801 2996 807 3009 .
826 2951 957 3025 Σάτυρον
975 2954 1005 3009 in
1019 2956 1162 3011 codicibus
1176 2959 1284 3015 omIssa

273 3048 285 3082 ι
304 3027 335 3079 D.
356 3024 474 3079 inseruit
491 3025 525 3079 H.
543 3023 667 3079 Wolfius.
705 3025 778 3080 Casu
795 3029 889 3080 autem
907 3026 1043 3082 excidisse
1062 3045 1118 3082 non
1136 3029 1282 3098 vident-un

269 3099 365 3165 itaque
384 3112 470 3150 uncos
488 3112 551 3150 eum
568 3094 620 3151 Bk
639 3095 718 3151 Turr.
737 3096 842 3150 addidi.
862 3127 894 3137 -
913 3099 1052 3167 προοίμην
1072 3098 1104 3152 D.
1123 3100 1170 3154 bIe
1186 3099 1282 3155 Turn:

240 3178 243 3185 '
270 3168 407 3237 προείμην
430 3165 463 3220 D.
483 3182 506 3221 c.
526 3172 568 3231 20,
591 3166 640 3221 ubi
662 3168 728 3221 ante
751 3167 778 3220 b.
797 3184 824 3221 v.
847 3163 885 3237 μὴ
908 3169 1027 3223 additur.
1048 3200 1079 3208 —
1099 3166 1283 3227 κινδυνεύειν

271 3238 304 3293 D.
324 3256 346 3294 c.
369 3244 414 3292 19:
433 3234 629 3293 κινδυνεύσειν
648 3254 671 3293 ο.
691 3244 726 3292 20
744 3237 795 3291 Bk.
815 3270 846 3277 -
858 3232 964 3301 ’κεῖνος
981 3239 1093 3309 scripsi:
1112 3236 1230 3303 ἐκεῖνος.
1248 3274 1281 3283 -

271 3305 401 3377 Σατύρου
420 3308 453 3364 D.
473 3308 565 3365 Turn:
591 3309 641 3362 τού
660 3305 793 3377 Σατύρου
811 3307 862 3363 Bk
882 3338 916 3349 -
936 3316 951 3365 ’ί
971 3314 1036 3378 post
1054 3307 1132 3365 εἶναι
1149 3314 1237 3367 verba
1256 3331 1281 3369 v.

271 3380 375 3447 addita,
395 3379 469 3449 apud
488 3379 520 3433 D.
540 3379 616 3434 etin
638 3382 685 3433 ΓΕ
704 3379 820 3434 omissa:
843 3386 1063 3449 προοομολογεῖν
1082 3425 1089 3438 .
1105 3425 1111 3437 .
1130 3382 1195 3452 καί,
1217 3400 1283 3439 cum

271 3450 322 3506 Blr.
342 3450 420 3505 uncis
438 3450 540 3504 inclusi
557 3454 621 3518 (orn.
640 3449 705 3518 Ba).
743 3451 806 3505 Non
829 3450 960 3505 videntur
982 3451 1191 3523 interpolatoris
1210 3471 1283 3519 esse,

272 3520 321 3575 scd
339 3538 357 3575 a
375 3520 510 3590 scriptore
524 3521 585 3591 ipso
599 3522 721 3591 primum
734 3520 835 3592 posita,
852 3526 919 3591 post
932 3522 1061 3578 secundis
1075 3525 1148 3577 curis
1162 3525 1282 3580 circnm-

271 3592 383 3662 soripta
422 3592 501 3657 Quod
526 3591 602 3646 idem
627 3591 661 3645 de
687 3592 787 3661 prioris
806 3597 822 3658 5
839 3592 932 3648 verbis
954 3591 984 3647 in
1006 3594 1148 3649 codicibus
1172 3597 1285 3652 omissis

272 3663 378 3716 dictum
400 3661 492 3717 velim.
515 3694 546 3701 -
567 3661 615 3716 καὶ
637 3659 727 3735 τούτῳ
752 3663 802 3717 καὶ
828 3657 934 3732 ἑτέροις
952 3659 999 3719 ἐπί
1024 3660 1098 3737 τόκῳ
1115 3667 1284 3747 ,φαίνεσθαι

273 3736 323 3787 ΓΕ
340 3731 404 3787 Bu:
429 3733 478 3786 καὶ
497 3728 586 3806 τούτῳ
605 3730 739 3802 καθάπερ
758 3736 816 3803 είγε
837 3730 884 3789 ἐπὶ
901 3753 926 3790 τ.
945 3754 975 3804 φ.
994 3734 1123 3805 Dionysir
1142 3738 1232 3793 codex
1249 3738 1283 3808 F,
