2859 4334
499 372 796 434 ΕΠΙΣΤΟΛΑΙ.
1060 368 1121 429 249

177 533 321 623 ἐχθρούς
340 536 377 603 ἐν
397 536 507 602 ἐλπίσι
525 533 685 618 μεγάλαις
710 533 867 619 ποιήσεις,
887 537 960 614 οἵας
978 532 1034 601 καί
1052 539 1119 602 νύν

175 634 292 716 αύτοῖς
299 636 476 723 παρέσχες·
494 631 581 702 ύλλέι
596 639 664 702 τῶν
673 633 940 723 μὲνβαρβοίρυν,
955 634 1040 722 πρός
1058 631 1119 716 οὓς
1129 649 1178 698 409

174 739 241 807 νῦν
262 745 428 824 πολεμεῖς,
456 737 510 806 ἐπὶ
530 739 692 804 τοσοῦτον
709 737 876 822 ἐξαρκέσει
898 757 951 806 σοι
970 751 1119 823 κρατεῖν,

176 839 259 909 ὅσον
273 838 486 928 ένᾶσφαλείηι
498 842 700 923 καταστῆσαι
712 839 774 924 τὴν
789 843 916 907 σαυτοῦ
924 836 1050 924 χιόραν,
1058 837 1119 906 τόν

175 940 213 1010 δέ
220 938 373 1030 (βασιλέα
379 938 456 1028 τόν)
471 943 537 1009 νύν
546 938 653 1027 μέγαν
666 938 1002 1028 προσαγορευόμενον
1016 966 1119 1009 κατα·

176 1039 1119 1129 λύειυέπιγειρήσεις,ίνατήντεσαυτοῠδόξανμειξωποιή-

175 1138 1118 1235 σηςκαὶτολςἝλλησινύποδείξης,πρόςόνχρὴπολεμεῑν.

115 1271 153 1324 12
252 1249 319 1338 (ε’.)
333 1244 407 1330 Ηρό
422 1253 549 1314 πολλοῦ
560 1242 592 1314 δ’
608 1241 652 1313 ἂν
663 1245 871 1331 ἐποιησάμην
882 1248 1062 1316 ἐπιστεῖλαί
1069 1267 1121 1315 σοι

168 1356 272 1416 ταυτα
286 1344 350 1430 πρό
366 1352 423 1430 τῆς
439 1351 625 1429 στρατείας,
643 1340 691 1411 ἵν’
708 1350 738 1412 εί
747 1343 809 1430 μὲν
819 1345 992 1432 ἐπείσθης,
1007 1343 1053 1433 μὴ
1064 1375 1123 1433 τη-

169 1447 312 1537 λικούτρι
333 1444 482 1532 κινδύνῳ
507 1445 714 1530 περιέπεσες,
740 1447 770 1511 εί
797 1438 828 1508 δ’
851 1440 1048 1531 ἠπίστησας,
1076 1443 1153 1532 μὴτ)

168 1545 415 1634 συμβουλεύειν
438 1543 580 1611 ἐδόκουν
595 1540 698 1611 ταύτὰ
719 1557 786 1621 τοῖς
803 1540 866 1630 ἤδη
890 1542 945 1611 διὰ
959 1543 996 1612 τό
1012 1545 1123 1624 πόθος

170 1643 234 1713 ὑπό
251 1644 388 1712 πόντων
398 1645 629 1729 ἐγνωσμένοις,
647 1640 730 1711 ἀλλὰ
746 1643 783 1711 τό
798 1641 1007 1731 συμβεβηκός
1021 1646 1123 1732 ἐμαρ-

169 1747 262 1832 τύρει
283 1744 361 1822 τούς
382 1745 504 1830 λόγους
521 1741 633 1827 ὀρθῶς
650 1749 737 1829 ἔχειν
757 1740 836 1822 τούς
860 1740 919 1811 ὑπ’
944 1747 1025 1830 ἐμοῦ
1048 1747 1123 1828 περὶ

168 1842 282 1911 αὐτῶν
297 1845 501 1929 εἰρημένους.

112 1963 150 2016 13
256 1943 321 2026 (ς’.)
336 1940 451 2010 Πολλὰ
469 1941 498 2009 δ’
521 1948 605 2028 ἔχων
621 1948 726 2010 εἰπεῖν
748 1939 802 2009 διὰ
817 1940 878 2029 την
891 1951 951 2012 τοῦ
967 1943 1122 2031 πράγμα-

169 2070 225 2122 τος
239 2041 346 2129 φύσιν
357 2041 527 2128 παύσομαι
542 2044 665 2128 λέγων·
687 2039 778 2128 οίμαι
791 2040 857 2128 γὰρ
872 2045 926 2112 καὶ
937 2044 974 2113 σέ
987 2047 1041 2114 καὶ
1055 2052 1122 2112 τῶν

169 2147 310 2226 ἑταίραν
323 2138 403 2220 τούς
428 2142 713 2220 σπουδαιοτέτους
729 2146 851 2233 ῥᾳδίως
866 2140 964 2211 όπόσ’
981 2140 1024 2212 ύν
1039 2143 1123 2233 βού-

169 2252 276 2330 λησθε
297 2243 505 2328 προσθήσειν
524 2256 593 2320 τοῖς
608 2244 800 2328 εἰρημένοις.
839 2243 921 2330 πρός
942 2245 978 2313 δέ
993 2246 1123 2322 τούτοις

169 2348 341 2430 φοβοῦμαι
364 2338 426 2427 τὴν
440 2339 615 2425 ἀκαιρίαν·
649 2342 704 2409 καὶ
729 2339 793 2426 γὰρ
814 2350 881 2409 νῦν
902 2343 985 2411 κατὰ
1001 2339 1151 2431 μικρόυα

168 2439 298 2528 προῑιδν
309 2446 434 2509 ἔλαθον
446 2438 592 2527 ἐμαυτόν
603 2438 665 2508 ούκ
677 2446 723 2518 είς
738 2443 911 2528 ἐπιστολῆς
922 2450 1125 2530 συμμετρίαν

169 2538 243 2609 ἀλλ’
263 2545 309 2618 είς
322 2540 427 2625 λόγου
443 2547 547 2626 μῆκος
560 2541 733 2619 ἐξοκείλας.

122 2665 153 2720 14
254 2640 317 2720 (ξ.)
337 2637 389 2708 Ού
404 2636 471 2727 μὴν
486 2637 569 2706 ἀλλὰ
584 2644 702 2722 καίπερ
716 2635 845 2705 τούτων
862 2636 968 2718 οὕτως
982 2641 1125 2727 ἐχόντων

168 2737 212 2807 ού
227 2740 470 2823 παραλειπτέον
487 2740 553 2806 ἐστὶ
574 2735 614 2805 τὰ
635 2738 785 2823 περὶτῆς
803 2737 931 2816 πόλεως
945 2735 1028 2806 ἀλλὰ
1051 2765 1124 2808 πει-

169 2841 291 2924 ρατέον
308 2841 534 2924 παρακαλέσαι
555 2857 592 2904 σε
613 2834 697 2922 πρός
717 2835 780 2922 την
794 2837 979 2924 οἰκειότητα
994 2842 1048 2908 καὶ
1063 2838 1125 2926 τὴν

169 2944 288 3024 χρῆσιν
309 2933 418 3022 αὐτῆς.
455 2934 544 3022 οἶμαι
565 2932 631 3021 γὰρ
645 2932 792 3014 πολλούς
813 2933 898 3004 εἶναι
919 2937 997 3018 τούς
1018 2935 1124 3023 ἄπαγ-

169 3043 348 3124 γέλλοντας
372 3036 426 3102 καὶ
450 3038 609 3121 λέγοντας
628 3031 671 3102 ού
690 3033 800 3121 μόνον
821 3032 861 3103 τύ
887 3039 1125 3123 δυσχερέστατα

169 3146 239 3206 τῶν
266 3138 341 3222 περὶ
365 3143 428 3203 σοῦ
454 3132 533 3222 παρ’
552 3133 632 3221 ἡμῖν
658 3137 842 3220 εἰρημένων
866 3132 950 3205 ἀλλὰ
971 3138 1025 3205 καὶ
1045 3138 1123 3222 παρ’

170 3235 285 3305 αὑτῶν
321 3237 585 3320 προστιθέντας·
637 3227 687 3311 οἷς
722 3230 785 3301 ούκ
822 3232 910 3315 είκός
952 3240 1126 3324 προσέχειν

120 3355 150 3408 15
169 3334 231 3404 τόν
250 3341 345 3403 νοῦν.
391 3335 445 3402 καὶ
469 3333 533 3421 γὰρ
558 3329 601 3400 ἄν
620 3331 748 3399 ἄτοπον
769 3342 914 3422 ποιοίης,
936 3340 966 3404 εί
983 3334 1042 3404 τόν
1063 3338 1125 3423 μέν

171 3441 280 3523 δῆμον
304 3433 365 3501 τόν
396 3431 558 3520 ἡμέτερον
582 3434 713 3518 ψέγοις,
751 3430 802 3501 ὅτι
826 3435 948 3523 ῥᾳδίοις
973 3444 1150 3507 πείθεταιδ

170 3549 239 3613 τοῖς
259 3534 515 3622 διαβάλλουσιν,
541 3528 641 3608 αύτὸς
663 3530 698 3597 δέ
719 3536 854 3614 φαίνοιο
876 3535 1043 3603 πιστεύων
1058 3552 1125 3616 τοῖς

171 3633 234 3717 τὴν
253 3639 372 3719 τέχνην
397 3632 523 3718 ταύτην
547 3638 667 3716 έχουσι,
685 3632 740 3698 καὶ
767 3629 812 3718 μὴ
840 3633 1053 3724 γιγνιόσιιοις,
1081 3636 1125 3716 ὡς
