2859 4334
280 321 342 387 κιο
550 322 867 382 ιεοκεκεονε
889 324 952 401 (ιε)

280 488 355 570 περὶ
375 482 433 561 τάς
454 482 627 569 συνθήκας
643 486 843 567 διατρίβειν,
866 480 917 549 ὅτι
938 484 1059 571 ῥᾴδιόν
1075 487 1145 553 ἐστι
1160 490 1236 571 περὶ

280 582 392 653 αύτῶν
418 578 523 650 πολλά
550 585 603 649 καὶ
619 584 730 647 δίκαια
754 585 875 664 εἰπεῖν,
903 589 1065 649 τοσοῦτον
1082 580 1164 668 ύμῖν
1189 590 1263 651 lm

280 682 514 767 διακελεύομαι
529 678 772 768 μνημονεύειν,
793 676 876 746 ὅταν
890 684 1011 767 φέρητε
1026 680 1089 769 τὴν
1105 689 1235 768 ψῆφον,

280 782 330 851 ότι
346 782 424 864 πρὶν
434 781 497 866 μέν
512 779 718 866 ποιήσασθαι
733 778 854 857 ταύτας
868 781 1112 867 ἐπολεμοῦμεν,
1129 788 1165 850 οί
1173 782 1236 867 μὲν

279 881 338 950 τὸν
353 881 479 948 κύκλον
495 884 639 964 ἔχοντες,
658 883 692 945 οἱ
705 878 740 945 δὲ
757 876 817 945 τόν
830 886 971 962 Πειραιᾶ
987 883 1235 968 κατειληφότες,

278 988 406 1066 μᾶλλον
426 974 590 1064 ἀλλήλους
611 985 787 1064 μισοῦντες
806 972 827 1063 ἢ
848 977 927 1056 τούς
942 977 1008 1046 ὑπὸ
1023 988 1092 1048 τῶν
1105 982 1235 1068 προγό-

233 1094 266 1151 λθ
280 1106 351 1147 νων
373 1083 550 1164 πολεμίους
566 1073 647 1163 ἡμῖν
664 1081 964 1162 καταλειφθέντας,
987 1078 1154 1166 ἐπειδὴδὲ
1175 1080 1235 1158 τάς

278 1188 403 1256 πίστεις
417 1174 572 1263 άλληλοις
588 1179 708 1261 ἔδομεν
725 1180 771 1253 είς
784 1173 908 1243 ταύτόν
920 1179 1156 1262 συνελθόντες,
1173 1178 1235 1245 ού-
1249 1190 1293 1244 380

277 1304 323 1345 τω
338 1282 446 1353 καλῶς
461 1278 516 1343 καλ
529 1280 650 1351 κοινῶς
664 1273 930 1361 πολιτευόμεθα,
946 1276 1058 1363 ῶσπερ
1074 1275 1235 1365 οὐδεμιᾶς

276 1374 357 1463 ἡμῖν
369 1381 544 1459 συμφορᾶς
555 1376 785 1458 γεγενημένης.
810 1374 865 1441 καλ
877 1376 952 1441 τότε
963 1376 1025 1462 μὲν
1039 1374 1234 1462 ἀμαθεστά-

277 1502 356 1554 τους
371 1477 426 1541 καλ
440 1472 725 1558 δυστυχεστάτονς
741 1473 864 1551 πάντες
875 1471 960 1559 ἡμᾶς
974 1477 1145 1562 ἐνόμιζον·
1168 1485 1234 1543 νῦν

278 1577 309 1642 δ“
331 1568 620 1657 εὐδαιμονέστατοι
637 1573 691 1638 καὶ
707 1577 975 1657 σωφρονέστατοι
990 1574 1233 1661 τῶνἙλλήνων

232 1688 262 1742 47
279 1676 445 1757 δοκοῦμεν
459 1669 551 1738 εἶναι.
578 1667 656 1736 ὥστ’
675 1668 769 1749 άξιον
783 1668 825 1737 ού
836 1669 943 1757 μόνον
953 1674 1169 1757 τηλικαύταις
1179 1680 1234 1760 ζη-

278 1778 367 1857 μίαις
382 1770 534 1849 κολάζειν
545 1766 624 1846 τούς
639 1775 860 1854 παραβαίνειν
874 1778 1065 1855 τολμῶντας
1079 1770 1138 1850 τάς
1149 1796 1232 1839 συν-

276 1867 386 1955 θήκας
412 1864 494 1935 άλλά
511 1880 581 1944 ταῖς
605 1867 770 1952 ἐσχάταις,
793 1864 838 1943 ῶς
852 1874 919 1933 τῶν
934 1876 1100 1953 μεγίστων
1120 1878 1233 1938 κακῶν

278 1973 403 2044 αἰτίους
417 1964 534 2051 ὄντας,
554 1964 661 2043 άλλως
680 1992 715 2033 τε
731 1969 786 2033 καλ
800 1964 879 2045 τούς
895 1964 1005 2054 ῶσπερ
1024 1977 1258 2058 Καλλίμαχοςι

277 2065 488 2154 βεβιωκότας.
513 2060 649 2150 (κ’.)’Ὀς
664 2067 744 2132 δέκα
758 2063 820 2150 μὲν
835 2072 890 2151 ἐτη
905 2074 1053 2152 συνεχῶς
1068 2067 1149 2153 ὑμῖν
1164 2078 1234 2137 Λα-

278 2168 502 2249 κεδαιμονίων
516 2162 779 2249 πολεμησάντων
794 2161 874 2231 οὐδὲ
890 2171 970 2249 μίαν
990 2170 1155 2253 παρέσχεν
1170 2166 1234 2234 αό-

231 2284 265 2339 48
278 2262 338 2331 τδν
358 2259 483 2348 ἡμέραν
500 2261 593 2351 τάξαι
618 2276 685 2339 τοῖς
706 2278 917 2348 στρατηγοῖς,
933 2262 1007 2334 ἀλλ’
1026 2272 1157 2335 ἐκεῖνον
1172 2271 1234 2353 μὲν

278 2362 338 2433 τόν
354 2363 478 2448 χρόνον
493 2364 676 2429 διετέλεσεν
692 2358 949 2446 ἀποδιδράσκων
966 2363 1098 2451 καλιὴν
1114 2365 1243 2440 ούσίαν.

279 2461 584 2546 ἀποκρυπτόμενος,
602 2458 714 2547 ἐπειδὴ
727 2466 747 2527 δ
751 2461 760 2487 ’
778 2465 812 2528 οί
823 2461 1003 2545 τριάκοντα
1017 2469 1233 2552 κατέστησαν,

279 2566 460 2648 τηνικαῦτα
476 2561 701 2626 κατέπλευσεν
716 2565 762 2637 είς
775 2560 837 2645 τὴν
856 2560 964 2629 πόλιν.
1000 2564 1055 2630 καὶ
1076 2568 1159 2649 φησὶ
1172 2569 1234 2651 μὲν

279 2659 364 2729 εἶναι
380 2656 572 2745 δημοτικὸς,
588 2659 738 2750 τοσούτφ
753 2658 788 2726 δὲ
803 2666 931 2746 μᾶλλον
945 2668 1013 2727 τῶν
1029 2659 1143 2731 ἄλλων
1159 2666 1234 2731 έπε-

278 2760 382 2847 θύμει
396 2774 569 2846 μετασχεῖν
585 2762 713 2844 ἐκείνης
733 2766 790 2845 τῆς
810 2766 990 2843 πολιτείας,
1014 2758 1095 2828 ὥστ’
1112 2759 1189 2831 οὐδ’
1207 2770 1237 2832 εί
1245 2805 1259 2844 0

279 2868 388 2938 κακῶς
408 2864 552 2943 ἔπαθεν,
574 2856 713 2944 ἠξίωσεν
736 2855 913 2941 ἀπελθεῖν,
935 2856 1009 2927 ἀλλ’
1026 2857 1137 2950 ᾑρεῖτο
1152 2840 1233 2948 μετά

273 2966 342 3027 τῶν
358 2956 598 3046 ἡμαρτηκότων
617 2963 662 3036 είς
675 2952 781 3026 αύτόν
796 2964 1048 3044 πολιορκεῖσθαι
1066 2967 1196 3046 μᾶλλον
1212 2960 1234 3048 ἢ

230 3074 264 3132 49
276 3052 351 3145 μεθ’
361 3054 815 3144 ὑμῶντῶνσυνηδικημένων
824 3059 1069 3127 πολιτεύεσθαι.
1078 3065 1231 3148 καὶμέχρι

279 3165 336 3242 τῆς
352 3151 475 3242 ἡμέρας
486 3157 613 3243 έκείνης
629 3157 807 3242 παρέμεινε
825 3161 969 3244 μετέχων
985 3168 1042 3246 τῆς
1056 3169 1233 3244 πολιτείας,

280 3259 316 3325 έν
328 3247 350 3343 ᾖ
361 3252 724 3343 προσβαλεῖνήμέλλετε
735 3255 818 3342 πρὸς
828 3253 864 3323 τό
877 3271 995 3343 τεῖχος·
1009 3260 1084 3326 τότε
1096 3257 1126 3327 δ’
1139 3264 1235 3347 έξῆλ·
1325 3324 1329 3329 .

279 3365 354 3437 θεν,
371 3350 412 3421 ού
426 3352 464 3420 τά
481 3355 631 3438 παρόντα
642 3354 783 3441 μισήσας
799 3352 881 3424 άλλά
899 3360 1008 3436 δείσας
1022 3354 1083 3425 τόν
1097 3359 1233 3427 ἐπιόντα

254 3456 257 3466 '
280 3458 452 3537 κίνδυνον,
469 3451 512 3530 ὡς
525 3451 667 3539 ὕστερον
680 3454 856 3539 ἐδήλωσεν.
872 3452 985 3541 ἐπειδὴ
997 3453 1235 3541 γάρΛακεδαι-

281 3561 407 3629 μονίων
415 3552 586 3620 ἐλθόντων
598 3550 615 3619 ὁ
629 3558 732 3638 δῆμος
741 3556 778 3621 έν
787 3561 833 3643 τῷ
840 3562 992 3640 Πειραιεῖ
1004 3561 1259 3643 κατεκλείσθη,ῖ
