2859 4334
458 400 832 484 ακιιιιονειιιοε.
1083 397 1123 462 ει

169 570 213 640 τίς
228 557 296 648 γάρ
315 554 338 645 ἦ
358 566 427 626 τῶν
447 573 557 627 ποιεῖν
578 555 817 648 δυναμένωνή
835 568 903 629 τῶν
918 566 1029 648 λέγειν
1050 563 1122 630 έπι-

170 659 340 746 σταμένων
362 655 405 726 οὐ
427 657 567 744 πονήσει
592 658 647 726 καί
669 659 894 746 φιλοσοφήσει
917 658 1123 747 βουλόμενος

170 757 233 844 ἅμα
243 763 303 843 τῆς
311 752 350 824 θ’
361 752 468 824 αὐτοῦ
479 760 629 833 διανοίας
638 755 692 822 καλ
703 762 762 842 τῆς
772 758 911 826 ἐκείνων
917 755 1118 845 ἀρετήςμνη-
1132 775 1149 830 b

169 870 262 944 μείου
276 860 323 935 είς
336 853 468 922 ἅπαντα
482 851 544 921 τόν
556 853 682 940 χρόνον
696 862 907 936 καταλιπείν,·

129 975 155 1029 ει
248 954 341 1034 (νά.)
364 950 416 1023 Οὐ
437 951 499 1039 τήν
520 949 628 1039 αὐτήν
648 955 684 1020 δὲ
705 955 860 1040 τυγχάνω
880 954 1022 1042 γνώμην
1039 961 1123 1044 ἔχων

168 1062 203 1124 δν
216 1082 253 1124 τε
267 1062 314 1145 τῷ
327 1053 469 1138 παρόντι
479 1058 584 1141 καιρῷ
598 1053 653 1120 καλ
664 1053 742 1139 περὶ
752 1049 811 1131 τάς
822 1049 924 1140 ἀρχάς
934 1061 996 1122 τοῦ
1006 1054 1121 1141 λόγου.

167 1157 240 1224 τότε
254 1150 392 1240 μὲνγὰρ
405 1149 500 1242 ᾤμην
511 1147 609 1232 ἀξίως
619 1148 829 1236 δυνήσεσθαι
839 1157 908 1218 τῦν
918 1153 1123 1238 πραγμάτων

168 1260 287 1322 εἰπεῖν·
310 1258 377 1319 νῦν
393 1247 427 1319 δ’
444 1248 507 1318 οὐκ
525 1253 725 1337 έφικνοῦμαι
741 1257 802 1319 τοῦ
817 1255 984 1338 μεγέθους
999 1249 1121 1338 αὐτῶν,

167 1350 249 1422 ἀλλά
268 1350 378 1421 πολλά
397 1375 439 1437 με
460 1349 687 1436 διαπέφευγεν
707 1340 756 1418 ὥν
773 1350 967 1438 διενοήθην.
999 1350 1123 1430 αὐτοῦς

167 1445 229 1520 οὐν
248 1451 311 1539 χρή
333 1454 536 1537 σννδιοράυ,
558 1447 639 1536 ὅσης
658 1443 703 1516 ἀν
725 1447 939 1537 εὐδαιμονίας
954 1449 1121 1537 τύχοιμεν,

166 1558 194 1620 εί
205 1549 268 1620 τὸν
281 1552 345 1637 μὲν
359 1550 509 1636 πόλεμον
522 1543 584 1616 τδν
594 1555 661 1616 νῦν
672 1546 754 1618 ὄντα
765 1551 840 1637 περὶ
852 1547 938 1638 ἡμᾶς
948 1548 1032 1637 πρὸς
1043 1546 1148 1628 τούςο

164 1649 351 1738 ἠπειρώτας
369 1656 612 1736 ποιησαίμεθα,
634 1647 697 1736 τήν
720 1647 750 1718 δ’
771 1648 988 1736 εὐδαιμονίαν
1009 1645 1070 1735 τήν
1086 1651 1120 1716 ἐκ

125 1772 151 1825 ss
164 1757 219 1837 τῆς
231 1748 345 1828 Ἀσίας
364 1755 412 1828 εἰς
431 1744 495 1835 τήν
510 1745 683 1834 Εὐρώπην
704 1751 974 1836 διακομίσαιμεν,
1000 1747 1055 1814 κοιλ
1075 1741 1120 1832 μή

165 1849 271 1934 μόνον
285 1843 452 1934 ἀκροατάς
464 1850 670 1934 γενομένους
683 1845 857 1933 ἀπελθεῖν,
874 1843 957 1915 ἀλλά
968 1841 1048 1924 τούς
1058 1845 1121 1931 μὲν

164 1947 322 2035 πράττειν
343 1947 555 2031 δυναμένους
574 1954 853 2033 παρακαλοῦντας
867 1944 1031 2035 ἀλλήλους
1047 1969 1121 2013 πει-

165 2053 288 2130 ρῦσθαι
311 2043 520 2113 διαλλάττειν
540 2045 603 2133 τήν
623 2071 658 2112 τε
678 2046 781 2115 πόλιν
799 2042 862 2134 τήν
881 2043 1044 2132 ἡμετέραν
1066 2043 1121 2111 καὶ

163 2143 222 2233 τήν
228 2149 518 2230 Λακεδαιμονίων,
529 2140 611 2224 τούς
621 2146 657 2214 δὲ
670 2152 738 2214 τῶν
748 2145 859 2232 λόγων
871 2141 1120 2232 ἀμφισβητοῦν-

163 2272 217 2325 τας
229 2243 318 2329 πρὸς
331 2247 394 2331 μὲν
404 2241 467 2332 τήν
476 2245 766 2332 παρακαταθήκην
776 2246 831 2313 καλ
842 2246 917 2329 περὶ
927 2250 995 2310 τῶν
1006 2239 1147 2316 ἀλλωυᾱ

164 2337 209 2412 ἀν
232 2351 303 2412 νῦν
328 2350 520 2431 φλυαροῦσι
546 2341 718 2412 παύεσθαι
741 2344 951 2430 γράφοντας,
979 2337 1063 2427 πρὸς
1085 2338 1121 2407 δὲ

163 2450 283 2512 τοῦτον
297 2440 359 2512 τάν
372 2443 476 2530 λόγον
489 2452 662 2512 ποιεῖσθαι
674 2441 737 2529 τήν
749 2442 893 2530 ἅμιλλαν
904 2443 959 2509 καὶ
971 2452 1120 2523 σκοπεῖν,

161 2541 250 2623 ὅπως
265 2539 408 2629 ἄμεινον
418 2544 503 2628 ἐμοῦ
513 2544 590 2628 περὶ
599 2548 669 2610 τάν
681 2539 794 2611 αὐτῶν
805 2538 1010 2626 πραγμάτων
1021 2539 1120 2622 έρυῦ-

125 2661 225 2730 ησιυ,
241 2644 538 2728 ἐνθυμουμένους,
555 2639 607 2710 ὅτι
620 2655 690 2721 τοῖς
705 2640 824 2730 μεγάλ’
842 2640 1121 2726 ὑπισχνουμένοις

163 2739 202 2809 οὐ
212 2744 335 2826 πρέπει
347 2743 422 2824 περὶ
433 2737 536 2827 μικρά
549 2745 745 2829 διατρίβειν,
761 2738 840 2809 οὐδὲ
850 2745 987 2807 τοιαῦτα
998 2739 1121 2824 λέγειν,

162 2842 191 2920 ἐξ
208 2831 261 2908 οἷν
276 2836 296 2906 ὁ
312 2845 385 2926 βίος
404 2837 510 2925 μηδὲν
531 2838 684 2908 ἐπιδώσει
707 2847 777 2908 τῶν
796 2839 1022 2923 πεισθέντων,
1043 2831 1119 2905 ἀλλ’

162 2931 207 3005 ὐν
233 2940 519 3008 ἐπιτελεσθέντων
543 2933 643 3006 αὐτοί
669 2933 701 3006 τ’
737 2935 1029 3025 ἀπαλλαγήσονται
1061 2941 1146 3021 τήςε

158 3034 334 3120 παρούσης
356 3029 498 3121 ἀπορίας
517 3035 573 3104 καλ
595 3048 664 3115 τοῖς
677 3032 794 3116 ἀλλοις
807 3035 963 3124 μεγάλων
978 3032 1119 3122 ἀγαθῶν

159 3145 260 3202 τίτιοι
275 3131 436 3214 δόξουσιν
449 3131 544 3204 εἶναι.
