2859 4334
570 357 811 419 nomm.
993 429 996 434 y
1054 386 1057 391 -
1137 349 1159 414 ο

152 541 191 598 16
205 523 276 611 (η’.)
296 520 464 600 ’Ἀπαντας
478 520 515 590 δὲ
532 515 611 595 τοῦς
633 515 802 604 ἀριθμοῦς
821 514 1029 605 περιλαβών,
1056 518 1089 594 ἐξ
1110 503 1159 582 ἀν

204 622 313 712 ἄριστ’
329 624 372 692 ἀν
392 650 442 703 τις
461 619 502 690 τὰ
522 617 621 690 κοινά
643 621 861 707 διοικήσειεν,
886 616 938 687 ἀεὶ
959 632 1026 696 τοῖς
1046 613 1158 693 αὐτοῖς

203 724 263 803 τάς
276 720 380 801 αῦτάς
394 722 530 808 πράξεις
540 726 822 807 μεταχειρίζεσθαι
837 719 1047 804 προσέταξεν,
1064 712 1165 792 είδώς-

204 820 283 901 τοῦς
297 822 358 908 μὲν
372 821 682 909 μεταβαλλομένους
696 817 754 899 τάς
769 822 924 906 ἐργασίας
935 814 1014 884 οὐδὲ
1026 813 1109 901 πρὸς
1122 818 1157 881 ἓν

203 930 271 991 τῶν
286 928 395 1008 ἔργων
409 917 555 1008 ἀκριβῶς
569 925 721 1006 ἐχοντας,
745 917 825 998 τούς
839 916 871 987 δ’
889 921 941 987 ἐπὶ
958 931 1027 997 ταῖς
1041 912 1158 993 αάταϊς

203 1022 341 1105 πράξεσι
356 1027 504 1104 συνεχῶς
518 1021 735 1104 διαμένοντας
750 1024 796 1096 είς
810 1015 1002 1104 ὑπερβολὴν
1017 1021 1158 1085 ἕκαστον

156 1136 186 1189 17
204 1119 458 1196 ἀποτελοῦντας.
481 1125 662 1205 τοιγαροῦν
678 1119 733 1186 καὶ
751 1114 834 1201 πρὸς
850 1114 908 1194 τάς
925 1119 1040 1201 τέχνας
1056 1113 1157 1200 εὑρή-

203 1239 307 1305 σομεν
320 1214 444 1297 αὐτοὺς
456 1218 560 1285 πλέον
572 1220 795 1302 διαφέροντας
808 1223 877 1282 των
891 1216 966 1300 περὶ
980 1212 1039 1293 τὰς
1054 1211 1175 1291 αὐτὰς(

123 1333 128 1341 ’
204 1318 383 1406 ἐπιστήμας
396 1311 418 1404 ἢ
432 1316 511 1396 τοῦς
529 1315 651 1396 ἄλλους
672 1312 899 1405 δημιουργοὺς
918 1323 987 1382 των
1004 1319 1156 1395 ἰδιωτῶν,

204 1420 258 1486 καὶ
278 1414 361 1501 πρὸς
382 1414 443 1503 την
464 1415 639 1499 σύνταξιν,
662 1412 707 1484 δι’
723 1406 763 1503 ἧς
782 1416 844 1501 τήν
863 1439 898 1482 τε
914 1420 1086 1501 βασιλείαν
1103 1415 1156 1480 καὶ

205 1514 266 1602 τὴν
288 1513 393 1601 ἀλλην
414 1522 585 1584 πολιτείαν
610 1515 911 1600 διαφυλάττουσιν,
940 1513 1029 1581 οὕτω
1049 1520 1158 1589 καλῶς

206 1623 340 1702 ἔχοντας
354 1613 437 1683 ὥστε
452 1618 505 1684 καὶ
521 1622 589 1683 τῶν
603 1616 802 1701 φιλοσόφων
816 1611 895 1692 τοῦς
908 1610 993 1696 ὑπὲρ
1004 1620 1073 1680 τῶν
1085 1637 1157 1679 τοι-

205 1716 316 1785 οῦτων
330 1718 440 1802 λέγειν
456 1719 703 1803 ἐπιχειροῦντας
716 1717 771 1783 καὶ
786 1710 918 1801 μάλιστ’
934 1712 1156 1799 εὐδοκιμοῦν-

203 1840 262 1892 τας
272 1813 334 1901 τὴν
349 1818 386 1882 ἐν
396 1812 556 1905 Αἰγύπτῳ
572 1824 807 1899 προαιρεῖσθαι
823 1819 1003 1895 πολιτείαν,
1019 1814 1073 1880 καὶ
1085 1820 1155 1879 Λα·
1172 1834 1229 1889 225

204 1916 438 1999 κεδαιμονίους
451 1916 549 2001 μέρος
566 1921 678 1981 τιτῶν
693 1916 824 1981 ἐκεῖθεν
839 1916 1066 2000 μιμουμένους
1080 1911 1156 1998 ἀρι-

154 2024 188 2079 18
204 2033 265 2081 στα
282 2018 420 2080 διοικεῖν
433 2007 495 2097 τὴν
506 2010 737 2080 αῦτεόυπόλιν.
761 2014 815 2080 καὶ
826 2008 891 2097 γάρ
902 2007 939 2079 τδ
951 2014 1077 2098 μηδένα
1087 2018 1155 2078 τῶν

204 2117 356 2199 μαχίμων
372 2108 456 2177 ἀνευ
473 2116 529 2195 τῆς
547 2116 615 2177 τῶν
632 2108 805 2196 ἀρχόντων
819 2111 955 2198 γνάμης
971 2110 1155 2197 ἀποδημεῖν

203 2216 258 2280 καὶ
273 2209 312 2278 τά
329 2216 479 2289 συσσίτια
493 2211 548 2277 καὶ
562 2207 623 2296 τὴν
637 2218 705 2277 τῶν
716 2211 881 2294 σωμάτων
891 2209 1044 2297 ἄσκησιν,
1060 2216 1107 2278 ἐτι
1118 2213 1155 2279 δδ

202 2308 241 2380 τδ
262 2306 407 2399 μηδενὸς
424 2308 493 2376 τῶν
511 2303 707 2394 ἀναγκαίων
720 2303 935 2395 ἀποροῦντας
948 2312 1017 2377 των
1030 2319 1155 2379 κοινῶν

204 2417 469 2494 προσταγμάτων
483 2405 633 2493 ἀμελεῖν,
655 2407 733 2495 μηδ’
751 2413 802 2477 ἐπὶ
818 2425 887 2487 ταῖς
901 2411 1015 2487 ἀλλαις
1029 2414 1155 2494 τέχναις

202 2504 400 2590 διατρίβειν,
431 2501 517 2573 ἀλλά
543 2520 614 2585 τοῖς
641 2503 756 2588 ὅπλοις
782 2506 838 2575 καλ
864 2521 939 2586 ταῖς
971 2514 1155 2590 στρατείαις

201 2608 379 2687 προσέχειν
393 2600 454 2668 τόν
465 2609 560 2687 νοῦν,
577 2606 708 2670 ἐκεθθεν
719 2602 850 2671 ἅπαντα
860 2603 953 2672 ταῦτ’
967 2607 1181 2693 εἰλήφασινο

154 2714 188 2769 19
204 2701 354 2790 τοσούτῳ
368 2699 404 2768 δέ
419 2714 531 2786 χεῖρον
550 2702 726 2787 κέχρηνται
746 2701 876 2781 τούτοις
896 2718 964 2781 τοῖς
981 2705 1155 2790 ἐπιτηδεῦ-

201 2820 316 2884 μασιν,
332 2796 414 2867 ὅσον
428 2791 521 2867 οὖτοι
536 2800 598 2884 μὲν
609 2798 754 2879 ἅπαντες
764 2807 958 2883 στρατιῶται
970 2803 1154 2869 καταστάν-

201 2924 255 2975 τες
269 2904 326 2986 βίμ
339 2896 379 2965 τά
395 2905 463 2965 τῦν
477 2896 589 2989 ἀλλων
604 2901 790 2989 λαμβάνειν
804 2898 966 2979 ἀξιοῦσιν,
983 2903 1103 2968 ἐκεῖνοι
1119 2900 1153 2969 δ’

201 2994 308 3075 οὕτως
323 3002 486 3083 οἰκοῦσιν,
504 2996 614 3084 ὥσπερ
628 2996 691 3086 χρὴ
706 2996 786 3077 τοῦς
796 3000 878 3085 μήτε
887 3006 956 3066 τῶν
967 3003 1062 3067 ίδίων
1072 2996 1154 3085 άμε-

201 3104 345 3177 λοῦντας
358 3097 440 3185 μήτε
455 3110 524 3175 τοῖς
537 3094 725 3179 ἀλλοτρίοις
741 3096 1026 3183 ἐπιβουλεύοντας.
1057 3108 1154 3187 γνοίη

201 3192 233 3262 δ’
246 3194 290 3264 ἀν
301 3222 351 3274 τις
362 3198 501 3264 ἐνθένδε
514 3193 555 3265 τὸ
564 3196 732 3282 διάφορον
744 3198 900 3283 ἑκατέρας
909 3203 967 3283 τῆς
978 3203 1151 3277 πολιτείας.

147 3306 184 3357 20
203 3301 234 3365 εί
245 3297 307 3381 μὲν
322 3292 388 3382 γάρ
403 3293 546 3373 ἅπαντες
560 3302 790 3381 μιμησαίμεθα
805 3293 868 3381 τὴν
878 3300 1154 3382 Λακεδαιμονίων

201 3391 323 3481 ἀργίαν
337 3396 392 3461 καὶ
407 3396 612 3481 πλεονεξίαν,
627 3390 734 3471 εὐθὺς
748 3390 792 3460 ἀν
805 3392 1015 3482 ἀπολοίμεθα
1029 3398 1084 3464 καλ
1098 3395 1182 3465 διάο

200 3489 263 3580 τὴν
278 3495 410 3558 ἔνδειαν
423 3498 491 3560 τῶν
505 3488 587 3560 καθ’
594 3488 722 3580 ἡμέραν
732 3494 787 3561 καί
798 3490 853 3560 διὰ
864 3491 924 3561 τόν
935 3492 1083 3581 πόλεμον
1093 3492 1154 3564 τὸν
1215 3544 1218 3553 -

201 3587 285 3677 πρὸς
300 3587 387 3677 ἡμᾶς
399 3586 538 3668 αὐτούς·
557 3596 588 3660 εί
599 3593 636 3659 δέ
650 3603 720 3669 τοῖς
734 3597 929 3679 Αῦγυπτίων
942 3592 1059 3680 νόμοις
1071 3601 1152 3681 χρῆ-
