2859 4334
439 415 818 474 ΠΑΝΗΓῚἮΚΟΣ
1066 410 1107 474 79

162 600 239 654 τινες
252 577 425 662 ιιινησειιιν
438 571 461 661 ἢ
475 575 579 642 πάλιν
593 579 640 652 εἰς
652 569 791 659 τάρχαῖα
808 582 1007 663 καταστῆσαι
1021 584 1104 662 βου-

160 683 295 760 ληθεῖεν,
306 670 371 741 οὖν
382 668 606 759 άτοροῦντες,
617 671 729 740 πόθεν
739 674 1013 760 ἐπισκευάσωσιν,
1028 671 1102 744 ἀλλ’

159 769 200 838 ἵν’
213 770 394 858 ὑπόμνημα
414 784 483 850 τοῖς
497 771 765 856 ἐπιγιγνομένοις
779 763 801 860 ᾖ
822 777 879 858 τῆς
891 779 960 840 τῶν
975 773 1131 861 βαρβά-ο

158 898 220 957 ραν
234 869 404 958 άσεβείας,
424 872 480 938 ιιαλ
493 869 608 956 μηδελς
621 868 763 957 πιστεύῃ
777 884 846 949 τοῖς
859 868 987 938 τοιαῦτ’
1005 877 1051 951 είς
1064 869 1104 938 τά

156 976 216 1035 τῶν
237 975 333 1036 θεῶν
357 969 552 1053 ἐξαμαρτεῖν
577 973 762 1052 τολμῶσιν,
792 964 876 1036 άλλδ
897 971 952 1036 καὶ
975 968 1120 1052 φυλάτ-Δ

156 1093 267 1135 τονται
283 1069 340 1135 ιιαλ
360 1069 532 1149 δεδίασιν,
554 1061 698 1151 δρῶντες
719 1061 843 1145 αὐτοδς
860 1062 901 1134 οὐ
915 1066 1025 1152 μόνον
1037 1082 1106 1148 τοῖς

155 1167 298 1252 σάμασιν
324 1161 422 1252 ἡμῶν
450 1160 535 1233 άλλδ
562 1167 617 1232 ιιαδ
644 1177 713 1242 τοῖς
739 1161 935 1252 ἀναθήμασι
958 1166 1105 1255 πολεμή-

154 1286 276 1344 σαντας.

103 1379 139 1432 ιτῖ
228 1365 327 1457 (μβ.)
339 1361 426 1449 Ἕχω
442 1362 479 1431 δὲ
495 1367 550 1432 ταλ
565 1365 725 1450 περὶτῶν
738 1370 967 1462 πολιτῶντῶν
986 1363 1104 1452 ἡμετέ-

154 1491 216 1546 ραν
227 1469 368 1532 τοιαῦτα
388 1466 545 1530 διελθεῖν.
579 1464 634 1530 ιιαλ
650 1459 716 1548 γάρ
735 1453 829 1531 οὗτοι
850 1461 934 1548 πρδς
948 1467 1011 1550 μὲν
1025 1464 1104 1546 τούς

153 1561 285 1647 ἄλλους,
297 1558 391 1640 ὅσοις
400 1561 687 1647 πεπολεμήκασιν,
705 1559 775 1648 ἅμα
786 1564 1038 1633 διαλλάττονται
1049 1569 1105 1636 ιιαλ

152 1669 203 1748 τῆς
215 1667 340 1746 ἔχθρας
354 1665 412 1747 τῆς
427 1665 651 1748 γεγενημένης
665 1661 968 1750 ἐπιλανθάνονται,
985 1679 1053 1745 τοῖς
1068 1663 1100 1734 δ’
1114 1683 1131 1738 δ

152 1758 345 1846 ἠτιιροόταις
358 1755 434 1826 οὐδ’
453 1757 537 1827 ὅταν
550 1753 590 1827 τό
608 1760 758 1846 πάσχωσι
772 1763 871 1849 χάριν
887 1774 1015 1834 ῖσασιν·
1042 1763 1105 1833 οὕ-

152 1886 209 1938 τως
222 1857 427 1944 άείμνηστον
440 1855 504 1946 τὴν
521 1855 627 1947 όργηυ
643 1857 728 1945 πρδς
744 1859 868 1941 αότοδς
883 1869 1027 1950 ἔχουσιν.
1048 1869 1104 1934 καλ

150 1966 280 2028 πολλῶν
292 1957 356 2045 μδν
370 1961 403 2026 οί
416 1962 555 2045 πατέρες
567 1957 663 2046 ἡμῶν
676 1964 845 2047 μηδισμοῦ
856 1962 1009 2031 θάνατον
1023 1990 1102 2032 ιιατ-

150 2060 314 2144 έγνωσαν,
331 2058 369 2125 έν
383 2060 420 2125 δὲ
434 2071 503 2137 τοῖς
516 2058 694 2144 συλλόγοις
711 2065 759 2128 ἔτι
776 2063 830 2128 ιιαὶ
846 2070 912 2129 νῦν
925 2061 1009 2148 ιἰράς
1027 2089 1104 2132 ποι-

149 2165 278 2243 οὗνται,
294 2160 375 2243 πρὶν
386 2153 467 2227 ἄλλο
477 2184 509 2226 τι
520 2163 748 2245 χρηματίζειν,
765 2169 798 2228 εί
805 2186 853 2239 τις
865 2163 1103 2248 έπιιιηρνιιεόε-

148 2284 196 2326 ται
210 2263 360 2344 Πέρσαις
374 2265 444 2325 τῶν
455 2265 618 2326 πολιτῶν·
639 2254 849 2344 Εὐμολπίδαι
866 2261 902 2328 δὲ
920 2265 974 2329 καὶ
989 2263 1093 2350 Κήρυ

148 2384 199 2438 ιιες
212 2361 251 2427 έν
264 2364 307 2446 τῇ
321 2365 435 2447 τελετῇ
449 2366 516 2426 τῶν
530 2363 725 2445 μυστηρίων
740 2355 796 2426 διά
810 2356 847 2427 τδ
863 2360 994 2428 τούτων
1006 2373 1104 2446 μῖσος

146 2461 197 2526 ιιιιλ
209 2471 282 2536 τοῖς
292 2454 406 2536 ἄλλοις
418 2459 602 2546 βαρβάροις
613 2467 787 2543 εῖργεσθαι
798 2465 866 2526 τῶν
877 2464 978 2546 ίερολν
990 2460 1102 2545 οἵσπερ
1114 2497 1129 2534 e
1197 2455 1202 2474 ⁸

108 2572 134 2624 ⁵8
146 2571 209 2637 τοῖς
219 2554 451 2642 ἀνδροφόνοις
461 2557 762 2645 προαγορεύουσιν.
777 2555 866 2626 οὕτω
878 2560 914 2626 δὲ
926 2560 1027 2644 φύσει
1038 2583 1102 2626 πο-

147 2663 289 2744 λεμικῶς
305 2656 390 2743 πρός
409 2653 533 2737 αότούς
553 2661 687 2742 ἔχομεν,
710 2653 795 2724 όόστε
816 2658 870 2724 ιιαλ
891 2662 958 2723 τῶν
978 2657 1103 2743 μόθων

146 2753 261 2843 ἥδιστα
269 2753 551 2836 συνδιατρίβομεν
559 2764 629 2831 τοῖς
646 2749 888 2839 Τρωῖιιοῖς[ιιαλ
898 2747 1103 2840 Περσικοῖς],

146 2854 186 2923 δι’
201 2847 255 2924 αδν
270 2860 339 2923 ἔστι
352 2854 593 2923 πυνθάνεσθαι
604 2853 663 2931 τάς
678 2854 818 2920 ἐκείνων
831 2853 1018 2939 συμφοράς.
1044 2851 1101 2922 εὕ-
1116 2865 1149 2922 u

145 2982 195 3040 ροι
210 2952 245 3024 δ’
263 2951 309 3022 ἄν
320 2981 370 3034 τις
383 2957 420 3023 έιι
431 2955 494 3041 μὲν
510 2960 571 3021 τοῦ
588 2954 737 3037 πολέμου
751 2957 812 3019 τοῦ
827 2950 910 3038 πρὸς
924 2950 1003 3032 τούς
1016 2961 1102 3041 βαρ-

143 3055 272 3141 βάρους
293 3052 423 3139 ὕμνους
442 3053 703 3138 πεποιημένους,
730 3049 767 3117 έιι
787 3049 823 3117 δὲ
844 3056 905 3118 τοῦ
925 3049 1009 3134 πρὸς
1024 3048 1102 3130 τούς

142 3152 306 3241 Έλληνας
321 3152 474 3239 θρήνους
487 3147 568 3237 ἡμῖν
581 3151 843 3238 γεγενημένους,
866 3151 921 3217 ιιαλ
941 3149 1020 3229 τούς
1039 3151 1102 3236 μὲν

141 3255 176 3320 έν
185 3265 260 3331 ταῖς
272 3254 399 3337 ἑορταῖς
409 3247 611 3339 ᾀδομένους,
627 3245 707 3327 τοδς
721 3245 753 3315 δ’
767 3250 820 3316 έπλ
832 3260 901 3327 ταῖς
913 3261 1103 3334 συμφοραῖς

106 3360 128 3414 ἰῖ
141 3348 226 3438 ἡμᾶς
240 3353 482 3438 μεμνημίνονς.
506 3346 597 3436 οἶμαι
612 3350 648 3417 δδ
663 3349 718 3416 καλ
732 3345 794 3435 τὴν
804 3345 951 3435 Ὀμήρου
967 3353 1102 3433 ποίησιν

141 3457 240 3537 μείζω
264 3457 380 3536 λαβεῖν
400 3449 519 3536 δόξαν,
545 3449 597 3519 ὅτι
617 3454 727 3527 ιιαλοῑς
753 3445 831 3526 τούς
850 3446 1102 3534 πολεμήσαντας

142 3561 209 3628 τοῖς
221 3547 409 3636 βαρβάροις
419 3550 632 3634 ένειιωμίασε,
644 3550 698 3615 καλ
710 3543 766 3614 διά
779 3552 876 3614 τοῦτο
888 3553 1101 3635 βουληθῆναι

141 3644 221 3728 ιοδς
246 3646 438 3734 προγόνους
464 3644 559 3734 ἡμῶν
586 3653 723 3734 ἔντιμον
747 3642 854 3714 αὐτοῦ
878 3653 1014 3733 ποιῆσαι
1040 3643 1101 3734 τήν
