2859 4334
421 376 539 431 ΠΕΡΙ
565 374 908 431 ΑΝΤΙΔΟΣΕΩΣ.
1081 370 1138 431 141

185 548 256 612 τοῖς
276 544 369 610 θεοῖς
390 531 433 611 ὡς
453 539 618 609 πλείστοις
638 540 705 599 τῶν
726 538 871 599 πολιτῶν
892 529 1139 619 παραγενέσθαι

186 632 249 718 τήν
270 632 415 715 δύναμιν
437 631 577 716 ταύτην,
606 627 651 697 δι’
674 629 718 715 ήν
742 627 886 715 ἤμελλον
911 627 990 715 παρ’
1017 631 1140 716 ἑτέρων

184 730 413 817 λαμβάνοντες
427 736 608 816 χρησίμους
622 726 746 807 αύτούς
768 727 878 815 ὥσπερ
899 726 963 816 ἐγά
983 737 1023 818 τῇ
1045 731 1139 799 πόλει

184 830 349 911 παρέξειν.
385 836 508 913 πολλῆς
535 826 564 894 δ’
594 826 728 913 ἀλογίας
752 836 832 912 περί
853 855 893 914 με
918 831 1140 916 γεγενημένης

185 926 322 995 πάντων
337 922 381 993 ἀν
396 934 541 1013 συμβαίη
556 927 766 1011 δεινότατον,
789 934 819 995 εί
831 928 869 995 οί
880 925 944 1012 μέν
960 930 1140 1007 δεδωκότες

185 1054 243 1115 μοι
255 1025 403 1113 χρήματα
418 1026 584 1111 τοσαύτην
600 1030 706 1111 ἔχοιεν
720 1026 818 1111 χάριν
833 1023 911 1094 ὥστ’
929 1034 975 1096 ἔτι
996 1034 1051 1097 καί
1076 1036 1139 1095 νύν

184 1152 225 1211 με
241 1123 462 1208 θεραπεύειν,
485 1120 579 1209 ὑμεῖς
593 1120 624 1189 δ’
641 1130 687 1201 είς
703 1120 763 1201 οὓς
778 1122 936 1210 ἀνήλωκα
957 1124 1138 1212 τάμαυτοῦ,

113 1238 165 1291 166
185 1229 284 1309 δίκην
300 1221 540 1307 έπιθυμήσαιτε
555 1220 635 1305 παρ’
651 1226 734 1307 ε’μού
751 1231 875 1310 λαβεῖν.
910 1224 1007 1293 ἔτιδὲ
1029 1226 1139 1293 δεινό-

185 1324 296 1408 τερον,
309 1326 339 1389 εί
351 1324 523 1403 Πίνδαρον
537 1322 598 1406 μὲν
612 1319 672 1387 τόν
687 1319 829 1408 ποιητήν
843 1327 876 1391 οί
888 1322 953 1407 πρὸ
970 1321 1066 1411 ἡμῶν
1082 1350 1137 1411 γε-
1189 1378 1192 1385 .

185 1422 321 1507 γονότες
349 1418 432 1503 ὑπὲρ
460 1418 534 1498 ένδς
557 1420 664 1505 μόνον
690 1422 850 1508 ῥήματος,
875 1420 926 1490 ότι
951 1421 1012 1510 τήν
1038 1425 1137 1490 πόλιν

186 1528 322 1605 ἔρεισμα
337 1529 393 1605 τῆς
403 1517 557 1596 Ἑλλάδος
570 1516 755 1605 ὠνόμασεν,
771 1520 877 1601 οὕτως
887 1524 1044 1608 ἐτίμησαν
1056 1519 1139 1589 ὥστε
1154 1524 1187 1579 8²

186 1621 241 1689 καὶ
266 1619 430 1703 πρόξενον
451 1620 657 1704 ποιήσασθαι
678 1623 732 1687 καὶ
756 1618 887 1703 δωρεάν
907 1627 1027 1707 μυρίας
1048 1618 1138 1711 αύτῷ

186 1722 306 1785 δουναι
333 1715 495 1803 δραχμάς,
521 1718 592 1802 ἐμοὶ
618 1716 653 1784 δὲ
681 1715 768 1784 πολύ
792 1725 894 1786 πλείω
919 1721 973 1787 καλ
1000 1721 1137 1788 κάλλιον

186 1816 442 1903 ε’γκεκωμιακότι
455 1817 508 1884 καλ
518 1814 580 1902 τήν
592 1817 691 1884 πόλιν
704 1820 758 1885 καὶ
770 1815 847 1896 τούς
859 1821 1047 1905 προγόνους
1056 1816 1135 1906 μηδ’

185 1913 342 1999 ἀσφαλῶς
352 1916 517 2000 ἐγγένοιτο
531 1922 732 2002 καταβιῶναι
745 1914 804 1984 τόν
816 1920 986 1986 ἐπίλοιπον
1002 1919 1134 2006 χρόνον.

119 2028 166 2082 167
272 2016 354 2095 Περὶ
371 2015 433 2097 μὲν
449 2006 511 2080 ούν
525 2014 654 2081 τούτων
670 2018 724 2082 καὶ
739 2022 806 2083 τῶν
821 2014 932 2085 ἀλλων
948 2024 1014 2085 τῶν
1036 2044 1135 2103 κατη-

186 2114 403 2201 γορηθέντων
418 2112 581 2199 ἱκανήν
554 2140 636 2181 ειναι
651 2113 821 2200 νομίζω
785 2142 847 2203 την
862 2114 1071 2202 εἰρημένην
1053 2142 1137 2183 απο-

187 2221 311 2299 λογίαν.
353 2213 423 2299 (κςῖ
433 2212 499 2281 *ια
503 2220 527 2298 .)
552 2211 654 2282 ούκ’
639 2214 771 2301 οκνήσω
788 2215 822 2281 δὲ
838 2213 920 2300 πρός
935 2212 1036 2301 ὑμᾶς,
1055 2210 1134 2282 οὔθ’

188 2311 231 2391 ὡς
254 2318 315 2434 ἔχω
338 2320 402 2379 νύν
416 2338 499 2396 προς
511 2338 572 2380 τον
593 2315 754 2380 ένεστωτα
770 2316 946 2398 κίνδυνον,
971 2327 1138 2381 κατειπεῖν

187 2411 248 2531 τήν
263 2410 437 2499 ἀλήθειαν,
454 2410 533 2481 οὔθ’
554 2410 598 2490 ὡς
612 2410 648 2479 τό
665 2420 799 2496 πρῶτον
813 2415 967 2500 διετέθην
982 2409 1065 2496 πρός
1075 2409 1134 2479 αύ-

186 2511 255 2579 τόν.
278 2512 342 2597 έγω
358 2511 423 2598 γάρ
438 2510 523 2595 ὑπερ
540 2514 602 2599 μὲν
616 2519 683 2579 τῶν
697 2516 793 2578 ἰδίων
807 2509 931 2589 πολλάς
945 2514 1077 2589 ἐλπίδας
1087 2508 1138 2577 ἐλ-

123 2626 170 2681 168
186 2638 246 2697 χον
267 2617 374 2689 καλῶς
401 2609 634 2697 ἀγωνιεῖσθαι·
663 2615 718 2679 καὶ
742 2609 806 2697 γάρ
831 2626 899 2689 τοῖς
923 2614 1138 2698 βεβιωμένοις

186 2713 241 2778 καὶ
267 2724 334 2788 τοῖς
356 2714 600 2797 πεπραγμένοις
621 2714 814 2794 ἐπίστευον,
839 2714 892 2778 καὶ
913 2708 1057 2787 πολλούς
1078 2703 1138 2777 λό-

187 2837 268 2897 γους
284 2814 338 2878 καί
354 2816 503 2888 δικαίους
519 2810 612 2900 η’ίμηυ
629 2817 714 2897 ἔχειν
729 2807 813 2892 ὑπὲρ
837 2806 965 2876 αύτολν·
993 2804 1083 2893 ὁρῶν
1105 2804 1135 2873 δ’

187 2907 228 2977 ού
244 2909 350 2994 μόνον
364 2910 535 2987 δυσκόλως
551 2913 781 2995 διακειμένους
791 2908 866 2990 περὶ
877 2904 938 2992 τήν
949 2914 1016 2973 τῶν
1027 2907 1138 2992 λόγων

188 3013 341 3076 παιδείαν
363 3005 440 3091 τούς
462 3012 673 3095 εἰθισμένους
695 3007 798 3075 άπασι
818 3012 1038 3092 χαλεπαίνειν,
1054 3003 1137 3073 ἀλλά

190 3110 324 3175 καὶτῶν
341 3104 453 3174 ἀλλων
474 3114 621 3174 πολιτῶν
644 3104 789 3183 πολλούς
810 3106 951 3190 τραχέως
971 3102 1054 3188 πρός
1075 3101 1138 3170 αύ-

189 3205 250 3293 τήν
273 3208 510 3292 διακειμένους,
526 3206 739 3292 ἐφοβούμην,
764 3201 808 3289 μή
835 3199 875 3268 τά
902 3201 964 3287 μὲν
983 3201 1053 3270 ἴδιά
1072 3229 1139 3288 μου

189 3311 425 3393 παραμεληθῄ,
446 3312 502 3390 τῆς
524 3307 559 3372 δὲ
580 3310 695 3390 κοινής
710 3304 785 3387 περὶ
798 3299 877 3380 τούς
892 3300 1051 3388 σοφιστὰς
1066 3307 1137 3369 δια-

128 3427 173 3481 ¹69
188 3412 289 3494 βολῆς
309 3400 490 3471 ἀπολαύσω
511 3431 545 3493 τι
557 3411 722 3488 φλαῦρον.
742 3398 854 3486 ἐπειδή
871 3402 907 3467 δὲ
921 3401 1052 3485 χρόνων
1081 3400 1132 3480 ἐγ-

108 3546 112 3553 ·
190 3505 398 3591 γιγνομένων
416 3505 586 3569 εἰσέπεσον
605 3507 650 3577 είς
668 3498 704 3566 τό
724 3505 912 3585 λογίζεσθαι
926 3501 979 3565 καὶ
991 3510 1138 3580 σκοπεῖν,
1177 3532 1179 3536 ’

190 3614 222 3676 τί
230 3608 392 3693 χρήσομαι
404 3618 471 3681 τοῖς
483 3611 665 3685 παροῦσιν,
686 3602 884 3686 ἐπαυσάμην
895 3608 956 3667 τοῦ
972 3604 1068 3678 δέους
1085 3603 1138 3668 καὶ
