2859 4334
241 357 246 366 ’
281 385 322 445 50
572 384 951 454 ιεοιινιιυονεμ)

280 542 364 614 ἀλλά
381 544 426 612 δι’
444 544 610 631 ἀλλήλους
625 546 707 630 ημῖν
721 545 855 629 γέγονε,
881 545 985 628 μηδὲν
1002 545 1065 628 μὲν
1081 541 1166 610 ἀνευ
1180 551 1237 630 τῆς

280 644 408 724 πόλεως
421 652 479 731 της
491 643 651 731 ἡμετέρας
667 641 768 728 εἶναι,
785 639 824 707 τοὶ
840 644 876 707 δὲ
890 648 1026 708 πλεῖστα
1041 639 1097 709 διά
1109 642 1237 728 ταύτην

233 763 267 816 39
280 749 492 827 γεγενῆσθαι.
516 748 758 827 παραλαβοῦσα
769 736 1265 826 γάρτοὺςἝλληναςάνόμωςε

214 907 237 925 χ
281 845 403 920 ζῶντας
424 842 478 907 καὶ
499 839 673 926 σποράδην
695 842 885 920 οίκοῦντας,
912 839 967 904 καὶ
988 837 1066 916 τοὺς
1086 839 1150 922 μέν
1168 834 1236 904 ὑπὸ

281 942 488 1002 δυναστειῶν
499 934 750 1023 ὑβριζομένους,
761 929 841 1010 τοὺς
853 933 889 1000 δὲ
900 930 946 1000 δι’
957 932 1120 1020 ἀναρχίαν
1130 932 1237 1001 ἀπολ-

281 1035 462 1119 λυμένους,
486 1037 541 1102 καὶ
561 1034 692 1101 τούτων
707 1037 776 1099 τῶν
793 1037 906 1098 κακῶν
921 1027 1045 1109 αὐτοῦς
1059 1029 1236 1116 ἀπήλλαξε,

281 1139 349 1199 των
369 1137 431 1217 μὲν
451 1141 551 1215 κυρία
567 1133 748 1219 γενομένη,
770 1144 838 1209 τοῖς
853 1128 884 1197 δ’
902 1129 1010 1218 αὑτήν
1025 1133 1237 1214 παράδειγμα

281 1229 461 1313 ποιήσασα·
482 1230 597 1315 πρώτη
611 1228 676 1314 γὰρ
688 1231 743 1296 καί
753 1229 880 1314 νόμους
892 1235 988 1297 ἔθετο
1000 1234 1054 1297 καὶ
1066 1236 1237 1296 πολιτείαν

233 1354 267 1404 ιο
280 1329 510 1413 κατεστήσατο.
540 1335 643 1416 δῆλον
658 1328 690 1396 δ’
708 1333 855 1398 ἐκεῖθεν·
878 1335 912 1399 οί
927 1328 991 1415 γάρ
1008 1334 1044 1399 έν
1062 1330 1145 1418 ἀρχῇ
1161 1332 1237 1412 περὶ

279 1433 347 1493 τῦν
361 1435 513 1512 φονικῶν
528 1431 763 1514 ἐγκαλέσαντες
777 1431 832 1497 καὶ
845 1436 1069 1515 βουληθέντες
1081 1429 1162 1515 μετὰ
1173 1430 1263 1497 λό-(ἰ

279 1550 343 1609 γου
359 1525 413 1592 καὶ
428 1524 473 1611 μή
486 1525 571 1610 μετά
587 1533 661 1612 βίας
676 1527 902 1594 διαλύσασθαι
917 1525 957 1594 τά
974 1526 1056 1610 πρὸς
1071 1525 1237 1613 ἀλλήλους

279 1627 317 1692 ἐν
332 1637 400 1701 τοῖς
417 1624 533 1710 νόμοις
549 1640 618 1704 τοῖς
632 1623 804 1712 ἡμετέροις
820 1625 878 1703 τὰς
896 1633 1020 1711 κρίσεις
1035 1627 1236 1712 ἐποιήσαντο

280 1727 355 1809 περὶ
373 1720 494 1791 αὑτῶν.
518 1728 573 1793 καί
588 1727 650 1810 μέν
667 1724 708 1811 δή
725 1729 780 1794 καὶ
796 1733 866 1793 τῶν
880 1734 1007 1813 τεχνῶν
1024 1729 1083 1806 τάς
1100 1753 1135 1795 τε
1152 1725 1237 1810 πρὸς
1306 1720 1310 1727 ’

262 1820 546 1909 “τάναγκαῖα,τοῦ
565 1830 643 1911 βίου
666 1831 827 1911 χρησίμας
848 1827 901 1894 καὶ
923 1823 981 1904 τάς
1002 1824 1086 1909 πρός
1108 1823 1237 1912 ἡδονήν

280 1923 571 2012 μεμηχανημένας,
587 1920 644 2001 τάς
655 1925 718 2007 μὲν
732 1920 896 2009 εὑροῦσα,
910 1920 969 2000 τάς
981 1925 1017 1990 δὲ
1029 1925 1236 2010 δοκιμάσασα

234 2045 264 2094 41
281 2029 427 2104 χρησθαι
446 2033 514 2096 τοῖς
529 2025 657 2098 λοιποῖς
675 2019 882 2102 παρέδωκεν.
903 2021 989 2108 (ια’.)
1026 2021 1097 2106 Τήν
1119 2027 1239 2089 τοίνυν

281 2117 387 2204 ἀλλην
408 2122 573 2204 διοίκησιν
595 2116 683 2184 οὑτω
699 2122 882 2202 φιλοξένους
902 2120 1166 2186 κατεσκευάσατο
1182 2120 1238 2186 καὶ

281 2213 366 2300 πρὸς
380 2213 529 2293 ἅπαντας
543 2221 671 2294 οίκείως
687 2215 771 2282 ὥστε
785 2204 841 2283 καὶ
852 2230 920 2294 τοῖς
930 2217 1108 2303 χρημάτων
1119 2219 1264 2303 δεομέι

281 2339 354 2391 νοις
367 2317 422 2380 καί
437 2326 505 2390 τοῖς
521 2310 711 2380 ἀπολαῦσαι
726 2319 793 2380 τῶν
811 2311 1032 2399 ὑπαρχόντων
1047 2319 1238 2400 ἐπιθυμοῦ-

282 2433 338 2481 σιν
353 2409 553 2498 ἀμφοτέροις
567 2410 745 2497 ἁρμόττειν
759 2413 815 2480 καὶ
826 2412 908 2499 μήτε
920 2426 987 2490 τοῖς
997 2409 1238 2500 εὐδαιμονοῦσι

281 2511 363 2597 μήτε
377 2523 445 2588 τοῖς
459 2514 683 2596 δυστυχοῦσιν
698 2511 735 2577 ἐν
750 2523 821 2588 ταῖς
834 2506 947 2578 αὑτων
964 2507 1134 2596 ἀχρήστως
1151 2516 1238 2596 έχειυ

281 2606 355 2677 ἀλλ’
367 2612 533 2696 ἑκατέροις
542 2607 655 2676 αὑτοῖν
665 2606 750 2676 εἶναι
760 2605 840 2693 παρ’
850 2604 940 2693 ἡμῖν,
952 2621 1021 2686 τοῖς
1030 2609 1092 2694 μὲν
1101 2605 1238 2692 ἡδίστας

233 2721 268 2774 λλ
282 2705 469 2794 διατριβὰς,
491 2722 560 2786 τοῖς
577 2705 609 2774 δ’
628 2706 884 2792 ἀσφαλεστάτην
899 2707 1108 2794 καταφυγήν.
1133 2712 1180 2774 ἔτι
1201 2708 1237 2773 δέ
1251 2713 1286 2768 49

281 2805 344 2893 τήν
357 2808 471 2892 χώραν
486 2804 549 2874 οὑκ
564 2805 714 2893 αὑτάρκη
735 2809 947 2893 κεκτημένων
964 2806 1128 2892 ἑκάστων,
1152 2803 1237 2874 ἀλλά

281 2901 322 2971 τά
338 2903 400 2989 μέν
414 2906 643 2991 ἐλλείπουσαν,
662 2903 704 2971 τά
719 2905 756 2972 δέ
770 2911 873 2974 πλείω
886 2911 954 2972 τῶν
968 2909 1095 2972 ίκανῦυ
1109 2906 1238 2991 φέρου-

282 3021 357 3085 σαν,
375 3004 430 3068 καὶ
444 3010 568 3088 πολλῆς
582 3002 724 3088 ἀπορίας
739 3000 842 3089 οὔσης
853 3003 894 3070 τά
909 3003 971 3088 μὲν
986 2999 1065 3070 ὅποι
1078 2999 1150 3087 χρή
1163 3004 1238 3068 δια·

282 3103 423 3184 θέσθαι,
437 3098 479 3167 τά
493 3097 525 3166 δ’
541 3097 671 3169 ὑπόθευ
685 3103 931 3186 εἰσαγαγέσθαι,
950 3103 1005 3168 καὶ
1018 3101 1153 3178 ταὺταις
1166 3112 1238 3177 ταῖς

282 3212 471 3285 συμφοραῖς
485 3201 670 3286 ἐπήμυνεν·
687 3199 850 3284 ἐμπόριον
862 3198 928 3286 γάρ
943 3201 980 3266 ἐν
995 3199 1083 3286 μέσῳ
1097 3194 1238 3283 τήςἘλ-

282 3294 383 3374 λάδος
402 3295 462 3362 τόν
474 3303 618 3380 Πειραιᾶ
633 3297 913 3380 κατεσκευάσατο,
935 3296 1101 3382 τοσαύτην
1119 3293 1235 3380 ἔχονθ’

283 3390 486 3480 ὑπερβολήν,
503 3391 590 3462 ὥσθ’
604 3393 626 3461 ἀ
639 3393 730 3480 παρὰ
740 3401 809 3463 τῦυ
819 3393 933 3463 ἀλλων
945 3396 983 3461 ἓν
994 3389 1073 3478 παρ’
1088 3393 1238 3461 ἑκάστων

282 3490 428 3576 χαλεπόν
438 3493 506 3562 ἐστι
516 3501 643 3581 λαβεῖν,
655 3491 757 3562 ταῦθ’
771 3493 902 3561 ἅπαντα
913 3491 994 3577 παρ’
1005 3491 1105 3578 αὐτῆς
1116 3493 1262 3580 ῥᾴδιονο

285 3589 368 3657 εἶναι
381 3599 593 3674 πορίσασθαι.
