2859 4334
442 418 926 479 ΠΕΡΙΑΝΤΙΔΟΣΕΩΣ.
1098 416 1156 478 159

203 568 383 664 πράγματα
402 582 606 663 παρέχουσιν
618 575 709 663 ἡμῖν,
727 570 776 643 ὦν
786 584 873 656 τίνες
884 573 928 645 άν
940 576 1039 665 ἥδιον
1050 586 1156 647 ῖδοιεν

203 674 351 755 πολλοὺς
367 683 435 743 τῶν
447 683 593 745 πολιτῶν
604 680 908 763 διαφθειρομένους
918 681 973 746 καί
984 678 1155 767 πονηρούς

205 780 444 863 γιγνομένουςς
459 784 549 843 ίσασι
566 774 630 860 γάρ
643 782 731 860 σφᾶς
742 774 865 855 αύτούς
877 779 914 844 έν
925 776 988 864 μὲν
1001 794 1070 858 τοῖς
1084 806 1155 848 τοι-

204 876 318 953 ούτοις
333 876 618 959 δυναστεύοντας,
643 872 710 941 ὑπὸ
727 879 763 942 δὲ
784 884 853 942 τῶν
865 885 979 945 καλῶν
993 875 1155 966 κάγαθῶν

205 977 261 1041 καὶ
278 982 362 1042 νοῦν
376 973 522 1059 έχόντων
536 972 802 1059 ἀπολλυμένους,
819 974 948 1043 ὁπόταν
962 985 1152 1065 ληφθῶσιν.

127 1090 188 1146 242
206 1072 294 1141 ὥσθ’
323 1067 417 1142 οὗτοι
450 1076 511 1161 μὲν
536 1081 774 1159 σωφρονοῦσιν
802 1073 954 1162 ἀναιρεῖν
981 1082 1155 1163 ζητοῦντες

205 1170 338 1250 άπάσας
352 1171 411 1251 τάς
425 1174 580 1251 τοιαύτας
593 1172 775 1259 διατριβάς,
792 1177 829 1242 έν
838 1171 891 1253 αἷς
901 1174 1062 1262 ἡγοῦνται
1075 1186 1154 1264 δελ·
1173 1185 1217 1239 lll

203 1282 296 1352 τίους
309 1276 513 1360 γενομένους
529 1275 777 1358 χαλεπωτέρους
798 1280 934 1341 ἔσεσθαι
956 1290 1026 1354 ταῖς
1040 1274 1150 1344 αὐτῶν

203 1379 379 1459 πονηρίαις
400 1374 455 1439 καί
476 1376 732 1457 συκοφαντίαις,
760 1369 848 1458 ὑμᾶς
868 1374 903 1441 δέ
917 1377 1077 1462 προσήκει
1093 1375 1152 1442 τά-

205 1480 323 1541 ναντία
343 1472 474 1550 τούτοις
504 1471 662 1555 πράττειν
693 1472 749 1539 καὶ
773 1479 877 1540 ταῦτα
905 1480 1051 1559 νομίζειν
1068 1473 1152 1542 εἶναι

204 1574 363 1640 κάλλιστα
378 1580 445 1638 τῶν
460 1570 747 1657 ἐπιτηδευμάτων,
770 1568 820 1649 οἷς
842 1566 886 1637 ἂν
900 1573 1040 1650 τούτους
1055 1570 1153 1654 ὁρᾶτε

204 1670 346 1757 μάλιστα
362 1678 598 1757 πολεμοῦντας.

131 1785 187 1838 ’243
290 1770 380 1857 (κς’.*
391 1771 469 1857 κγ’.)
484 1769 630 1838 ’Ἁτοπον
644 1774 682 1839 δέ
695 1799 725 1837 τι
738 1770 893 1856 τυγχάνω
905 1770 1093 1848 πεπονθώς·
1107 1782 1153 1838 εἰ·

205 1870 340 1956 ρησεται
355 1867 437 1956 γάρ,
466 1875 495 1938 εἰ
508 1876 567 1938 καί
579 1897 665 1949 τινες
680 1880 757 1939 λίαν
773 1869 1000 1957 εὐμετάβολον
1015 1869 1102 1938 εἶναι’
1114 1899 1153 1954 με

206 1968 385 2055 φήσουσιν.
409 1965 510 2059 ὀλίγῳ
524 1967 663 2056 μὲνγὰρ
680 1971 846 2053 πρότερον
864 1975 990 2056 ἔλεγον,
1014 1968 1151 2049 ύςπολ-

204 2069 255 2135 λολ
275 2074 344 2134 των
366 2073 478 2135 καλῶν
499 2065 663 2154 κάγαθῶν
682 2067 819 2154 ἀνδρῶν
842 2073 1075 2156 διεψευσμένοι
1096 2078 1154 2156 τῆς

204 2173 406 2253 φιλοσοφίας
425 2167 629 2253 τραχύτερον
651 2165 734 2251 πρὸς
757 2165 864 2253 αὐτὴν
887 2173 1017 2253 έχουσι,
1040 2176 1106 2236 νῦν
1121 2166 1150 2234 δ’

205 2266 311 2343 οὕτως
327 2267 476 2351 ἐναργεῖς
490 2264 660 2353 ὑπείληφα
671 2266 751 2345 τούς
772 2267 892 2352 λόγους
908 2266 992 2336 εἶναι
1006 2266 1086 2346 τούς
1106 2274 1145 2336 εί·

205 2370 370 2452 ρημένονς
391 2366 446 2433 καί
466 2373 548 2433 πᾶσι
563 2363 750 2452 φανερούς,
778 2364 857 2433 ὥστ’
880 2365 989 2446 ούδείς
1017 2366 1153 2454 άγνοεῖν

204 2493 260 2552 μοι
282 2470 376 2532 δοκεῖ
391 2462 453 2551 τὴν
475 2464 622 2551 δύναμιν
643 2462 746 2551 αὐτῆς
764 2461 843 2532 οὐδὲ
870 2467 1153 2551 καταγιγνώσκειν

204 2563 309 2651 ἡμῶν,
329 2562 373 2643 ὡς
387 2569 632 2651 διαφθείρομεν
650 2564 731 2643 τούς
745 2563 908 2649 μαθητάς,
927 2562 1006 2631 οὐδὲ
1026 2590 1153 2631 πεπον-

204 2668 303 2732 θέναι
321 2671 475 2731 τοιοῦτον
495 2662 611 2749 οὐδέν,
636 2660 709 2733 οἷον
727 2660 851 2741 αὐτούς
869 2661 970 2751 ὀλίγῳ
988 2663 1154 2748 πρότερον

132 2782 189 2836 244
203 2760 370 2853 ᾐτιώμην·
393 2760 467 2831 ἀλλ’
489 2769 519 2831 εί
535 2766 588 2831 δεῖ
600 2760 744 2848 τάληθὲς
756 2768 860 2830 εἰπεῖν
870 2764 925 2829 καί
936 2758 973 2828 τὸ
986 2768 1052 2829 νῦν
1068 2764 1105 2829 έν
1115 2767 1155 2849 τῇ

205 2865 338 2949 διανοίᾳ
352 2887 408 2945 μοι
420 2858 636 2946 παρεστηκδς,
653 2859 801 2948 ἡγοῦμαι
820 2859 948 2938 πάντας
964 2857 1043 2937 τούς
1055 2868 1154 2945 φιλο-

203 2967 307 3045 τίμως
319 2964 558 3045 διακειμένους,
580 2962 828 3046 ἐπιθυμητικῶς
839 2966 972 3044 ἔχοντας
989 2966 1051 3026 τοῦ
1068 2984 1153 3044 φρο-

204 3074 277 3127 νεῖν
295 3052 334 3126 εύ
351 3061 405 3125 καί
421 3062 542 3144 λέγειν,
554 3056 677 3138 αὐτούς
690 3059 752 3144 μὲν
770 3056 906 3142 άμελεῖν
916 3057 1057 3140 τούτων,
1075 3056 1154 3136 τοὺς

204 3160 268 3244 μὲν
280 3156 335 3224 διὰ
346 3160 530 3246 ρᾳθυμίαν,
542 3159 621 3236 τούς
632 3158 668 3226 δέ
680 3160 1000 3244 καταμεμφομένους
1011 3155 1073 3243 τὴν
1085 3157 1154 3242 φύ-

205 3276 261 3324 σιν
279 3253 342 3343 τὴν
358 3252 489 3341 αὐτῶν,
511 3254 590 3335 τούς
609 3259 645 3324 δέ
663 3254 709 3324 δι’
729 3255 831 3334 άλλας
846 3254 939 3334 τινάς
956 3255 1153 3342 προφάσεις,

132 3378 185 3434 245
206 3362 417 3441 παμπληθεῖς
429 3352 459 3421 δ’
479 3356 550 3437 εἰσί,
568 3352 653 3437 πρὸς
668 3354 705 3421 δέ
722 3352 803 3433 τούς
820 3352 948 3442 πολλὴν
965 3359 1154 3442 ἐπιμέλειαν

205 3457 430 3539 ποιουμένους
448 3456 503 3522 καὶ
520 3468 632 3539 τυχεῖν
647 3459 886 3540 βουλομένους,
903 3446 952 3520 ὧν
968 3460 1013 3531 είς
1031 3457 1153 3522 έπιθυ-

203 3559 283 3639 μίαν
296 3550 391 3619 αὐτοί
403 3559 594 3632 καδεστᾱσι,
608 3552 783 3631 δυσκόλως
794 3560 880 3638 ἔχειν
891 3556 945 3620 καὶ
958 3558 1153 3638 ζηλοτυπεῖν

202 3648 327 3726 καὶτὰς
338 3650 445 3735 ψυχάς
456 3655 706 3735 τεταραγμένως
717 3656 905 3719 διακεῖσθαι
916 3652 970 3718 καί
982 3656 1152 3719 πεπονθέ-
1169 3672 1218 3736 112
