<?xml version="1.0" encoding="UTF-8"?>
<!DOCTYPE html PUBLIC "-//W3C//DTD XHTML 1.0 Transitional//EN"
    "http://www.w3.org/TR/xhtml1/DTD/xhtml1-transitional.dtd">
<html xmlns="http://www.w3.org/1999/xhtml" xml:lang="en" lang="en">
 <head>
  <title>
</title>
<meta http-equiv="Content-Type" content="text/html;charset=utf-8" />
  <meta name='ocr-system' content='tesseract 3.04.00' />
  <meta name='ocr-capabilities' content='ocr_page ocr_carea ocr_par ocr_line ocrx_word'/>
</head>
<body>
  <div class='ocr_page' id='page_1' title='image "./orationes00isgoog_0492.png"; bbox 0 0 2859 4334; ppageno 0'>
   <div class='ocr_carea' id='block_1_1' title="bbox 431 304 1152 366">
    <p class='ocr_par' dir='ltr' id='par_1_1' title="bbox 431 304 1152 366">
     <span class='ocr_line' id='line_1_1' title="bbox 431 304 1152 366; baseline 0.004 -4"><span class='ocrx_word' id='word_1_1' title='bbox 431 307 552 363; x_wconf 82' lang='grc' dir='ltr'><em>ΠΕΡΙ</em></span> <span class='ocrx_word' id='word_1_2' title='bbox 579 307 921 366; x_wconf 76' lang='grc' dir='ltr'><em>ΑΝΤΙΔΟΣΕΩΣ.</em></span> <span class='ocrx_word' id='word_1_3' title='bbox 1092 304 1152 366; x_wconf 86' lang='grc'><strong><em>119</em></strong></span> 
     </span>
    </p>
   </div>
   <div class='ocr_carea' id='block_1_2' title="bbox 206 455 1151 652">
    <p class='ocr_par' dir='ltr' id='par_1_2' title="bbox 206 455 1151 652">
     <span class='ocr_line' id='line_1_2' title="bbox 206 455 1149 550; baseline 0.001 -23"><span class='ocrx_word' id='word_1_4' title='bbox 206 458 251 539; x_wconf 87' lang='grc' dir='ltr'><strong><em>ῶς</em></strong></span> <span class='ocrx_word' id='word_1_5' title='bbox 269 458 339 550; x_wconf 80' lang='grc' dir='ltr'><strong><em>ὅσῳ</em></strong></span> <span class='ocrx_word' id='word_1_6' title='bbox 364 487 426 547; x_wconf 85' lang='grc' dir='ltr'><strong><em>περ</em></strong></span> <span class='ocrx_word' id='word_1_7' title='bbox 445 455 488 528; x_wconf 84' lang='grc' dir='ltr'><strong><em>ἀν</em></strong></span> <span class='ocrx_word' id='word_1_8' title='bbox 507 462 794 548; x_wconf 78' lang='grc' dir='ltr'><strong><em>ἐρρωμενέστερον</em></strong></span> <span class='ocrx_word' id='word_1_9' title='bbox 811 461 873 547; x_wconf 83' lang='grc' dir='ltr'><strong><em>τὴν</em></strong></span> <span class='ocrx_word' id='word_1_10' title='bbox 891 465 960 528; x_wconf 89' lang='grc' dir='ltr'><strong><em>τῶν</em></strong></span> <span class='ocrx_word' id='word_1_11' title='bbox 978 460 1092 529; x_wconf 84' lang='grc' dir='ltr'><strong><em>ἀλλων</em></strong></span> <span class='ocrx_word' id='word_1_12' title='bbox 1110 462 1149 528; x_wconf 88' lang='grc' dir='ltr'><strong><em>ἀ-</em></strong></span> 
     </span>
     <span class='ocr_line' id='line_1_3' title="bbox 206 558 1151 652; baseline 0.002 -25"><span class='ocrx_word' id='word_1_13' title='bbox 206 588 302 629; x_wconf 89' lang='grc' dir='ltr'><strong><em>νοιαν</em></strong></span> <span class='ocrx_word' id='word_1_14' title='bbox 315 558 472 651; x_wconf 76' lang='grc' dir='ltr'><strong><em>ἀτιμάσῃ,</em></strong></span> <span class='ocrx_word' id='word_1_15' title='bbox 489 562 640 652; x_wconf 80' lang='grc' dir='ltr'><strong><em>τοσούτῳ</em></strong></span> <span class='ocrx_word' id='word_1_16' title='bbox 657 568 788 648; x_wconf 86' lang='grc' dir='ltr'><strong><em>μάλλον</em></strong></span> <span class='ocrx_word' id='word_1_17' title='bbox 801 565 863 648; x_wconf 82' lang='grc' dir='ltr'><strong><em>τὴν</em></strong></span> <span class='ocrx_word' id='word_1_18' title='bbox 877 560 984 631; x_wconf 72' lang='grc' dir='ltr'><strong><em>αὑτοῦ</em></strong></span> <span class='ocrx_word' id='word_1_19' title='bbox 1000 561 1151 631; x_wconf 88' lang='grc' dir='ltr'><strong><em>διάνοιαν</em></strong></span> 
     </span>
    </p>
   </div>
   <div class='ocr_carea' id='block_1_3' title="bbox 164 655 1152 1359">
    <p class='ocr_par' dir='ltr' id='par_1_3' title="bbox 164 655 1152 1359">
     <span class='ocr_line' id='line_1_4' title="bbox 207 655 1149 751; baseline 0 -22"><span class='ocrx_word' id='word_1_20' title='bbox 207 659 349 749; x_wconf 81' lang='grc' dir='ltr'><strong><em>ἀσκήσει.</em></strong></span> <span class='ocrx_word' id='word_1_21' title='bbox 377 662 598 749; x_wconf 78' lang='grc' dir='ltr'><em>ποιησάμενος</em></span> <span class='ocrx_word' id='word_1_22' title='bbox 615 655 679 731; x_wconf 78' lang='grc' dir='ltr'><strong><em>οὖν</em></strong></span> <span class='ocrx_word' id='word_1_23' title='bbox 698 661 816 749; x_wconf 76' lang='grc' dir='ltr'><strong><em>ἀρχὴν,</em></strong></span> <span class='ocrx_word' id='word_1_24' title='bbox 836 661 878 751; x_wconf 79' lang='grc' dir='ltr'><strong><em>ἣν</em></strong></span> <span class='ocrx_word' id='word_1_25' title='bbox 894 662 959 749; x_wconf 79' lang='grc' dir='ltr'><strong><em>έγῶ</em></strong></span> <span class='ocrx_word' id='word_1_26' title='bbox 978 665 1149 749; x_wconf 78' lang='grc' dir='ltr'><strong><em>τελευτὴν,</em></strong></span> 
     </span>
     <span class='ocr_line' id='line_1_5' title="bbox 206 761 1151 852; baseline 0.001 -22"><span class='ocrx_word' id='word_1_27' title='bbox 206 761 382 848; x_wconf 81' lang='grc' dir='ltr'><strong><em>ἀνάγνωθι</em></strong></span> <span class='ocrx_word' id='word_1_28' title='bbox 404 765 459 833; x_wconf 76' lang='grc' dir='ltr'><strong><em>καὶ</em></strong></span> <span class='ocrx_word' id='word_1_29' title='bbox 484 765 606 833; x_wconf 84' lang='grc' dir='ltr'><strong><em>τούτου</em></strong></span> <span class='ocrx_word' id='word_1_30' title='bbox 630 767 689 833; x_wconf 82' lang='grc' dir='ltr'><strong><em>τοῦ</em></strong></span> <span class='ocrx_word' id='word_1_31' title='bbox 714 765 820 850; x_wconf 88' lang='grc' dir='ltr'><strong><em>λόγου</em></strong></span> <span class='ocrx_word' id='word_1_32' title='bbox 846 764 884 833; x_wconf 84' lang='grc' dir='ltr'><strong><em>τὸ</em></strong></span> <span class='ocrx_word' id='word_1_33' title='bbox 910 765 1027 833; x_wconf 82' lang='grc' dir='ltr'><strong><em>λοιπὸν</em></strong></span> <span class='ocrx_word' id='word_1_34' title='bbox 1050 766 1151 852; x_wconf 82' lang='grc' dir='ltr'><strong><em>μέρος</em></strong></span> 
     </span>
     <span class='ocr_line' id='line_1_6' title="bbox 207 863 332 944; baseline 0 -13"><span class='ocrx_word' id='word_1_35' title='bbox 207 863 332 944; x_wconf 83' lang='grc' dir='ltr'><strong><em>αὐτοῖς.</em></strong></span> 
     </span>
     <span class='ocr_line' id='line_1_7' title="bbox 164 975 987 1038; baseline 0.01 -11"><span class='ocrx_word' id='word_1_36' title='bbox 164 976 198 1027; x_wconf 73' lang='lat' dir='ltr'><em>n</em></span> <span class='ocrx_word' id='word_1_37' title='bbox 375 975 441 1036; x_wconf 81' lang='grc' dir='ltr'><strong><em>ΕΚ</em></strong></span> <span class='ocrx_word' id='word_1_38' title='bbox 468 975 561 1038; x_wconf 67' lang='grc' dir='ltr'><strong><em>ΤΟΥ</em></strong></span> <span class='ocrx_word' id='word_1_39' title='bbox 581 976 711 1036; x_wconf 87' lang='grc' dir='ltr'><em>ΠΡΟΣ</em></span> <span class='ocrx_word' id='word_1_40' title='bbox 730 975 987 1037; x_wconf 82' lang='lat' dir='ltr'><em>NIKOKAEA.</em></span> 
     </span>
     <span class='ocr_line' id='line_1_8' title="bbox 338 1064 1146 1155; baseline -0.001 -19"><span class='ocrx_word' id='word_1_41' title='bbox 338 1066 490 1136; x_wconf 77' lang='grc' dir='ltr'><strong><em>Μάλιστα</em></strong></span> <span class='ocrx_word' id='word_1_42' title='bbox 508 1065 542 1135; x_wconf 90' lang='grc' dir='ltr'><strong><em>δ’</em></strong></span> <span class='ocrx_word' id='word_1_43' title='bbox 562 1064 606 1135; x_wconf 86' lang='grc' dir='ltr'><strong><em>ἀν</em></strong></span> <span class='ocrx_word' id='word_1_44' title='bbox 624 1066 730 1147; x_wconf 84' lang='grc' dir='ltr'><strong><em>αάτὸς</em></strong></span> <span class='ocrx_word' id='word_1_45' title='bbox 749 1067 817 1136; x_wconf 79' lang='grc' dir='ltr'><strong><em>ἀπὸ</em></strong></span> <span class='ocrx_word' id='word_1_46' title='bbox 833 1074 961 1136; x_wconf 78' lang='grc' dir='ltr'><strong><em>σαυτοῦ</em></strong></span> <span class='ocrx_word' id='word_1_47' title='bbox 977 1075 1146 1155; x_wconf 83' lang='grc' dir='ltr'><strong><em>παρακλη·</em></strong></span> 
     </span>
     <span class='ocr_line' id='line_1_9' title="bbox 256 1166 1151 1257; baseline 0.001 -21"><span class='ocrx_word' id='word_1_48' title='bbox 256 1175 366 1254; x_wconf 74' lang='grc' dir='ltr'><strong><em>θείης,</em></strong></span> <span class='ocrx_word' id='word_1_49' title='bbox 379 1175 411 1236; x_wconf 83' lang='grc' dir='ltr'><strong><em>εί</em></strong></span> <span class='ocrx_word' id='word_1_50' title='bbox 423 1166 535 1237; x_wconf 85' lang='grc' dir='ltr'><strong><em>δεινδν</em></strong></span> <span class='ocrx_word' id='word_1_51' title='bbox 549 1168 689 1257; x_wconf 75' lang='grc' dir='ltr'><strong><em>ἡγήσαιο</em></strong></span> <span class='ocrx_word' id='word_1_52' title='bbox 698 1167 777 1249; x_wconf 82' lang='grc' dir='ltr'><strong><em>τούς</em></strong></span> <span class='ocrx_word' id='word_1_53' title='bbox 792 1177 925 1255; x_wconf 89' lang='grc' dir='ltr'><strong><em>χείρους</em></strong></span> <span class='ocrx_word' id='word_1_54' title='bbox 938 1175 1007 1237; x_wconf 88' lang='grc' dir='ltr'><strong><em>τῶν</em></strong></span> <span class='ocrx_word' id='word_1_55' title='bbox 1021 1168 1151 1255; x_wconf 83' lang='grc' dir='ltr'><strong><em>βελτιό-</em></strong></span> 
     </span>
     <span class='ocr_line' id='line_1_10' title="bbox 258 1266 1152 1359; baseline 0 -22"><span class='ocrx_word' id='word_1_56' title='bbox 258 1296 329 1337; x_wconf 92' lang='grc' dir='ltr'><strong><em>νων</em></strong></span> <span class='ocrx_word' id='word_1_57' title='bbox 343 1267 457 1355; x_wconf 82' lang='grc' dir='ltr'><strong><em>ἀρχειν</em></strong></span> <span class='ocrx_word' id='word_1_58' title='bbox 474 1272 530 1338; x_wconf 84' lang='grc' dir='ltr'><strong><em>καὶ</em></strong></span> <span class='ocrx_word' id='word_1_59' title='bbox 543 1270 623 1349; x_wconf 76' lang='grc' dir='ltr'><strong><em>τούς</em></strong></span> <span class='ocrx_word' id='word_1_60' title='bbox 637 1266 879 1357; x_wconf 71' lang='grc' dir='ltr'><strong><em>ἀνοητοτέρους</em></strong></span> <span class='ocrx_word' id='word_1_61' title='bbox 893 1285 963 1350; x_wconf 82' lang='grc' dir='ltr'><strong><em>τοῖς</em></strong></span> <span class='ocrx_word' id='word_1_62' title='bbox 978 1298 1152 1359; x_wconf 83' lang='grc' dir='ltr'><strong><em>φρονιμω-</em></strong></span> 
     </span>
    </p>
   </div>
   <div class='ocr_carea' id='block_1_4' title="bbox 206 1370 1151 1729">
    <p class='ocr_par' dir='ltr' id='par_1_4' title="bbox 257 1370 813 1456">
     <span class='ocr_line' id='line_1_11' title="bbox 257 1370 813 1456; baseline 0.007 -19"><span class='ocrx_word' id='word_1_63' title='bbox 257 1371 363 1456; x_wconf 90' lang='grc' dir='ltr'><strong><em>τέροις</em></strong></span> <span class='ocrx_word' id='word_1_64' title='bbox 381 1370 598 1455; x_wconf 74' lang='grc' dir='ltr'><strong><em>προστάττειν</em></strong></span> <span class='ocrx_word' id='word_1_65' title='bbox 615 1388 652 1455; x_wconf 74' lang='grc' dir='ltr'><strong><em>(μ.</em></strong></span> <span class='ocrx_word' id='word_1_66' title='bbox 675 1392 713 1451; x_wconf 79' lang='grc' dir='ltr'><strong><em>ιι,</em></strong></span> <span class='ocrx_word' id='word_1_67' title='bbox 732 1392 747 1451; x_wconf 70' lang='lat' dir='ltr'>s</span> <span class='ocrx_word' id='word_1_68' title='bbox 767 1389 813 1449; x_wconf 71' lang='grc' dir='ltr'><strong><em>ιι)</em></strong></span> 
     </span>
    </p>

    <p class='ocr_par' dir='ltr' id='par_1_5' title="bbox 206 1462 1151 1729">
     <span class='ocr_line' id='line_1_12' title="bbox 206 1462 359 1532; baseline 0 -15"><span class='ocrx_word' id='word_1_69' title='bbox 206 1462 286 1532; x_wconf 80' lang='grc' dir='ltr'><strong><em>μέχρι</em></strong></span> <span class='ocrx_word' id='word_1_70' title='bbox 309 1465 359 1517; x_wconf 78' lang='grc' dir='ltr'><strong><em>τοῦ</em></strong></span> 
     </span>
     <span class='ocr_line' id='line_1_13' title="bbox 259 1536 1151 1628; baseline 0 -21"><span class='ocrx_word' id='word_1_71' title='bbox 259 1539 388 1624; x_wconf 77' lang='grc' dir='ltr'><strong><em>σοφούς</em></strong></span> <span class='ocrx_word' id='word_1_72' title='bbox 401 1538 510 1624; x_wconf 79' lang='grc' dir='ltr'><strong><em>νόμιζε</em></strong></span> <span class='ocrx_word' id='word_1_73' title='bbox 523 1540 567 1628; x_wconf 74' lang='grc' dir='ltr'><strong><em>μὴ</em></strong></span> <span class='ocrx_word' id='word_1_74' title='bbox 582 1537 661 1617; x_wconf 80' lang='grc' dir='ltr'><strong><em>τούς</em></strong></span> <span class='ocrx_word' id='word_1_75' title='bbox 677 1540 754 1625; x_wconf 80' lang='grc' dir='ltr'><strong><em>περὶ</em></strong></span> <span class='ocrx_word' id='word_1_76' title='bbox 773 1544 901 1627; x_wconf 81' lang='grc' dir='ltr'><strong><em>μικρῶν</em></strong></span> <span class='ocrx_word' id='word_1_77' title='bbox 915 1536 1059 1625; x_wconf 75' lang='grc' dir='ltr'><strong><em>ἀκριβῶς</em></strong></span> <span class='ocrx_word' id='word_1_78' title='bbox 1081 1543 1151 1625; x_wconf 86' lang='grc' dir='ltr'><strong><em>έρί-</em></strong></span> 
     </span>
     <span class='ocr_line' id='line_1_14' title="bbox 257 1631 1150 1729; baseline 0.001 -22"><span class='ocrx_word' id='word_1_79' title='bbox 257 1648 373 1723; x_wconf 74' lang='grc' dir='ltr'><strong><em>ζοντας</em></strong></span> <span class='ocrx_word' id='word_1_80' title='bbox 397 1638 483 1707; x_wconf 86' lang='grc' dir='ltr'><strong><em>ἀλλά</em></strong></span> <span class='ocrx_word' id='word_1_81' title='bbox 508 1641 589 1720; x_wconf 81' lang='grc' dir='ltr'><strong><em>τούς</em></strong></span> <span class='ocrx_word' id='word_1_82' title='bbox 614 1631 654 1709; x_wconf 76' lang='grc' dir='ltr'><strong><em>εὖ</em></strong></span> <span class='ocrx_word' id='word_1_83' title='bbox 673 1642 751 1729; x_wconf 81' lang='grc' dir='ltr'><strong><em>περὶ</em></strong></span> <span class='ocrx_word' id='word_1_84' title='bbox 769 1645 839 1707; x_wconf 87' lang='grc' dir='ltr'><strong><em>τῶν</em></strong></span> <span class='ocrx_word' id='word_1_85' title='bbox 855 1641 1012 1726; x_wconf 80' lang='grc' dir='ltr'><strong><em>μεγάλων</em></strong></span> <span class='ocrx_word' id='word_1_86' title='bbox 1030 1642 1150 1726; x_wconf 73' lang='grc' dir='ltr'><strong><em>λέγον</em></strong></span> 
     </span>
    </p>
   </div>
   <div class='ocr_carea' id='block_1_5' title="bbox 257 1736 1222 1903">
    <p class='ocr_par' dir='ltr' id='par_1_6' title="bbox 257 1736 1222 1903">
     <span class='ocr_line' id='line_1_15' title="bbox 257 1736 1154 1829; baseline -0.001 -20"><span class='ocrx_word' id='word_1_87' title='bbox 257 1768 327 1821; x_wconf 87' lang='grc' dir='ltr'><strong><em>τας.</em></strong></span> <span class='ocrx_word' id='word_1_88' title='bbox 354 1746 422 1827; x_wconf 89' lang='grc' dir='ltr'><strong><em>χρῶ</em></strong></span> <span class='ocrx_word' id='word_1_89' title='bbox 440 1756 509 1820; x_wconf 87' lang='grc' dir='ltr'><strong><em>τοῖς</em></strong></span> <span class='ocrx_word' id='word_1_90' title='bbox 527 1745 725 1829; x_wconf 75' lang='grc' dir='ltr'><strong><em>εἰρημένοις,</em></strong></span> <span class='ocrx_word' id='word_1_91' title='bbox 744 1736 765 1827; x_wconf 84' lang='grc' dir='ltr'>ἢ</span> <span class='ocrx_word' id='word_1_92' title='bbox 783 1742 865 1828; x_wconf 79' lang='grc' dir='ltr'><strong><em>ζήτει</em></strong></span> <span class='ocrx_word' id='word_1_93' title='bbox 882 1749 1004 1828; x_wconf 88' lang='grc' dir='ltr'><strong><em>βελτίω</em></strong></span> <span class='ocrx_word' id='word_1_94' title='bbox 1021 1741 1154 1810; x_wconf 78' lang='grc' dir='ltr'><strong><em>τούτων</em></strong></span> 
     </span>
     <span class='ocr_line' id='line_1_16' title="bbox 258 1835 1222 1903; baseline -0.003 -16"><span class='ocrx_word' id='word_1_95' title='bbox 258 1837 295 1903; x_wconf 78' lang='grc' dir='ltr'><strong><em>(ρ.</em></strong></span> <span class='ocrx_word' id='word_1_96' title='bbox 314 1839 356 1897; x_wconf 83' lang='grc' dir='ltr'><strong><em>οι,</em></strong></span> <span class='ocrx_word' id='word_1_97' title='bbox 374 1839 390 1898; x_wconf 78' lang='grc' dir='ltr'><strong><em>ς</em></strong></span> <span class='ocrx_word' id='word_1_98' title='bbox 406 1837 462 1902; x_wconf 80' lang='grc' dir='ltr'><strong><em>τι).</em></strong></span> <span class='ocrx_word' id='word_1_99' title='bbox 1167 1835 1222 1884; x_wconf 70' lang='grc' dir='ltr'><strong><em>ιιι.</em></strong></span> 
     </span>
    </p>
   </div>
   <div class='ocr_carea' id='block_1_6' title="bbox 120 1888 1224 3617">
    <p class='ocr_par' dir='ltr' id='par_1_7' title="bbox 165 1888 1224 2905">
     <span class='ocr_line' id='line_1_17' title="bbox 165 1888 1224 1997; baseline 0 -20"><span class='ocrx_word' id='word_1_100' title='bbox 165 1925 199 1975; x_wconf 83' lang='grc'><strong><em>74</em></strong></span> <span class='ocrx_word' id='word_1_101' title='bbox 284 1906 356 1996; x_wconf 71' lang='grc' dir='ltr'><strong><em>(κε’.</em></strong></span> <span class='ocrx_word' id='word_1_102' title='bbox 369 1909 445 1997; x_wconf 62' lang='grc' dir='ltr'><strong><em>*α’.)</em></strong></span> <span class='ocrx_word' id='word_1_103' title='bbox 466 1912 542 1979; x_wconf 88' lang='grc' dir='ltr'><strong><em>Τῶν</em></strong></span> <span class='ocrx_word' id='word_1_104' title='bbox 554 1910 617 1996; x_wconf 73' lang='grc' dir='ltr'><strong><em>μὲν</em></strong></span> <span class='ocrx_word' id='word_1_105' title='bbox 629 1916 748 1978; x_wconf 88' lang='grc' dir='ltr'><strong><em>τοίνυν</em></strong></span> <span class='ocrx_word' id='word_1_106' title='bbox 763 1908 874 1995; x_wconf 91' lang='grc' dir='ltr'><strong><em>λόγων</em></strong></span> <span class='ocrx_word' id='word_1_107' title='bbox 884 1908 956 1988; x_wconf 83' lang='grc' dir='ltr'><strong><em>άλις</em></strong></span> <span class='ocrx_word' id='word_1_108' title='bbox 971 1907 1052 1996; x_wconf 83' lang='grc' dir='ltr'><strong><em>ἡμῖν</em></strong></span> <span class='ocrx_word' id='word_1_109' title='bbox 1069 1888 1224 1991; x_wconf 58' lang='grc' dir='ltr'><strong><em>έστωὲξῖ11</em></strong></span> 
     </span>
     <span class='ocr_line' id='line_1_18' title="bbox 208 2007 1153 2098; baseline -0.001 -20"><span class='ocrx_word' id='word_1_110' title='bbox 208 2007 1153 2098; x_wconf 78' lang='grc' dir='ltr'><strong><em>τῶνάναγιγνωσκομένωνκαὶτηλικοῦτομῆκοςἐχόντων·</em></strong></span> 
     </span>
     <span class='ocr_line' id='line_1_19' title="bbox 209 2111 1152 2199; baseline -0.002 -18"><span class='ocrx_word' id='word_1_111' title='bbox 209 2113 281 2182; x_wconf 80' lang='grc' dir='ltr'><strong><em>ἐπεὶ</em></strong></span> <span class='ocrx_word' id='word_1_112' title='bbox 294 2117 414 2198; x_wconf 80' lang='grc' dir='ltr'><strong><em>μικροῦ</em></strong></span> <span class='ocrx_word' id='word_1_113' title='bbox 430 2138 467 2196; x_wconf 89' lang='grc' dir='ltr'><strong><em>γε</em></strong></span> <span class='ocrx_word' id='word_1_114' title='bbox 480 2115 605 2199; x_wconf 84' lang='grc' dir='ltr'><strong><em>μέρους</em></strong></span> <span class='ocrx_word' id='word_1_115' title='bbox 622 2117 690 2179; x_wconf 91' lang='grc' dir='ltr'><strong><em>τῶν</em></strong></span> <span class='ocrx_word' id='word_1_116' title='bbox 708 2111 811 2180; x_wconf 88' lang='grc' dir='ltr'><strong><em>πάλαι</em></strong></span> <span class='ocrx_word' id='word_1_117' title='bbox 828 2113 1071 2199; x_wconf 80' lang='grc' dir='ltr'><strong><em>γεγραμμένων</em></strong></span> <span class='ocrx_word' id='word_1_118' title='bbox 1090 2111 1152 2179; x_wconf 83' lang='grc' dir='ltr'><strong><em>οὐκ</em></strong></span> 
     </span>
     <span class='ocr_line' id='line_1_20' title="bbox 208 2209 1148 2300; baseline -0.001 -20"><span class='ocrx_word' id='word_1_119' title='bbox 208 2210 251 2280; x_wconf 87' lang='grc' dir='ltr'><strong><em>ἀν</em></strong></span> <span class='ocrx_word' id='word_1_120' title='bbox 268 2211 479 2300; x_wconf 89' lang='grc' dir='ltr'><strong><em>ἀποσχοίμην</em></strong></span> <span class='ocrx_word' id='word_1_121' title='bbox 492 2211 567 2281; x_wconf 88' lang='grc' dir='ltr'><strong><em>ἀλλ’</em></strong></span> <span class='ocrx_word' id='word_1_122' title='bbox 583 2212 708 2299; x_wconf 72' lang='grc' dir='ltr'><strong><em>εἴποιμ’</em></strong></span> <span class='ocrx_word' id='word_1_123' title='bbox 723 2209 777 2299; x_wconf 84' lang='grc' dir='ltr'><strong><em>ἀν,</em></strong></span> <span class='ocrx_word' id='word_1_124' title='bbox 796 2223 831 2280; x_wconf 86' lang='grc' dir='ltr'><strong><em>εῖ</em></strong></span> <span class='ocrx_word' id='word_1_125' title='bbox 840 2219 876 2281; x_wconf 88' lang='grc' dir='ltr'><strong><em>τί</em></strong></span> <span class='ocrx_word' id='word_1_126' title='bbox 886 2240 940 2300; x_wconf 91' lang='grc' dir='ltr'><strong><em>μοι</em></strong></span> <span class='ocrx_word' id='word_1_127' title='bbox 954 2212 1058 2292; x_wconf 84' lang='grc' dir='ltr'><strong><em>δόξειε</em></strong></span> <span class='ocrx_word' id='word_1_128' title='bbox 1071 2215 1148 2296; x_wconf 92' lang='grc' dir='ltr'><strong><em>πρέ-</em></strong></span> 
     </span>
     <span class='ocr_line' id='line_1_21' title="bbox 209 2310 1153 2405; baseline -0.003 -22"><span class='ocrx_word' id='word_1_129' title='bbox 209 2340 275 2383; x_wconf 86' lang='grc' dir='ltr'><strong><em>πον</em></strong></span> <span class='ocrx_word' id='word_1_130' title='bbox 298 2312 452 2404; x_wconf 71' lang='grc' dir='ltr'><strong><em>εἶναιτῷ</em></strong></span> <span class='ocrx_word' id='word_1_131' title='bbox 478 2314 619 2399; x_wconf 85' lang='grc' dir='ltr'><strong><em>παρόντι</em></strong></span> <span class='ocrx_word' id='word_1_132' title='bbox 641 2317 761 2405; x_wconf 74' lang='grc' dir='ltr'><strong><em>καιρῷ·</em></strong></span> <span class='ocrx_word' id='word_1_133' title='bbox 794 2314 850 2381; x_wconf 83' lang='grc' dir='ltr'><strong><em>καλ</em></strong></span> <span class='ocrx_word' id='word_1_134' title='bbox 873 2313 939 2400; x_wconf 84' lang='grc' dir='ltr'><strong><em>γάρ</em></strong></span> <span class='ocrx_word' id='word_1_135' title='bbox 963 2310 1006 2380; x_wconf 86' lang='grc' dir='ltr'><strong><em>ἀν</em></strong></span> <span class='ocrx_word' id='word_1_136' title='bbox 1031 2311 1153 2392; x_wconf 85' lang='grc' dir='ltr'><strong><em>ἀτοπος</em></strong></span> 
     </span>
     <span class='ocr_line' id='line_1_22' title="bbox 209 2412 1153 2503; baseline -0.003 -19"><span class='ocrx_word' id='word_1_137' title='bbox 209 2425 294 2503; x_wconf 86' lang='grc' dir='ltr'><strong><em>είην,</em></strong></span> <span class='ocrx_word' id='word_1_138' title='bbox 308 2421 340 2483; x_wconf 89' lang='grc' dir='ltr'><strong><em>εί</em></strong></span> <span class='ocrx_word' id='word_1_139' title='bbox 351 2413 430 2493; x_wconf 81' lang='grc' dir='ltr'><strong><em>τούς</em></strong></span> <span class='ocrx_word' id='word_1_140' title='bbox 444 2414 568 2495; x_wconf 86' lang='grc' dir='ltr'><strong><em>ἀλλους</em></strong></span> <span class='ocrx_word' id='word_1_141' title='bbox 582 2412 673 2500; x_wconf 85' lang='grc' dir='ltr'><strong><em>ὁρῶν</em></strong></span> <span class='ocrx_word' id='word_1_142' title='bbox 687 2430 758 2493; x_wconf 85' lang='grc' dir='ltr'><strong><em>τοῖς</em></strong></span> <span class='ocrx_word' id='word_1_143' title='bbox 773 2416 862 2501; x_wconf 77' lang='grc' dir='ltr'><strong><em>ἐμοῖς</em></strong></span> <span class='ocrx_word' id='word_1_144' title='bbox 877 2416 1071 2501; x_wconf 84' lang='grc' dir='ltr'><strong><em>χρωμένους</em></strong></span> <span class='ocrx_word' id='word_1_145' title='bbox 1088 2414 1153 2499; x_wconf 79' lang='grc' dir='ltr'><strong><em>έγῶ</em></strong></span> 
     </span>
     <span class='ocr_line' id='line_1_23' title="bbox 209 2510 1151 2603; baseline -0.004 -18"><span class='ocrx_word' id='word_1_146' title='bbox 209 2516 313 2603; x_wconf 86' lang='grc' dir='ltr'><strong><em>μόνος</em></strong></span> <span class='ocrx_word' id='word_1_147' title='bbox 327 2514 514 2603; x_wconf 86' lang='grc' dir='ltr'><strong><em>ἀπεχοίμην</em></strong></span> <span class='ocrx_word' id='word_1_148' title='bbox 527 2519 595 2584; x_wconf 88' lang='grc' dir='ltr'><strong><em>τῶν</em></strong></span> <span class='ocrx_word' id='word_1_149' title='bbox 609 2510 669 2583; x_wconf 80' lang='grc' dir='ltr'><strong><em>ἀπ’</em></strong></span> <span class='ocrx_word' id='word_1_150' title='bbox 688 2518 770 2601; x_wconf 80' lang='grc' dir='ltr'><strong><em>έμον</em></strong></span> <span class='ocrx_word' id='word_1_151' title='bbox 780 2515 945 2603; x_wconf 85' lang='grc' dir='ltr'><strong><em>πρότερον</em></strong></span> <span class='ocrx_word' id='word_1_152' title='bbox 954 2516 1151 2601; x_wconf 79' lang='grc' dir='ltr'><strong><em>εἰρημένων,</em></strong></span> 
     </span>
     <span class='ocr_line' id='line_1_24' title="bbox 209 2614 1154 2704; baseline -0.002 -20"><span class='ocrx_word' id='word_1_153' title='bbox 209 2616 317 2696; x_wconf 75' lang='grc' dir='ltr'><strong><em>ἄλλως</em></strong></span> <span class='ocrx_word' id='word_1_154' title='bbox 342 2619 457 2685; x_wconf 77' lang='grc' dir='ltr'><strong><em>τεκαὶ</em></strong></span> <span class='ocrx_word' id='word_1_155' title='bbox 481 2620 566 2703; x_wconf 85' lang='grc' dir='ltr'><strong><em>νῦν,</em></strong></span> <span class='ocrx_word' id='word_1_156' title='bbox 590 2614 641 2685; x_wconf 79' lang='grc' dir='ltr'><strong><em>ὅτ’</em></strong></span> <span class='ocrx_word' id='word_1_157' title='bbox 667 2614 708 2685; x_wconf 78' lang='grc' dir='ltr'><strong><em>οὐ</em></strong></span> <span class='ocrx_word' id='word_1_158' title='bbox 734 2616 841 2703; x_wconf 90' lang='grc' dir='ltr'><strong><em>μόνον</em></strong></span> <span class='ocrx_word' id='word_1_159' title='bbox 864 2631 995 2704; x_wconf 81' lang='grc' dir='ltr'><strong><em>μικροῖς</em></strong></span> <span class='ocrx_word' id='word_1_160' title='bbox 1019 2617 1154 2702; x_wconf 91' lang='grc' dir='ltr'><strong><em>μέρεσιν</em></strong></span> 
     </span>
     <span class='ocr_line' id='line_1_25' title="bbox 210 2715 1151 2803; baseline -0.003 -18"><span class='ocrx_word' id='word_1_161' title='bbox 210 2717 285 2786; x_wconf 91' lang='grc' dir='ltr'><strong><em>ἀλλ’</em></strong></span> <span class='ocrx_word' id='word_1_162' title='bbox 306 2717 396 2796; x_wconf 83' lang='grc' dir='ltr'><strong><em>ὅλοις</em></strong></span> <span class='ocrx_word' id='word_1_163' title='bbox 421 2722 523 2787; x_wconf 84' lang='grc' dir='ltr'><strong><em>είδεσι</em></strong></span> <span class='ocrx_word' id='word_1_164' title='bbox 547 2716 750 2803; x_wconf 82' lang='grc' dir='ltr'><strong><em>προειλόμην</em></strong></span> <span class='ocrx_word' id='word_1_165' title='bbox 775 2723 919 2803; x_wconf 80' lang='grc' dir='ltr'><strong><em>χρῆσθαι</em></strong></span> <span class='ocrx_word' id='word_1_166' title='bbox 944 2718 1029 2802; x_wconf 84' lang='grc' dir='ltr'><strong><em>πρὸς</em></strong></span> <span class='ocrx_word' id='word_1_167' title='bbox 1054 2715 1151 2803; x_wconf 79' lang='grc' dir='ltr'><strong><em>ὑμᾶς.</em></strong></span> 
     </span>
     <span class='ocr_line' id='line_1_26' title="bbox 210 2811 1153 2905; baseline -0.002 -18"><span class='ocrx_word' id='word_1_168' title='bbox 210 2825 315 2887; x_wconf 81' lang='grc' dir='ltr'><strong><em>ταῦτα</em></strong></span> <span class='ocrx_word' id='word_1_169' title='bbox 332 2818 395 2905; x_wconf 68' lang='grc' dir='ltr'><strong><em>μέν</em></strong></span> <span class='ocrx_word' id='word_1_170' title='bbox 409 2811 487 2904; x_wconf 80' lang='grc' dir='ltr'><strong><em>οὖν,</em></strong></span> <span class='ocrx_word' id='word_1_171' title='bbox 504 2817 594 2897; x_wconf 81' lang='grc' dir='ltr'><strong><em>ὅπως</em></strong></span> <span class='ocrx_word' id='word_1_172' title='bbox 608 2814 649 2885; x_wconf 86' lang='grc' dir='ltr'><strong><em>ἀν</em></strong></span> <span class='ocrx_word' id='word_1_173' title='bbox 662 2816 743 2905; x_wconf 85' lang='grc' dir='ltr'><strong><em>ἡμῖν</em></strong></span> <span class='ocrx_word' id='word_1_174' title='bbox 757 2824 944 2904; x_wconf 88' lang='grc' dir='ltr'><strong><em>συμπίπτη,</em></strong></span> <span class='ocrx_word' id='word_1_175' title='bbox 962 2817 1153 2903; x_wconf 82' lang='grc' dir='ltr'><strong><em>ποιήσομεν.</em></strong></span> 
     </span>
    </p>

    <p class='ocr_par' dir='ltr' id='par_1_8' title="bbox 120 2916 1157 3617">
     <span class='ocr_line' id='line_1_27' title="bbox 120 2916 1154 3007; baseline 0.006 -25"><span class='ocrx_word' id='word_1_176' title='bbox 120 2929 122 2932; x_wconf 83' lang='grc'><strong>’</strong></span> <span class='ocrx_word' id='word_1_177' title='bbox 167 2934 202 2983; x_wconf 78' lang='grc' dir='ltr'><strong><em>ἰο</em></strong></span> <span class='ocrx_word' id='word_1_178' title='bbox 288 2918 397 2989; x_wconf 81' lang='grc' dir='ltr'><strong><em>Εἶπον</em></strong></span> <span class='ocrx_word' id='word_1_179' title='bbox 415 2921 456 2987; x_wconf 84' lang='grc' dir='ltr'><strong><em>δέ</em></strong></span> <span class='ocrx_word' id='word_1_180' title='bbox 470 2945 537 2988; x_wconf 87' lang='grc' dir='ltr'><strong><em>που</em></strong></span> <span class='ocrx_word' id='word_1_181' title='bbox 556 2921 639 3007; x_wconf 78' lang='grc' dir='ltr'><strong><em>πρὶν</em></strong></span> <span class='ocrx_word' id='word_1_182' title='bbox 656 2916 969 3005; x_wconf 74' lang='grc' dir='ltr'><strong><em>ἀναγιγνώσκεσθαι</em></strong></span> <span class='ocrx_word' id='word_1_183' title='bbox 998 2918 1154 3005; x_wconf 82' lang='grc' dir='ltr'><strong><em>τούτους,</em></strong></span> 
     </span>
     <span class='ocr_line' id='line_1_28' title="bbox 211 3016 1153 3107; baseline -0.004 -18"><span class='ocrx_word' id='word_1_184' title='bbox 211 3019 255 3100; x_wconf 81' lang='grc' dir='ltr'><strong><em>ῶς</em></strong></span> <span class='ocrx_word' id='word_1_185' title='bbox 274 3018 403 3107; x_wconf 85' lang='grc' dir='ltr'><strong><em>ἀξιοίην</em></strong></span> <span class='ocrx_word' id='word_1_186' title='bbox 421 3016 462 3089; x_wconf 82' lang='grc' dir='ltr'><strong><em>οά</em></strong></span> <span class='ocrx_word' id='word_1_187' title='bbox 481 3020 599 3107; x_wconf 92' lang='grc' dir='ltr'><strong><em>μόνον,</em></strong></span> <span class='ocrx_word' id='word_1_188' title='bbox 618 3028 651 3089; x_wconf 84' lang='grc' dir='ltr'><strong><em>εί</em></strong></span> <span class='ocrx_word' id='word_1_189' title='bbox 666 3026 843 3107; x_wconf 82' lang='grc' dir='ltr'><strong><em>βλαβεροῖς</em></strong></span> <span class='ocrx_word' id='word_1_190' title='bbox 860 3022 989 3106; x_wconf 85' lang='grc' dir='ltr'><strong><em>χρῶμαι</em></strong></span> <span class='ocrx_word' id='word_1_191' title='bbox 1005 3034 1076 3097; x_wconf 89' lang='grc' dir='ltr'><strong><em>τοῖς</em></strong></span> <span class='ocrx_word' id='word_1_192' title='bbox 1095 3017 1153 3085; x_wconf 88' lang='grc' dir='ltr'><strong><em>λό-</em></strong></span> 
     </span>
     <span class='ocr_line' id='line_1_29' title="bbox 209 3118 1154 3210; baseline -0.003 -21"><span class='ocrx_word' id='word_1_193' title='bbox 209 3149 297 3210; x_wconf 88' lang='grc' dir='ltr'><strong><em>γοις,</em></strong></span> <span class='ocrx_word' id='word_1_194' title='bbox 329 3126 451 3191; x_wconf 79' lang='grc' dir='ltr'><strong><em>δοῦναι</em></strong></span> <span class='ocrx_word' id='word_1_195' title='bbox 480 3128 579 3210; x_wconf 90' lang='grc' dir='ltr'><strong><em>δίκην</em></strong></span> <span class='ocrx_word' id='word_1_196' title='bbox 609 3120 712 3208; x_wconf 74' lang='grc' dir='ltr'><strong><em>ὑμῖν,</em></strong></span> <span class='ocrx_word' id='word_1_197' title='bbox 743 3118 822 3189; x_wconf 91' lang='grc' dir='ltr'><strong><em>ἀλλ’</em></strong></span> <span class='ocrx_word' id='word_1_198' title='bbox 855 3127 887 3189; x_wconf 87' lang='grc' dir='ltr'><strong><em>εί</em></strong></span> <span class='ocrx_word' id='word_1_199' title='bbox 911 3119 956 3207; x_wconf 82' lang='grc' dir='ltr'><strong><em>μὴ</em></strong></span> <span class='ocrx_word' id='word_1_200' title='bbox 982 3119 1154 3203; x_wconf 78' lang='grc' dir='ltr'><strong><em>τοιούτοις,</em></strong></span> 
     </span>
     <span class='ocr_line' id='line_1_30' title="bbox 210 3220 1153 3309; baseline -0.002 -18"><span class='ocrx_word' id='word_1_201' title='bbox 210 3227 294 3302; x_wconf 79' lang='grc' dir='ltr'><strong><em>οἵοις</em></strong></span> <span class='ocrx_word' id='word_1_202' title='bbox 312 3221 426 3301; x_wconf 75' lang='grc' dir='ltr'><strong><em>οὐδεὶς</em></strong></span> <span class='ocrx_word' id='word_1_203' title='bbox 443 3220 563 3309; x_wconf 85' lang='grc' dir='ltr'><strong><em>ἀλλος,</em></strong></span> <span class='ocrx_word' id='word_1_204' title='bbox 588 3225 645 3309; x_wconf 80' lang='grc' dir='ltr'><strong><em>τῆς</em></strong></span> <span class='ocrx_word' id='word_1_205' title='bbox 669 3229 825 3309; x_wconf 87' lang='grc' dir='ltr'><strong><em>μεγίστης</em></strong></span> <span class='ocrx_word' id='word_1_206' title='bbox 849 3237 964 3306; x_wconf 81' lang='grc' dir='ltr'><strong><em>τυχεῖν</em></strong></span> <span class='ocrx_word' id='word_1_207' title='bbox 985 3227 1153 3308; x_wconf 83' lang='grc' dir='ltr'><strong><em>τιμωρίας.</em></strong></span> 
     </span>
     <span class='ocr_line' id='line_1_31' title="bbox 211 3315 1156 3411; baseline -0.004 -19"><span class='ocrx_word' id='word_1_208' title='bbox 211 3334 246 3392; x_wconf 87' lang='grc' dir='ltr'><strong><em>εί</em></strong></span> <span class='ocrx_word' id='word_1_209' title='bbox 264 3351 351 3404; x_wconf 89' lang='grc' dir='ltr'><strong><em>τινες</em></strong></span> <span class='ocrx_word' id='word_1_210' title='bbox 374 3315 439 3392; x_wconf 78' lang='grc' dir='ltr'><strong><em>οὖν</em></strong></span> <span class='ocrx_word' id='word_1_211' title='bbox 463 3322 560 3411; x_wconf 78' lang='grc' dir='ltr'><strong><em>ἀμῶν</em></strong></span> <span class='ocrx_word' id='word_1_212' title='bbox 583 3320 755 3409; x_wconf 76' lang='grc' dir='ltr'><strong><em>ὑπέλαβον</em></strong></span> <span class='ocrx_word' id='word_1_213' title='bbox 773 3322 848 3391; x_wconf 87' lang='grc' dir='ltr'><strong><em>τότε</em></strong></span> <span class='ocrx_word' id='word_1_214' title='bbox 865 3330 942 3391; x_wconf 88' lang='grc' dir='ltr'><strong><em>λίαν</em></strong></span> <span class='ocrx_word' id='word_1_215' title='bbox 961 3318 1156 3404; x_wconf 75' lang='grc' dir='ltr'><strong><em>ἀλαζονικὸν</em></strong></span> 
     </span>
     <span class='ocr_line' id='line_1_32' title="bbox 210 3419 1155 3514; baseline -0.003 -22"><span class='ocrx_word' id='word_1_216' title='bbox 210 3424 298 3493; x_wconf 82' lang='grc' dir='ltr'><strong><em>εἶναι</em></strong></span> <span class='ocrx_word' id='word_1_217' title='bbox 316 3424 372 3493; x_wconf 78' lang='grc' dir='ltr'><strong><em>καὶ</em></strong></span> <span class='ocrx_word' id='word_1_218' title='bbox 389 3426 474 3510; x_wconf 90' lang='grc' dir='ltr'><strong><em>μέγα</em></strong></span> <span class='ocrx_word' id='word_1_219' title='bbox 492 3426 529 3493; x_wconf 85' lang='grc' dir='ltr'><strong><em>τὸ</em></strong></span> <span class='ocrx_word' id='word_1_220' title='bbox 555 3423 679 3514; x_wconf 70' lang='grc' dir='ltr'><strong><em>ῥηθὲν,</em></strong></span> <span class='ocrx_word' id='word_1_221' title='bbox 704 3420 768 3491; x_wconf 79' lang='grc' dir='ltr'><strong><em>οὐκ</em></strong></span> <span class='ocrx_word' id='word_1_222' title='bbox 791 3419 835 3491; x_wconf 89' lang='grc' dir='ltr'><strong><em>ἀν</em></strong></span> <span class='ocrx_word' id='word_1_223' title='bbox 860 3427 996 3501; x_wconf 87' lang='grc' dir='ltr'><strong><em>δικαίως</em></strong></span> <span class='ocrx_word' id='word_1_224' title='bbox 1022 3428 1069 3492; x_wconf 78' lang='grc' dir='ltr'><strong><em>ἔτι</em></strong></span> <span class='ocrx_word' id='word_1_225' title='bbox 1091 3422 1155 3507; x_wconf 81' lang='grc' dir='ltr'><strong><em>την</em></strong></span> 
     </span>
     <span class='ocr_line' id='line_1_33' title="bbox 210 3522 1157 3617; baseline -0.002 -24"><span class='ocrx_word' id='word_1_226' title='bbox 210 3524 349 3614; x_wconf 87' lang='grc' dir='ltr'><strong><em>γνῶμην</em></strong></span> <span class='ocrx_word' id='word_1_227' title='bbox 372 3524 499 3617; x_wconf 78' lang='grc' dir='ltr'><strong><em>ταύτην</em></strong></span> <span class='ocrx_word' id='word_1_228' title='bbox 524 3531 649 3612; x_wconf 72' lang='grc' dir='ltr'><strong><em>ἔχοιεν·</em></strong></span> <span class='ocrx_word' id='word_1_229' title='bbox 686 3522 778 3613; x_wconf 82' lang='grc' dir='ltr'><strong><em>οἶμαι</em></strong></span> <span class='ocrx_word' id='word_1_230' title='bbox 807 3522 874 3612; x_wconf 82' lang='grc' dir='ltr'><strong><em>γάρ</em></strong></span> <span class='ocrx_word' id='word_1_231' title='bbox 904 3522 1157 3592; x_wconf 76' lang='grc' dir='ltr'><strong><em>ἀποδεδωκέναι</em></strong></span> 
     </span>
    </p>
   </div>
   <div class='ocr_carea' id='block_1_7' title="bbox 0 0 1440 4334">
    <p class='ocr_par' dir='ltr' id='par_1_9' title="bbox 0 0 1440 4334">
     <span class='ocr_line' id='line_1_34' title="bbox 0 0 1440 4334; baseline 0 0"><span class='ocrx_word' id='word_1_232' title='bbox 0 0 1440 4334; x_wconf 95' lang='lat' dir='ltr'><strong><em> </em></strong></span> 
     </span>
    </p>
   </div>
  </div>
 </body>
</html>
