2859 4334
363 394 483 449 ΚΑΤΑ
507 392 607 450 ΤΩΝ
629 390 902 449 ΣΟΦῙΣΤΩΝ.
1065 385 1107 449 83

121 566 143 619 9
242 552 310 637 (ε’.)
327 550 379 619 Ού
393 552 501 634 μόνον
514 555 549 617 δὲ
564 551 693 628 τούτοις
708 548 791 617 ἀλλά
808 552 859 616 καί
875 563 943 627 τοῖς
953 546 1032 625 τούς
1045 571 1107 614 πο-

155 646 303 725 λιτικούς
329 648 449 733 λόγους
475 648 753 734 ὑπισχνουμένοις
778 646 871 727 ἀξιον
899 650 1104 730 ἐπιτιμῆσαι·

157 746 289 831 καὶγὰρ
304 750 423 815 ἐκεῖνοι
437 757 494 835 της
504 748 566 833 μὲν
577 745 736 831 ἀληθείας
747 746 847 813 οὐδὲν
859 752 1106 831 φροντίζουσιν,

158 844 317 931 ἡγοῦνται
333 845 369 912 δὲ
383 844 475 913 τοῦτ’
493 845 575 913 εἶναι
590 843 652 931 τὴν
667 850 801 931 τέχνην,
818 842 862 931 ἢν
878 843 922 923 ῶς
936 854 1110 922 πλείστους

155 953 195 1030 τη
215 943 387 1028 μικρότητι
408 952 476 1011 τῶν
496 952 631 1029 μισθῶν
645 948 697 1011 καὶ
712 952 758 1035 τῷ
775 948 909 1029 μεγέθει
924 952 991 1009 τῶν
1007 946 1108 1028 ἐπαγ-

154 1043 330 1127 γελμάτων
351 1044 628 1130 προσαγάγωνται
650 1047 703 1110 καὶ
725 1051 840 1129 λαβεῖν
855 1072 884 1111 τι
901 1041 979 1124 παρ’
998 1039 1110 1107 αὐτῶν

155 1147 370 1224 δυνηθῶσιν·
391 1141 478 1209 ούτω
493 1140 524 1209 δ’
540 1142 753 1227 ἀναισθήτως
769 1142 866 1208 αύτοί
877 1168 911 1208 τε
927 1142 1108 1208 διάκεινται
1122 1166 1136 1199 ε

154 1244 210 1307 καὶ
225 1239 304 1319 τούς
317 1238 440 1319 ἄλλους
453 1249 538 1328 ἔχειν
551 1241 787 1329 ὑπειλήφασιν,
803 1238 885 1307 ὥστε
901 1254 1011 1325 χεῖρον
1027 1240 1109 1323 γρά·

155 1366 278 1423 φοντες
292 1338 371 1417 τούς
385 1341 507 1425 λόγους
520 1337 541 1425 ἦ
556 1348 624 1406 τῶν
637 1346 778 1408 ἰδιωτῶν
793 1340 879 1415 τινὲς
895 1337 1109 1424 αὐτοσχεδιά-

156 1446 287 1519 ζουσιν,
313 1438 402 1523 ὅμως
421 1438 661 1525 ὑπισχνοῦνται
679 1439 851 1515 τοιούτους
871 1441 1013 1525 ῥήτορας
1033 1446 1111 1512 τους

155 1537 324 1616 συνόντας
344 1541 496 1623 ποιήσειν
518 1538 601 1605 ῶστε
622 1539 727 1623 μηδὲν
748 1546 815 1604 τῶν
830 1538 976 1605 ἐνόντων
993 1541 1029 1603 έν
1045 1548 1112 1610 τοῖς

109 1648 141 1696 10
157 1636 330 1720 πράγμασι
352 1647 559 1720 παραλιπεῖν.
582 1640 637 1704 καὶ
654 1638 776 1723 ταύτης
791 1646 847 1722 της
864 1640 1037 1721 δυνάμεως
1053 1630 1112 1699 σύ-
1129 1650 1178 1704 αλλ

155 1739 215 1803 δὲν
231 1734 307 1801 οὔτε
321 1750 391 1813 ταῖς
406 1740 588 1821 ἐμπειρίαις
604 1737 682 1804 ούτε
696 1745 736 1822 τη
751 1736 851 1821 φύσει
867 1744 906 1823 τη
921 1742 981 1802 τού
998 1743 1111 1819 μαθη-

154 1843 218 1902 τού
233 1836 478 1921 μεταδιδόασιν,
491 1836 575 1903 ἀλλά
597 1858 702 1920 φασιν
716 1835 838 1920 ὁμοίως
849 1835 911 1922 την
922 1842 989 1900 τῶν
1002 1833 1112 1917 λόγων

156 1934 341 2019 ἐπιστήμην
363 1931 474 2016 οἵσπερ
494 1934 556 2020 τὴν
576 1943 645 2001 τῶν
665 1936 868 2020 γραμμάτων
889 1932 1111 2017 παραδώσειν,

157 2030 203 2110 ῶς
217 2034 278 2118 μὲν
294 2038 358 2116 ἔχει
372 2033 503 2099 τούτων
515 2034 672 2116 ἑκάτερον
684 2032 746 2100 ούκ
758 2034 983 2115 ἐξετάσαντες,
1001 2032 1111 2114 οίόμε-

156 2159 212 2199 νοι
225 2134 261 2198 δὲ
273 2129 327 2198 διδ
342 2130 401 2210 τὰς
416 2130 605 2217 ὑπερβολάς
618 2141 686 2201 τῶν
701 2135 958 2219 ἐπαγγελμάτων
972 2127 1069 2197 αύτοί
1077 2155 1110 2195 τε

157 2232 468 2315 θαυμασθησεσθαι
488 2236 542 2298 καὶ
564 2231 626 2317 τὴν
646 2239 822 2300 παίδευσιν
839 2231 900 2317 την
917 2238 984 2297 τῶν
1002 2230 1111 2313 λόγων

158 2334 313 2405 πλείονος
328 2326 423 2406 ἀξίαν
438 2332 548 2407 δόξειν
570 2329 672 2413 εῖναι,
696 2339 806 2406 κακῶς
822 2330 959 2411 εἰδότες,
982 2326 1032 2393 ότι
1054 2352 1112 2409 με·

159 2429 264 2512 γάλας
277 2436 411 2494 ποιοῦσι
426 2426 484 2505 τας
495 2432 608 2512 τέχνας
620 2427 679 2513 ούχ
691 2433 725 2493 ολ
737 2436 921 2512 τολμῶντες
932 2423 1108 2503 ἀλαζονεύ-

160 2535 260 2593 εσθαι
276 2530 350 2611 περῖ
367 2524 497 2607 αὐτῶν,
516 2524 589 2593 ἀλλ’
607 2530 727 2603 οἵτινες
748 2522 806 2607 ἀν,
831 2524 913 2591 ὅσον
934 2530 1061 2592 ἔνεστιν
1079 2550 1112 2583 ειν

159 2624 296 2711 ἑκάστη,
315 2623 404 2690 τοῦτ’
423 2629 569 2708 ἐξευρεῖν
586 2632 791 2712 δυνηθῶσιν.

113 2733 138 2782 ΙΙ
245 2722 313 2808 (ς’.)
335 2721 416 2808 Ἐγῶ
433 2729 468 2791 δὲ
486 2723 550 2808 πρὸ
568 2734 702 2794 πολλῶν
716 2728 778 2809 μὲν
796 2722 838 2791 ἀν
854 2726 1030 2810 χρημάτων
1048 2727 1113 2789 ἑτι-

157 2821 317 2906 μησάμην
332 2831 527 2906 τηλικούτου
539 2827 708 2892 δύνασθαι
724 2824 784 2908 την
800 2834 1014 2908 φιλοσοφίαν,
1031 2821 1113 2890 ὅσον

158 2913 254 2987 ούτοι
268 2929 435 3006 λέγουσιν,
450 2933 529 2998 ίσως
540 2922 604 3007 γάρ
620 2922 683 2990 οὐκ
698 2920 741 2988 ἀν
755 2922 847 3008 ἡμεῖς
862 2931 1016 2989 πλεῖστον
1032 2918 1113 2987 ἀπε-

159 3027 365 3103 λείφθημεν,
393 3017 469 3086 οὐδ’
492 3017 536 3087 ἀν
559 3024 731 3107 ἐλάχιστον
756 3025 854 3107 μέρος
878 3020 1113 3105 ἀπελαύσαμεν

158 3117 276 3204 αὐτῆς·
300 3117 412 3205 ἐπειδὴ
428 3118 460 3186 δ’
475 3118 535 3205 ούχ
551 3120 657 3200 οὕτως
672 3129 755 3206 ἕχει,
771 3127 954 3207 βουλοίμην
967 3116 1010 3185 ἀν
1025 3117 1110 3185 παύ-

159 3227 286 3285 σασθαι
305 3220 385 3295 τούς
405 3228 656 3304 φλυαροῦντας·
679 3218 748 3302 δρῶ
771 3220 834 3305 γάρ
854 3218 895 3284 ού
910 3220 1018 3304 μόνον
1039 3219 1113 3299 περὶ

161 3318 238 3395 τούς
249 3320 535 3403 ἐξαμαρτάνοντας
544 3318 603 3396 τάς
611 3326 823 3405 βλασφημίας
841 3322 1039 3404 γιγνομένας
1057 3314 1142 3383 ἀλ-ο

159 3419 199 3485 λά
217 3420 272 3486 καὶ
286 3417 366 3497 τούς
380 3417 503 3495 ἀλλους
516 3419 665 3496 ἅπαντας
677 3420 1025 3505 συνδιαβαλλομένονς
1036 3413 1115 3492 τούς

160 3520 236 3603 περὶ
250 3516 312 3604 τὴν
327 3516 435 3604 αύτην
450 3518 624 3606 διατριβὴν
640 3517 747 3594 ὄντας.

116 3633 144 3682 12
249 3618 313 3700 (ζ’.)
329 3619 493 3699 (θαυμάζω
507 3616 536 3681 δ’
552 3616 633 3682 ὅταν
644 3622 705 3683 ίδω
717 3616 857 3691 τούτους
869 3619 1030 3697 μαθητῶν
1044 3612 1112 3689 ἀξι-

934 3709 975 3763 6.
