2859 4334
442 369 868 432 ΙΙΑΝΑΘΗΝΑΙΚΟΣ.
1086 366 1129 431 28

178 532 292 599 πολλοὶ
306 536 446 617 μετρίως
461 532 668 617 ἐπαινοῦσιν,
684 534 770 600 ἐνιοι
783 532 825 600 δί
833 557 923 613 τινες
936 531 1049 616 ῦσπερ
1061 540 1158 601 with

179 629 327 717 ἡμιθέων
341 633 411 700 ἐκεῖ
421 632 711 717 πεπολιτευμίνυν
726 632 908 717 μέμνηνται
918 633 995 716 περὶ
1003 628 1128 718 αῦτῦν,

177 729 399 817 φανησόμεθα
411 732 467 798 καλ
481 734 522 819 τῇ
535 726 677 814 δυνάμει
691 732 746 797 καί
759 743 829 808 ταίς
843 731 981 815 πράξεσι
993 733 1048 799 καὶ
1059 743 1130 810 ταῖς

177 827 378 915 εὐεργεσίαις
395 840 466 905 ταῖς
483 827 558 911 περὶ
571 822 820 911 τοῦςἝλληνας
836 830 938 895 πλέον
954 825 1128 898 άπολελον

176 928 272 1006 πότες
287 923 411 1006 αὐτοῦς
423 920 446 1013 ἢ
458 923 576 994 ’κεῖνοι
592 926 670 1003 τοῦς
685 922 815 1004 ἄλλους.

128 1027 161 1081 ἐῖ
259 1024 339 1112 (ιε’.)
363 1022 450 1103 Τοῦς
466 1026 528 1110 μὲν
546 1014 611 1090 οῦν
625 1021 788 1102 παλαιοῦς
804 1020 936 1109 άγῦνας
949 1021 1028 1103 τοῦς
1042 1021 1127 1108 ῦπέρ

175 1133 241 1193 τεόν
249 1124 418 1211 Ἑλλήνων
432 1122 675 1209 γεγενημένους
688 1120 833 1207 ῦστερον
846 1126 998 1211 ἐροῦμεν,
1014 1124 1128 1192 νῦνδέ

175 1225 353 1310 ποιήσομαι
364 1224 440 1306 περὶ
452 1224 589 1289 ἐκείνων
600 1217 679 1299 τοῦς
689 1219 813 1306 λόγους
823 1219 1022 1306 ἀρξάμενος,
1037 1226 1127 1291 ἐπει-

176 1322 215 1411 δή
224 1325 384 1407 κατέσχον
392 1319 450 1399 τὰς
459 1322 571 1398 πόλεις
579 1316 803 1405 τὰςἈχαιίδας
809 1318 1150 1407 καὶπρὸςἈργείουςς

174 1423 228 1491 καὶ
243 1426 457 1507 Μεσσηνίους
475 1424 636 1487 διείλοντο
656 1418 717 1505 τήν
734 1419 862 1504 χώραν·
884 1422 1045 1489 ἐντεῦθεν
1060 1417 1125 1505 γάρ

172 1519 333 1605 προσήκει
348 1521 562 1603 διαλέγεσθαι
573 1518 648 1603 περὶ
659 1514 781 1585 αῦτῦν.
805 1522 839 1587 οί
847 1519 909 1604 μὲν
919 1525 1036 1587 τοίνυν
1045 1516 1125 1605 ήμί·

171 1648 261 1705 τεροι
275 1620 437 1705 πρόγονοι
452 1617 659 1703 φανήσονται
669 1617 733 1703 τήν
743 1644 778 1684 τε
789 1614 874 1700 πρός
883 1614 1126 1703 τοῦςἝλληνας

171 1717 336 1804 ὁμόνοιαν
350 1718 404 1783 καὶ
425 1713 487 1803 τήν
508 1712 592 1799 πρός
607 1712 685 1793 τοῦς
704 1715 898 1801 βαρβάρους
919 1720 1059 1800 ἔχθραν,
1082 1712 1124 1801 ἣν

170 1820 360 1904 παρέλαβον
374 1818 411 1882 ἐκ
424 1822 491 1882 τῦυ
509 1820 684 1900 Τρωικόν,
703 1814 981 1899 διαφυλάττοντες
996 1818 1051 1884 καὶ
1065 1820 1124 1902 μί-

117 1934 154 1986 43
169 1941 287 1993 νοντες
301 1917 338 1982 ἐν
351 1928 420 1991 τοῖς
434 1910 555 1992 αὐτοῖς.
579 1913 657 1993 (ις’.)
678 1915 742 1981 Καὶ
755 1922 890 1998 πρῶτον
903 1916 966 2000 μὲν
979 1912 1037 1993 τάς
1050 1921 1124 1983 Κυ-

169 2015 295 2091 κλάδας
306 2011 446 2099 νήσους,
462 2015 537 2096 περὶ
550 2010 589 2090 δὶς
603 2014 757 2098 ἐγένοντο
772 2016 890 2081 πολλαὶ
905 2027 1122 2099 πραγματεῖαι

168 2110 253 2182 κατὰ
264 2108 327 2196 τήν
338 2118 439 2179 Μίνω
450 2118 511 2179 τοῦ
523 2109 652 2196 Κρητὸς
663 2116 873 2199 δυναστείαν,
888 2114 1010 2192 ταύτας
1020 2111 1057 2183 τό
1069 2140 1124 2181 τε·

168 2221 324 2282 λευταλον
342 2209 407 2279 ὑπὸ
425 2219 549 2297 Καρῦυ
570 2215 805 2297 κατεχομένας,
826 2213 1022 2300 ἐκβαλόντες
1036 2216 1150 2281 ἐκεί-δ

168 2337 251 2390 νονς
270 2308 334 2377 οῦκ
355 2312 590 2391 ἐξιδιώσασθαι
605 2309 663 2390 τὰς
682 2313 791 2396 χώρας
811 2313 1013 2399 ἐτόλμησαν,
1038 2309 1123 2381 άλλά

167 2409 247 2489 τοῦς
257 2411 398 2495 μάλιστα
407 2418 485 2498 βίου
494 2408 737 2496 τῶνἙλλήνων
747 2414 926 2490 δεομένους
934 2411 1123 2495 κατῴκισαν

114 2527 152 2578 44
169 2516 215 2588 εἰς
230 2508 348 2589 αὐτός’
368 2512 423 2578 καὶ
435 2508 517 2596 μετά
532 2517 635 2577 ταῦτα
651 2509 774 2587 πολλάς
787 2513 899 2587 πόλεις
907 2508 955 2593 ἐφ’
966 2508 1122 2595 ἑκατέρας

165 2608 227 2691 τής
249 2606 392 2692 ἠπείρου
409 2613 465 2678 καὶ
479 2611 625 2696 μεγάλας
639 2616 782 2678 ἔκτισαν.
801 2609 947 2690 καὶτοὺς
960 2614 1022 2696 μὲν
1036 2617 1122 2696 βαρ-

164 2709 295 2796 βάρους
305 2706 498 2777 άνέστειλαν
509 2707 574 2776 άπὸ
587 2718 645 2795 τής
654 2703 833 2796 θαλάττης,
841 2708 919 2788 τοῦς
926 2707 957 2776 δ’
972 2717 1123 2795 Ελληνας

164 2810 330 2893 ἐδίδαξαν,
348 2806 389 2875 δν
403 2808 529 2892 τρόπον
544 2813 751 2887 διοικοῦντες
763 2807 821 2887 τὰς
835 2808 948 2876 αὑτῶν
962 2814 1122 2894 πατρίδας

163 2909 220 2975 καὶ
243 2903 326 2989 πρός
348 2902 407 2986 οῦς
428 2915 651 2992 πολεμοῦντες
670 2910 819 2995 μεγάλην
839 2907 884 2976 δυ
905 2908 966 2995 τήν
982 2906 1123 2978 Ἑλλάδα

109 3021 147 3075 45
162 3008 347 3092 ποιήσειαν.
377 3006 634 3092 Λακεδαιμόνιοι
650 3006 687 3076 δὲ
704 3011 778 3093 περὶ
792 3008 852 3075 τὸν
873 3005 977 3077 αῦτόν
995 3008 1146 3095 χρόνονο

160 3113 326 3173 τοσοῦτον
334 3102 478 3191 ἀπέσχον
489 3113 550 3173 τοῦ
560 3107 718 3192 πράττειν
726 3133 758 3173 τι
768 3114 836 3174 τῶν
846 3105 958 3174 αὐτῶν
966 3121 1035 3185 τοῖς
1043 3103 1121 3194 ἡμε-

159 3206 332 3288 τέροιςκαὶ
339 3211 401 3271 τοῦ
411 3219 479 3282 τοῖς
485 3206 548 3290 μὲν
553 3207 738 3293 βαρβάροις
747 3202 1000 3292 πολεμείν,τοῦς
1011 3200 1119 3273 ffl-

159 3309 267 3388 ληνας
281 3298 474 3388 εὐεργετεῖν,
493 3301 572 3370 ὥστ’
584 3301 658 3371 οὐδ’
672 3302 816 3390 ήσυχίαν
829 3302 924 3388 ῦγειυ
938 3302 1119 3389 ήθέλησαυ,

159 3398 237 3469 ἄλλ’
255 3405 385 3486 ἔχοντες
409 3402 510 3469 πόλιν
534 3400 713 3485 άλλοτρίαν
738 3404 793 3470 καὶ
816 3403 930 3489 χώραν
951 3398 993 3468 οῦ
1012 3402 1120 3487 μόνον

161 3497 295 3586 ίκανήν,
311 3497 385 3567 ἀλλ’
398 3497 483 3586 ὅσην
496 3498 633 3585 οὐδεμία
647 3500 744 3580 πόλις
756 3496 1045 3586 τῦνἘλληνίδοεν,
1058 3497 1122 3569 οῦκ
1138 3513 1188 3567 ²42

103 3612 141 3665 46
159 3603 320 3682 ἔστερξαν
337 3600 389 3666 ἐπὶ
409 3597 556 3681 τούτοις,
580 3597 663 3669 άλλά
686 3599 854 3679 μαθόντες
874 3601 907 3679 ἐξ
927 3597 1122 3678 αὐτῶντῶν
