2859 4334
275 371 315 437 ιε
561 339 948 453 ιεοίιελνοοερ)

273 546 471 636 ἀπασαιγάρ
484 552 524 617 πί
529 549 737 634 πανηγύρεις
749 546 854 618 ούθέν
859 548 960 637 μέρος
968 549 1241 620 τιθέασιτούτων

272 652 341 719 τῶν
359 647 488 735 ἀθλων,
506 650 584 737 περὶ
599 640 648 717 ῶν
660 647 759 737 ύμείς
775 646 857 718 καθ’
874 647 1016 736 ἑκάστην
1029 648 1240 737 ἀγωνίζεσθε

272 752 335 840 τήν
351 748 490 838 ήμέραν.
523 741 596 843 (β’.)
614 742 677 819 ‘m
696 749 956 838 ἐνθυμούμενον
972 750 1036 839 χρή
1059 753 1240 839 προσέχειν

271 852 332 922 τόν
348 854 448 940 νοῶν,
466 846 558 930 ὅπως
571 849 717 940 ὅσονπερ
730 865 805 932 ταῖς
817 866 929 940 τιμαῖς
940 855 1011 920 τῶν
1024 850 1136 921 ἀλλων
1149 877 1237 941 προ-

223 965 255 1014 12
274 953 368 1041 ἐχεις,
385 955 549 1022 τοσοῦτον
562 955 619 1022 καὶ
639 966 713 1032 ταῖς
726 950 862 1042 ἀρεταῖς
876 951 991 1022 αύτῶν
1004 957 1148 1034 διοίσεις.
1176 953 1239 1023 καλ
1259 969 1281 1019 ιι

272 1054 317 1143 μή
326 1053 437 1141 νόμιζε
449 1053 511 1141 τήν
525 1055 713 1143 ἐπιμέλειαν
729 1056 767 1123 ἐν
779 1053 841 1142 μέν
853 1068 925 1134 τοῖς
938 1051 1052 1134 ἀλλοις
1064 1053 1243 1143 πράγμασι

272 1161 437 1244 χρησίμην
455 1151 552 1242 εόναι,
571 1157 655 1244 πρὸς
669 1154 708 1223 δέ
724 1154 762 1223 τό
775 1162 930 1242 βελτίους
942 1154 1030 1243 ήμάς
1043 1156 1099 1225 καὶ
1114 1182 1240 1243 φρονι-

271 1255 443 1346 μωτέρονς
460 1261 640 1342 γίγνεσθαι
660 1261 829 1344 μηδεμίαν
852 1256 999 1343 δύναμιν
1022 1261 1124 1345 ἐχειν·
1150 1257 1242 1344 μηδὲ

272 1359 448 1450 καταγνῶς
465 1360 536 1426 τῶν
553 1355 748 1447 ἀνθρῶπων
771 1356 941 1444 τοσαύτην
958 1362 1165 1446 θνστνχίαν,
1190 1356 1240 1438 ῶς

273 1458 351 1544 περὶ
363 1457 427 1547 μεν
443 1457 485 1528 τά
498 1465 605 1548 θηρία
618 1459 738 1547 τέχνας
753 1457 952 1548 εὑρήκαμεν,
971 1453 1025 1538 αἷς
1042 1455 1158 1527 αύτῶν
1174 1459 1239 1539 τάς

272 1560 383 1647 ψυχὰς
396 1558 588 1648 ήμερούμεν
606 1562 664 1628 καί
678 1567 834 1640 πλείονος
847 1557 943 1641 ἀξίας
957 1564 1131 1647 ποιοῦμεν,
1149 1556 1240 1647 ήμάς

275 1657 307 1729 δ’
323 1657 451 1740 αύτούς
469 1659 574 1729 ούόέν
592 1657 633 1730 ἀν
649 1659 737 1749 πρός
755 1656 877 1750 ἀρετήν
895 1659 1138 1748 ῶφελήσαιμεν,
1157 1657 1237 1729 ἀλλ’

274 1760 319 1840 ῶς
333 1763 390 1830 καὶ
401 1761 676 1848 τήςπαιόεύσεως
685 1763 743 1831 καὶ
756 1766 815 1850 τής
830 1765 1015 1850 ἐπιμελείας
1022 1759 1166 1856 μάλιστα
1173 1765 1236 1830 ὃν·
1258 1792 1274 1826 e

222 1877 254 1926 13
271 1862 419 1949 ναμένης
426 1860 489 1951 τήν
497 1860 775 1951 ήμετέρανφύσιν
783 1860 984 1952 εύεργετετν,
992 1859 1238 1931 ούτωθιύκεισο

271 1962 333 2047 τήν
343 1961 493 2050 γνῶμην,
507 1965 564 2033 καὶ
577 1967 646 2032 τῶν
658 1991 693 2034 τε
702 1963 882 2053 παρόντων
894 1977 965 2044 τοῖς
971 1961 1238 2052 φρονιμωτάτοις

278 2062 433 2145 πλησίαζε
455 2061 597 2125 καὶτῶν
617 2060 730 2126 ἀλλων
752 2056 811 2136 ούς
832 2055 876 2123 ἀν
897 2056 985 2145 θύνη
1004 2062 1232 2143 μεταπέμπου,

278 2159 333 2224 καὶ
347 2155 427 2243 μήτε
441 2163 508 2224 τῶν
530 2163 678 2242 ποιητῶν
693 2163 760 2223 τῶν
783 2151 1053 2241 εὐδοκιμούντων
1067 2156 1149 2243 μήτε
1163 2162 1233 2224 τῶν

278 2249 448 2341 σοφιστῶν
458 2252 601 2341 μηθενός
616 2264 691 2323 οἴου
703 2259 774 2323 δεῖν
789 2252 934 2341 ἀπείρως
949 2261 1051 2341 ἐχειν,
1066 2252 1150 2324 ἀλλά
1162 2263 1231 2324 τῶν

277 2353 339 2440 μὲν
351 2349 514 2437 ἀκροατής
524 2359 654 2439 γίγνου,
670 2359 739 2420 τῶν
751 2353 786 2420 δὲ
797 2350 960 2439 μαθητής,
972 2356 1027 2421 καί
1037 2354 1230 2439 παρασκεύ-

278 2456 332 2532 αζε
352 2447 478 2517 σαντόν
495 2456 562 2516 τῶν
575 2453 638 2537 μὲν
658 2451 843 2518 ἐλαττόνων
859 2449 994 2538 κριτήν,
1015 2460 1083 2520 τῶν
1104 2451 1139 2521 δὲ
1155 2478 1230 2538 μει-

278 2551 384 2632 ζόνων
406 2545 610 2634 ἀγωνιστήν·
639 2546 693 2616 θιά
714 2546 779 2634 γάρ
799 2549 929 2615 τούτων
943 2556 1011 2617 τῶν
1030 2557 1258 2636 γνμνασίωνσ

275 2644 400 2735 τάχιστ’
416 2643 459 2713 ἀν
471 2649 582 2732 γένοιο
594 2654 754 2732 τοιοῦτος,
767 2642 840 2715 οἷον
850 2644 1049 2732 ὑπεθέμεθα
1061 2638 1132 2717 δεῖν
1143 2646 1228 2717 εἶναι

275 2745 335 2814 τόν
350 2744 463 2833 ὀρθῶς
478 2749 722 2835 βασιλεύσοντα
735 2740 791 2814 καὶ
805 2743 868 2833 τήν
887 2745 987 2813 πόλιν
1003 2743 1047 2824 ῶς
1065 2745 1127 2833 χρή
1144 2751 1227 2815 διοι-

229 2862 262 2916 14
275 2845 429 2931 κήσοντα.
450 2847 591 2933 μάλιστα
607 2844 639 2914 δ’
655 2842 698 2913 ἀν
713 2841 814 2923 αὐτός
830 2842 896 2912 ὑπὸ
915 2851 1041 2912 σαυτοῦ
1054 2854 1228 2932 παρακλη-

273 2951 384 3028 θείης,
403 2950 432 3012 εί
447 2942 560 3013 δεινόν
574 2943 714 3033 ἡγήσαιο
731 2940 810 3021 τούς
820 2948 951 3029 χείρους
964 2949 1032 3010 τῶν
1043 2941 1228 3029 βελτιόνων

274 3040 388 3128 ἀρχειν
413 3045 468 3110 καὶ
497 3041 576 3123 τούς
601 3042 842 3130 ἀνοητοτέρους
871 3054 940 3119 τολς
965 3045 1228 3130 φρονιμωτέροις

273 3139 504 3226 προστάττειν·
535 3139 603 3232 ὅσω
620 3139 686 3228 γάρ
707 3137 752 3208 ἀν
772 3142 1062 3226 ἐρρωμενεστέρως
1082 3138 1145 3227 τήν
1159 3148 1226 3210 τῶν

273 3236 384 3306 ἀλλων
419 3235 540 3305 ἄνοιαν
552 3237 730 3328 ἀτιμάσης,
746 3240 893 3330 τοσούτω
904 3245 1033 3324 μᾶλλον
1047 3237 1109 3326 τήν
1120 3238 1226 3309 αὑτοῦ

274 3335 428 3403 διάνοιαν
443 3334 605 3424 ἀσκήσεις.

228 3451 258 3505 ιδ
359 3435 425 3520 (ε’.)
442 3432 623 3521 ’Ἀρχεσθαι
637 3439 699 3524 μὲν
717 3432 782 3505 ούν
796 3440 958 3505 ἐντεῦθεν
973 3436 1034 3525 χρή
1050 3435 1130 3517 τούς
1146 3441 1223 3524 μίλ-

236 3623 240 3631 .
273 3535 392 3614 λοντάς
404 3562 435 3601 τι
446 3542 513 3604 τῶν
525 3535 671 3605 δεόντων
682 3538 846 3626 ποιήσειν,
862 3535 946 3625 πρός
957 3538 993 3606 θέ
1004 3539 1134 3618 τούτοις
1144 3547 1223 3625 φιλ·
1237 3570 1254 3610 ο

245 3633 253 3646 “
274 3634 461 3717 ἀνθρωπον
475 3631 559 3701 εἶναι
574 3639 627 3703 θεῖ
641 3640 695 3704 καὶ
709 3636 906 3723 φιλόπολιν·
932 3633 1009 3705 οὔτε
1030 3636 1095 3723 γάρ
1112 3641 1225 3706 ἵππων
