2859 4334
408 408 527 463 1131’1
554 408 652 483 Tor
676 408 917 466 κΕεΓονε.
1087 405 1146 468 εει

190 564 390 649 πειρώμενοι
402 573 594 646 κατελθεῖνς
616 564 658 634 οὐ
676 569 919 653 καταλαβόντες
930 565 990 633 τόν
1005 575 1146 648 Πειραιᾶ

190 663 316 734 καὶτὸν
327 680 420 733 σῖτον
436 664 495 733 τόν
510 670 546 733 ἐν
557 675 597 755 τῇ
611 667 702 754 χώρᾳ
715 672 923 751 διεφθείρετε
939 670 998 754 καί,
1009 664 1070 751 τὴν
1081 674 1145 752 γὴν

190 766 338 849 ἐτέμνετε
349 769 404 833 καὶ
419 764 459 831 τὰ
477 768 658 846 προάστεια
670 765 872 850 ἐνεπρήσατε
889 767 944 833 καὶ
962 771 1174 832 τελευτῶν-ο

140 890 175 943 ιη
191 889 244 940 τες
257 878 326 942 τοῖς
340 872 458 949 τείχεσι
469 866 708 951 προσεβάλετες
731 869 784 931 καὶ
798 862 903 945 ταῦθ’
918 863 1008 931 οὕτω
1021 862 1141 947 σφόδρ’

189 968 352 1049 ἐνομίζετε
373 972 492 1049 χρῆναι
511 980 636 1045 ποιεῖν,
660 964 744 1031 ὥστε
767 978 834 1041 τοῖς
857 962 998 1050 ἡσυχίαν
1024 961 1146 1047 ἀγουσι

188 1070 256 1129 τῶν
266 1064 498 1148 συμφυγάδων
509 1071 637 1148 μᾶλλον
651 1060 830 1145 ὠργίζεσθε
841 1057 862 1148 ἦ
873 1076 940 1140 τοῖς
951 1068 1066 1139 αἰτίοις
1077 1069 1145 1127 τῶν

188 1170 376 1247 συμφορῶν
394 1167 635 1248 γεγενημένοις.
673 1156 839 1246 (ς’.)Ὦσί
857 1158 919 1226 οάκ
932 1158 1019 1238 εἰκός
1040 1165 1142 1227 ἐπιτι-
1245 1230 1249 1238 s

187 1269 255 1347 μᾶν
267 1275 334 1339 τοῖς
345 1271 413 1327 των
432 1260 544 1329 αὐτῶν
559 1261 646 1343 ’ὑμῖν
661 1266 905 1347 ἐπιθυμοῦσιν,
924 1260 1004 1327 οὐδὲ
1020 1245 1144 1336 κακοὺς

188 1357 313 1440 ἀνδρας
324 1364 482 1446 νομίζειν,
497 1358 567 1427 ὅσοι
581 1358 767 1444 φεύγοντες
783 1363 958 1426 κατελθεῖν
973 1360 1143 1443 ἐζήτησαν,
1156 1378 1175 1433 d

186 1456 270 1524 ἀλλά
282 1457 368 1525 πολά
380 1467 510 1544 μᾶλλον
520 1460 594 1527 ὅσοι
605 1466 761 1543 μένοντες
773 1465 883 1543 φυγῆς
893 1454 952 1536 ἀξί
966 1461 1125 1542 ἐποίησαν
1136 1482 1142 1495 ·

187 1556 263 1624 οὐδ’
288 1561 450 1626 ἐντεῦθεν
471 1559 676 1645 ἀρξαμένους
696 1565 841 1639 κρίνειν,
863 1555 977 1634 ὁποῖός
994 1584 1043 1633 τις
1059 1549 1103 1643 ἦν
1124 1555 1142 1622 ὁ

185 1656 294 1741 πατὴρ
307 1665 457 1743 πολίτης,
476 1657 525 1726 ὅτ’
540 1658 639 1726 οὐδὲν
652 1656 742 1747 αὐτῷ
755 1665 812 1743 τῆς
824 1658 952 1735 πόλεως
962 1665 1142 1741 προσηκεν,

137 1784 170 1837 {5
188 1753 261 1823 ἀλλ’
285 1755 337 1823 ἐπ’
361 1760 491 1824 ἐκείνου
513 1765 573 1824 τοῦ
594 1760 720 1843 χρόνου
741 1770 896 1839 σκοπεῖν,
912 1753 982 1833 οἷος
999 1750 1042 1843 ἦν
1063 1759 1143 1837 πρὶν

188 1870 310 1941 φυγεῖν
332 1859 406 1938 περί
428 1855 464 1922 τό
487 1865 632 1943 πλῆθος,
655 1860 707 1924 καὶ
730 1857 780 1924 ὅτι
799 1860 990 1933 διακοσίους
1008 1853 1143 1933 ὁπλίτας

189 1962 274 2039 ἔχων
287 1954 345 2033 τάς
363 1963 517 2041 μεγίστας
540 1958 653 2036 πόλεις
669 1963 738 2023 τῶν
756 1959 792 2023 ἐν
806 1954 1056 2043 Πελοποννήσῳ
1073 1963 1140 2021 Λα-

186 2058 412 2139 κεδαιμονίων
435 2056 497 2141 μέν
523 2054 728 2141 ἀπέστησεν,
761 2053 842 2139 ὑμῖν
884 2056 919 2120 δὲ
946 2052 1141 2138 συμμάχους

188 2154 338 2238 ἐποίησε,
364 2156 417 2222 καί
440 2161 484 2232 είς
507 2159 599 2233 οἵους
614 2156 797 2231 κινδύνους
811 2150 936 2231 αὐτοὺς
951 2157 1168 2237 κατέστησας

188 2254 243 2317 καλ
260 2248 304 2329 ὡς
317 2256 392 2332 περὶ
403 2262 563 2321 Σικελίαν
577 2257 828 2340 ἐστρατήγησεν.
852 2254 984 2320 τούτων
998 2256 1061 2337 μέν
1076 2249 1141 2338 γάρ

188 2353 303 2441 ἐκείνῳ
315 2352 475 2438 προσήκει
491 2355 588 2437 χοὶριν
603 2352 689 2438 ὑμᾶς
705 2360 807 2437 ἔχειν·
822 2360 891 2419 των
907 2348 938 2418 δ’
952 2355 990 2418 ἐν
1005 2359 1045 2439 τῇ
1054 2373 1144 2435 συμ-

189 2456 278 2537 φορᾷ
295 2456 488 2536 γενομένων
508 2454 586 2528 τούς
607 2454 809 2537 ἐκβαλόντας
823 2446 929 2516 αὐτόν
948 2454 1083 2525 δικαίως
1099 2444 1143 2514 ἀν

189 2554 314 2624 αίτίους
329 2555 500 2633 νομίζοιτε.
1012 2567 1014 2570 ’

138 2677 171 2731 15
272 2646 335 2729 (ζ.)
348 2644 597 2733 Ἀναμνησθητε
619 2651 654 2717 δὲ
670 2646 754 2731 πρός
768 2647 855 2732 ὑμᾶς
870 2645 1010 2731 αὐτοάς,
1028 2649 1141 2733 ἐπειδὴ

188 2754 375 2831 κατῆλθεν,
401 2746 445 2825 ὡς
460 2746 558 2815 πόλλ’
576 2745 689 2833 ἀγαθά
704 2750 766 2833 τὴν
782 2748 885 2830 πόλινι
896 2749 1069 2830 ἐποίησεν,
1094 2751 1140 2812 ἐτι
1156 2763 1208 2817 ³50

187 2846 222 2911 δὲ
238 2848 413 2928 πρότερον,
430 2844 473 2924 ὡς
488 2849 633 2933 ἐχόντων
644 2854 711 2914 τῶν
727 2847 931 2932 πραγμάτων
943 2842 1048 2912 αὐτὸν
1060 2872 1140 2911 κατ-

186 2947 359 3025 εδέξασθε,
388 2950 657 3033 καταλελυμένον
677 2949 740 3031 μέν
764 2955 825 3014 τοῦ
849 2949 976 3032 δήμου,
1004 2968 1139 3013 στασια-

185 3046 311 3125 ζόντων
342 3048 377 3113 δέ
406 3054 474 3114 τόν
503 3056 669 3129 πολιτῶν,
708 3050 964 3132 διαφερομένων
1000 3048 1036 3114 δέ
1070 3056 1139 3113 των

183 3152 394 3227 στρατιωτῶν
421 3144 504 3229 πρός
531 3146 589 3225 τὰς
614 3146 716 3232 ἀρχάς
738 3146 796 3225 τάς
818 3146 941 3213 ἐνθάδε
970 3158 1137 3232 καθεστη-

181 3249 295 3321 κυίας,
322 3248 368 3320 είς
389 3254 487 3311 τοῦτο
512 3246 548 3312 δὲ
574 3254 693 3330 μανίας
719 3245 919 3332 ἀμφοτέρων
944 3244 1139 3331 ἀφιγμένων

132 3358 161 3411 17
180 3340 266 3407 ὥστε
283 3347 475 3427 μηδετέροις
488 3350 654 3430 μηδεμίαν
674 3344 781 3414 ἐλπίδ’
804 3344 888 3412 εἶναι
905 3353 1083 3431 σωτηρίας·
1108 3352 1140 3411 οί

180 3442 243 3525 μὲν
269 3439 333 3526 γάρ
353 3442 431 3521 τούς
455 3443 588 3529 ἔχοντας
612 3443 673 3529 τὴν
697 3448 797 3513 πόλιν
821 3444 964 3530 ἐχθρούς
987 3447 1167 3528 ἐνόμιζουο

179 3548 310 3625 μᾶλλον
334 3537 675 3627 ἢΛακεδαιμονίους,
698 3551 732 3611 οί
751 3545 786 3611 δέ
804 3545 883 3621 τούς
908 3546 945 3609 ἐκ
962 3553 1141 3622 Δεκελείας

178 3644 442 3723 μετεπέμποντο,
466 3640 649 3727 ἡγούμενοι
670 3660 821 3723 κρεῖττον
842 3641 926 3708 εἶναι
949 3658 1017 3718 τοῖς
1037 3654 1137 3711 πολε-
