2859 4334
445 369 849 429 ΠΑΝΑΘΗΝΛΙΚΟΣ.
1079 366 1122 431 29

174 529 292 593 είτείν.
323 518 418 611 (κδ’.)
438 520 523 594 Οίον
536 524 593 592 καλ
607 527 686 610 νῦν,
703 516 746 611 ἦν
759 531 934 612 μυησδάσι
948 529 1016 595 τῶν
1029 524 1117 612 άγά-

173 651 244 693 νων
266 628 336 693 τάν
358 640 430 705 τοῖς
455 625 641 713 συμμάχοις
667 626 791 695 ἐνθάδε
814 628 1041 715 γιγνομένων,
1070 634 1121 707 τίς

175 728 263 794 ἐστιν
287 723 397 806 οὕτως
419 724 546 813 άφυὴς,
569 725 659 806 ὅστις
682 726 745 815 οὐχ
771 726 904 816 εὑρήσει
921 728 1006 814 πρός
1024 725 1119 797 τοῦτ’

173 825 354 911 άντειπείν,
372 826 422 895 ὅτι
439 836 578 907 πλείους
596 828 854 916 Λακεδαιμόνιοι
869 835 938 899 τεόν
951 827 1122 916 Ἑλλήνων

172 928 332 1018 ἀκρίτους
349 926 551 999 άπεκτόνασι
567 933 636 997 τῶν
653 930 733 1015 παρ’
753 928 847 1017 ἡμῖν,
866 932 900 1011 ἐξ
918 920 960 1000 οὗ
977 929 1039 1017 τὴν
1057 931 1120 999 πό-

172 1036 224 1099 λιν
247 1035 424 1117 οἰκοῦμεν,
448 1037 497 1111 είς
520 1029 638 1118 άγῶνα
661 1033 720 1100 καὶ
737 1040 849 1119 κρίσιν
865 1033 1121 1114 καταστάντωνς

129 1155 163 1205 σε
247 1128 335 1220 (κε’.)
359 1137 503 1202 Τοιαῦτα
527 1133 566 1201 δέ
587 1133 645 1201 καλ
662 1135 741 1220 περὶ
758 1136 815 1219 τῆς
832 1134 1035 1220 εἰσπράξεως
1053 1140 1122 1202 τάν

171 1231 289 1319 φόρων
306 1230 349 1321 ἦν
365 1260 396 1302 τι
413 1235 569 1321 λέγωσιν,
587 1233 705 1319 ἕξομεν
719 1239 843 1303 είπείν·
864 1234 952 1302 πολι)
967 1234 1032 1321 γάρ
1046 1238 1146 1303 ἐπι-ο

172 1336 324 1419 δείξομεν
347 1354 591 1421 συμφοροτερα
614 1334 807 1420 πράξαντας
832 1334 913 1415 τούς
938 1334 1121 1423 ἡμετέρους

171 1429 1120 1524 ἢΛακεδαιμονίουςταίςπόλεσιταῑςτδνφόρουένεγκοό-

173 1555 254 1615 σαις.
274 1537 483 1625 πρῶτονμὲν
490 1538 556 1626 γάρ
567 1537 608 1606 οό
618 1538 831 1625 προσταχθέν
845 1536 908 1624 ὑφ’
923 1537 1118 1625 ἡμωντοότ’

174 1639 327 1724 ἐποίουν,
340 1637 416 1706 ἀλλ’
432 1637 530 1707 αότολ
545 1638 698 1725 γνόντες,
712 1635 847 1727 ὅτεπερ
861 1639 922 1727 τὴν
936 1640 1122 1727 ἡγεμονίαν

126 1767 161 1816 ες
172 1737 323 1825 ἡμῖντίγν
336 1739 420 1807 κατά
433 1740 605 1808 θάλατταν
615 1743 753 1809 ἔδοσαν·
775 1739 875 1809 ἔπειτ’
891 1740 954 1828 οὐχ
967 1740 1054 1829 ὑπὲρ
1062 1747 1122 1828 τῆς

172 1850 339 1928 σωτηρίας
352 1844 410 1928 της
424 1840 584 1928 ἡμετέρας
599 1848 724 1928 ἔφερον
742 1834 817 1911 ἄλλ’
838 1839 927 1930 ὑπὲρ
942 1848 1000 1928 τῆς
1015 1849 1122 1930 δημο-

171 1950 311 2028 κρατίας
335 1943 392 2010 καί
417 1947 476 2028 τῆς
495 1946 689 2031 ἐλευθερίας
707 1948 768 2028 τῆς
786 1942 903 2011 αὐτῶν
921 1947 977 2011 καί
996 1950 1058 2011 τοῦ
1076 1943 1121 2031 μὴ

171 2058 363 2129 περιπεσεῖν
377 2042 570 2131 ὀλιγαρχίας
583 2045 764 2133 γενομένης
780 2045 987 2133 τηλικούτοις
1005 2061 1120 2125 κακοῖς
1133 2060 1149 2119 d

169 2143 208 2212 τό
227 2147 384 2231 μέγεθος,
403 2145 530 2233 ἡλίκοις
549 2147 690 2214 ἐπὶτῶν
709 2148 894 2234 δεκαρχιῶν
912 2148 969 2214 καί
983 2152 1042 2233 τῆς
1056 2149 1120 2215 δυ-

170 2254 327 2325 ναστείας
343 2250 401 2334 της
417 2252 700 2333 Λακεδαιμονίων.
739 2254 785 2317 ἔτι
803 2245 835 2316 δ’
856 2244 920 2316 οόκ
939 2251 975 2315 ἐκ
992 2244 1123 2316 τούτων

172 2354 307 2435 ἔφερον,
328 2350 360 2429 ἐξ
377 2340 426 2415 τόν
440 2344 538 2417 αὐτοὶ
552 2348 730 2439 διέσωσαν,
749 2347 823 2416 άλλ’
841 2346 902 2433 ἄρ’
919 2340 967 2416 ὧν
981 2343 1020 2417 δι’
1036 2349 1122 2436 ἡμᾶς

123 2475 160 2523 ες
171 2448 280 2536 εἶχον·
299 2448 388 2537 ὑπὲρ
403 2440 463 2535 όν,
478 2456 511 2518 εί
521 2451 578 2517 καί
592 2449 709 2536 μικρός
724 2450 883 2536 λογισμός
899 2454 980 2538 ἐνῆν
993 2449 1122 2537 αὐτοῖς,

171 2556 310 2629 δικαίως
324 2544 366 2618 ἂν
379 2550 476 2638 χάριν
490 2549 582 2638 εἶχον
596 2548 685 2637 ἡμίν.
712 2548 967 2639 παραλαβόντες
982 2550 1048 2638 γάρ
1063 2552 1122 2631 τὰς

170 2650 285 2730 πόλεις
299 2645 413 2720 αότάν
427 2649 488 2730 τάς
500 2652 563 2739 μέν
577 2652 788 2720 παντάπασιν
802 2646 1013 2732 α’ναστάτους
1023 2679 1119 2738 γεγε-

169 2753 319 2839 νημένας
337 2750 405 2821 άπὸ
423 2756 494 2820 τόν
510 2753 706 2842 βαρβάρων,
725 2755 783 2832 τάς
797 2754 836 2822 δέ
850 2756 1122 2841 πεπορθημένας,

171 2860 220 2934 είς
237 2857 337 2923 τοῦτο
356 2854 592 2942 προηγάγομεν
611 2852 697 2922 ὥστε
715 2855 841 2941 μικρόν
864 2855 966 2941 μέρος
983 2861 1052 2923 τοῖν
1069 2882 1151 2941 γι·ε

169 2956 348 3045 γυομένων
364 2954 447 3042 ἡμῖν
465 2955 620 3035 διδόντας
638 2956 745 3043 μηδὲν
761 2956 921 3034 ἐλάττους
940 2962 1025 3045 ἔχειν
1043 2953 1123 3037 τούς

168 3068 289 3136 οίκους
310 3064 594 3147 Πελοποννησίων
617 3063 686 3126 τάν
710 3056 834 3126 οὐδένα
861 3056 971 3144 φόρον
996 3050 1122 3126 άποτε-

169 3158 338 3229 λυόντων.

122 3281 160 3333 ‘10
251 3257 340 3349 (κε’.)
361 3260 445 3347 Περὶ
460 3267 580 3328 τοίνυν
594 3264 664 3328 τάν
677 3257 877 3328 άυαστάτων
890 3260 1122 3346 γεγενημένων

167 3360 235 3450 ὑφ’
254 3361 413 3446 ἑκατέρας
426 3362 495 3428 τόν
509 3360 653 3446 πόλεων,
672 3358 690 3430 ὃ
704 3361 822 3449 μόνοις
835 3361 923 3440 τινὲς
937 3358 1018 3447 ἡμῖν
1032 3358 1120 3429 όνει·

167 3470 339 3550 διζουσιν,
363 3465 568 3549 ἐπιδείξομεν
592 3461 678 3530 πολό
699 3462 870 3548 δεινότερα
889 3460 1120 3549 πεποιηκότας,
1132 3494 1181 3544 247

168 3562 231 3645 οὓς
242 3568 462 3643 ἐπαινοῦντες
471 3568 692 3632 διατελοῦσιν.
720 3557 802 3651 ἡμῖν
813 3562 877 3651 μέν
885 3561 950 3649 γάρ
958 3563 1125 3633 συνέπεσε

167 3666 248 3753 περὶ
261 3666 429 3754 νησάδρια
443 3670 582 3733 τοιαῦτα
590 3666 646 3732 καί
657 3669 839 3752 τηλικαῦτα
851 3663 1039 3752 τόμέγεδος
1047 3665 1117 3745 ἐξα·
