2859 4334
471 378 827 437 ΑΙΓΙΝΗΤΙΚΟΣ.
1061 379 1122 441 231

170 538 352 615 ἐκπλεύσας
368 535 556 621 ἀπέθανεν,
575 533 659 621 αὕτη
681 536 743 620 μὲν
765 533 807 603 ού
826 546 963 617 πολλαῖς
988 538 1124 625 ἡμέραις

170 636 311 720 ὕστερον
334 634 414 722 μετά
438 635 499 723 τὴν
525 632 684 721 ἀγγελίαν
709 640 791 701 ἔθυε
822 640 876 704 καὶ
904 637 1042 723 ἑώρταζε
1069 641 1123 707 καί

170 735 247 805 οὐδὲ
258 734 319 804 τόν
332 732 480 821 ἀδελφόν
491 733 652 824 ᾐσχύνετο
663 733 725 804 τόν
737 742 784 804 ἔτι
796 743 919 819 ζώντα,
935 739 1042 813 οὕτως
1052 739 1121 810 όλί-

168 864 231 925 γον
255 833 478 922 φροντίζουσα
498 842 558 902 τοῦ
582 842 782 920 τεθνεῶτος,
813 833 879 922 ἐγώ
902 831 937 905 δ’
963 833 1123 925 ἐπένθηώ

116 951 150 1001 41
171 934 289 1019 αὐτὸν,
312 934 422 1017 ώσπερ
438 931 516 1012 τούς
531 939 674 1013 οἰκείους
695 933 799 1020 νόμος
815 936 913 1003 ἐστίν.
951 941 1123 1005 καὶταῦτα

168 1031 266 1101 πάντ’
293 1037 431 1102 ἐποίουν
448 1030 503 1100 διὰ
524 1030 584 1099 τόν
599 1033 727 1116 τρόπον
748 1030 810 1100 τόν
824 1035 971 1119 ἐμαυτοῦ
980 1039 1040 1105 ’καὶ
1060 1035 1153 1123 τηνδ

168 1141 284 1220 φιλίαν
298 1130 361 1219 τὴν
381 1130 465 1217 πρὸς
481 1134 630 1213 ἐκείνους
644 1129 720 1201 ἀλλ’
742 1130 784 1199 ού
803 1137 940 1221 ταυτησὶ
956 1144 1014 1221 τῆς
1031 1141 1125 1222 δίκης

168 1237 280 1301 ἕνεκα·
303 1230 345 1300 οό
365 1230 430 1317 γάρ
446 1230 540 1322 ᾤμην
556 1229 679 1312 αύτούς
700 1230 789 1299 οὕτω
805 1236 1027 1319 δυστυχήσειν
1043 1230 1121 1302 ὥστ’

168 1331 309 1410 ἄπαιδας
330 1328 540 1418 ἀμφοτέρους
559 1331 819 1418 τελευτήσαντας
839 1338 885 1412 είς
905 1339 1040 1420 ἔλεγχον
1062 1362 1124 1401 κα-

168 1431 356 1519 ταστήσειν.
397 1428 512 1510 όποίός
543 1457 592 1509 τις
616 1432 754 1509 ἕκαστος
779 1428 875 1516 ἡμών
899 1435 975 1515 περὶ
1000 1430 1124 1510 αύτούς

169 1532 306 1617 ἐγένετο.

114 1646 153 1698 42
253 1630 342 1717 (aff.)
357 1626 449 1715 Πρός
463 1632 524 1715 μὲν
539 1623 604 1699 οὖν
615 1630 834 1715 Θρασύλοχόν
846 1656 880 1697 τε
895 1632 949 1698 καλ
963 1631 1123 1700 Σώπολιν

169 1728 212 1810 ώς
225 1728 309 1818 αὕτη
325 1758 360 1798 τε
380 1728 471 1815 κάγώ
487 1734 696 1816 διεκείμεθα,
712 1726 833 1814 σχεδόν
847 1727 1027 1815 ἀκηκόατε·
1049 1736 1125 1816 τρέ-
1171 1728 1173 1733 ’

168 1845 289 1912 φουται
310 1828 341 1897 δ’
359 1840 438 1909 ίσως
458 1828 510 1897 ἐπ’
528 1834 657 1898 ἐκεῖνον
676 1828 873 1915 τὸνλόγον,
891 1828 996 1915 ὅσπερ
1009 1829 1150 1911 αύτοίςε

167 1928 284 2007 λοιπός
298 1932 403 2012 ἐστιν,
421 1925 464 2008 ως
482 1928 673 2021 Θράσυλλος
690 1925 707 1995 ὁ
724 1926 833 2013 πατὴρ
848 1925 867 1995 ὁ
882 1930 1004 2015 ταύτης
1015 1927 1123 2017 ἡγοῖτ’

167 2025 211 2096 ἀν
226 2024 319 2096 δεινά
332 2026 487 2112 πάσχειν,
505 2036 538 2094 εί
548 2033 596 2105 τίς
610 2029 699 2093 ἐστιν
714 2036 872 2112 αίσθησις
884 2042 952 2106 τοῖς
961 2036 1125 2097 τεθνεῶσι

167 2131 242 2213 περὶ
262 2134 330 2195 τών
351 2128 474 2195 ἐνθάδε
497 2128 722 2212 γιγνομένων,
746 2124 836 2208 ὁρών
852 2124 914 2212 τὴν
935 2130 998 2212 μὲν
1013 2138 1124 2214 θυγα-

166 2224 235 2311 τέρ’
260 2223 554 2312 ἀποστερουμένην
576 2233 643 2293 τών
662 2227 855 2312 χρημάτων,
879 2227 935 2313 ἐμὲ
950 2230 986 2295 δὲ
1001 2237 1125 2316 κληρο-

115 2346 151 2397 43
168 2328 278 2413 νόμον
293 2317 341 2393 ών
362 2323 463 2404 αύτός
477 2326 635 2411 ἐκτήσατο
655 2326 866 2411 γιγνόμενον.
907 2326 979 2411 (κ’.)
993 2324 1074 2413 Ἐγώ
1091 2326 1124 2394 δ’

166 2423 313 2512 ἡγοῦμαι
337 2424 400 2510 μέν
421 2421 463 2490 ού
490 2426 565 2509 περὶ
595 2430 662 2491 τῶν
688 2424 790 2490 πάλαι
816 2426 1014 2492 τεθνεώτων
1040 2422 1124 2517 ἀλλά
1140 2434 1192 2488 393

166 2525 243 2609 περὶ
261 2530 330 2590 τών
350 2528 487 2608 ἔναγχος
501 2520 561 2590 τὸν
584 2530 709 2609 κλῆρον
729 2524 981 2595 καταλιπόντων
996 2525 1125 2611 προση-

166 2644 248 2691 κειν-
266 2620 346 2709 ἡμῖν
370 2619 450 2700 τοὺς
473 2622 596 2708 λόγους
617 2633 796 2691 ποιεῖσθαι.
844 2623 1038 2707 Θράσυλλος
1061 2624 1124 2709 μὲν

165 2719 249 2807 γάρ,
275 2719 402 2803 οὕσπερ
418 2716 596 2807 ἠβούλετο,
622 2720 762 2799 τούτους
776 2727 915 2803 κυρίους
935 2729 1002 2788 τών
1018 2718 1123 2789 αὑτοῦ

165 2822 359 2889 κατέλιπεν·
391 2823 521 2887 δίκαιον
543 2820 578 2887 δὲ
604 2824 658 2887 καὶ
676 2821 883 2910 Θρασυλόχῳ·
902 2819 1006 2889 ταύτά
1027 2818 1123 2888 ταῦτ’
1349 2845 1350 2902 3

165 2916 380 3002 ἀποδοθῆναι
395 2916 475 3003 παρ’
492 2916 605 3005 ὑμῶν,
631 2920 685 2986 καί
699 2922 859 3005 γενέσθαι
876 2919 1052 3005 διαδόχους
1065 2927 1123 3006 τῆς
1349 2961 1351 3002 η

164 3023 391 3102 κληρονομίας
416 3015 460 3103 μὴ
487 3019 628 3105 ταύτην,
656 3015 730 3086 ἀλλ’
759 3014 809 3095 οἷς
831 3021 956 3096 ἐκεῖνος
974 3021 1121 3086 διέθετο·
1349 3007 1350 3052 ¹

164 3112 207 3182 οὐ
228 3111 322 3201 μέντ’
340 3112 384 3182 ἀν
407 3143 463 3202 μοι
485 3121 573 3184 δοκώ
599 3131 721 3203 φυγεῖν
741 3114 820 3184 οὐδὲ
841 3114 903 3202 τὴν
923 3116 1124 3201 Θρασύλλου
1348 3127 1351 3248 χ

111 3238 147 3289 λλ
163 3217 313 3303 γνώμην.
346 3214 435 3302 οἶμαι
450 3216 514 3303 γάρ
530 3214 573 3285 ἀν
589 3217 693 3287 αὐτόν
709 3220 844 3286 πάντων
861 3221 1021 3304 γενέσθαι
1037 3218 1120 3285 ταύ-
1140 3233 1157 3286 b
1349 3289 1350 3304 ,

161 3346 204 3408 τη
219 3316 453 3403 χαλεπώτατον
475 3316 650 3405 δικαστὴν,
673 3328 765 3401 είπερ
786 3327 955 3401 αἴσθοιτο,
981 3321 1035 3384 οἵα
1050 3319 1125 3402 περὶ
1348 3331 1350 3422 χ

161 3415 243 3496 τοὺς
255 3413 493 3497 παίδαςαύτού
504 3422 685 3505 γεγένηται.
704 3427 832 3488 πολλόν
841 3416 958 3507 (γ’)ἀν
973 3418 1123 3503 δεήσειεν
1349 3429 1350 3498 η

161 3512 378 3601 ἀχθεσθῆυαι
400 3514 484 3584 κατά
507 3514 586 3595 τούς
605 3515 732 3603 νόμους
754 3513 852 3601 ὑμῶν
869 3518 1122 3601 ψηφισαμένων,
1349 3507 1350 3540 λ

161 3611 248 3681 ἀλλά
274 3610 361 3687 πολύ
381 3608 425 3680 ἀν
442 3622 586 3697 μᾶλλον,
605 3621 635 3683 εί
653 3613 711 3691 τάς
733 3622 800 3681 τών
814 3614 1123 3705 παίδωνδιαθήκας
