2859 4334
432 401 847 465 ΠΑΝΑΘΗΝΑΙΚΟΣ.
1074 392 1112 459 57

160 569 264 631 πλέον
274 563 504 651 διενεγκόντας
511 568 732 645 Σπαρτιατῶν
743 555 765 645 ἢ
776 573 843 637 τοῖς
855 558 967 637 ἄλλοις
977 556 1111 626 ἅπασιν.

109 670 141 724 76
159 670 251 730 ἔσται
265 661 295 731 δ’
313 664 332 730 ὁ
347 663 446 749 λόγος
461 664 646 748 παράδοξος
660 664 722 745 μὲν
737 673 805 737 τοῖς
820 667 970 742 πολλοίς,
992 656 1139 744 ὁμοίωςε

159 761 192 828 δ’
208 760 339 849 ἀληθὴς
353 777 420 840 τοῖς
434 760 554 838 ἄλλοις.
578 757 653 847 όιρτι
670 759 732 844 μὲν
748 750 811 824 οὖν
824 753 993 843 ἠπόρουν,
1015 758 1114 822 ποτέ-

159 886 231 945 ρων
248 865 356 941 διεξίω
376 861 542 946 πρότερον
560 857 640 936 τούς
659 857 842 935 κινδύνους
863 857 917 922 καὶ
935 854 1122 943 τᾶςμύχας,

157 961 217 1039 τὰς
225 968 446 1046 Σπαρτιατῶν
460 956 482 1044 ἢ
499 957 557 1036 τίις
572 963 640 1026 τόν
654 956 837 1042 ἡμετέρων·
859 963 924 1023 νῦν
942 954 978 1022 δὲ
994 980 1110 1040 προαι·

159 1067 284 1145 ρούμαι
292 1064 400 1145 λέγειν
410 1056 468 1136 τὰς
480 1061 630 1142 ἐκείνων,
645 1054 691 1123 ἵν’
706 1059 823 1134 ἐντοῖς
835 1063 984 1124 καλλίοσι
996 1058 1049 1121 καλ
1062 1058 1114 1120 δι-

159 1160 348 1239 καιοτέραις
363 1156 518 1225 καταλύω
533 1153 593 1222 τὸν
609 1155 711 1238 λόγον
728 1150 787 1222 τόν
802 1157 876 1239 περὶ
892 1155 1031 1221 τούτων.

105 1267 139 1321 77
242 1255 331 1340 (ον’.)
346 1253 475 1342 Ἐπειδὴ
489 1253 554 1341 γὰρ
569 1257 730 1338 Δωριέων
746 1258 779 1320 οί
792 1253 1051 1336 στρατεύσαντες
1070 1256 1115 1327 είς
1131 1269 1183 1323 δίο

163 1359 428 1443 Πελοπόννησον
441 1354 537 1441 τριχοὶ
553 1360 716 1423 διείλοντο
728 1353 787 1434 τός
803 1380 839 1423 τε
854 1353 967 1433 πόλεις
980 1354 1038 1423 κοιλ
1049 1352 1110 1433 τοὶς

161 1462 273 1547 χώρας
290 1457 361 1547 (ἃς)
374 1458 555 1545 ἀφείλοντο
572 1457 653 1534 τούς
670 1460 807 1535 δικαίως
824 1457 1059 1541 κεκτημένους,
1077 1459 1114 1523 οί

161 1560 352 1649 μέν”Αργος
360 1558 517 1645 λαχόντες
524 1560 581 1626 καὶ
587 1558 773 1645 Μεσσήνην
780 1565 1021 1644 παραπλησίως
1028 1554 1107 1647 διῴ-

162 1661 295 1732 κουντᾶ
305 1660 434 1749 σφέτερ’
443 1659 635 1740 αύτωντοῖς
642 1656 897 1747 ἄλλοιςἝλλησι,
906 1656 945 1727 τό
951 1658 990 1728 δὲ
997 1666 1112 1746 τρίτου

161 1768 264 1852 μέρος
270 1760 399 1850 αύτωυ,
407 1758 466 1842 οὓς
473 1764 1110 1849 καλούμεννῦνΛακεδαιμονίους,στα-

166 1868 276 1935 σιάσαι
289 1866 352 1953 μέν
364 1885 470 1952 φασιν
483 1862 611 1942 αύτούς
622 1868 659 1931 os
666 1857 832 1933 τάκείνων
841 1860 1111 1948 ἀκριβούντεςιός

166 1968 309 2045 οὐδένας
315 1962 696 2050 ἅλλουςτῶνἘλλήνωυ,
703 1962 1112 2051 περιμενομένουςδὲτούς

165 2063 1140 2157 μελζοντούπλήθουςφρονοῦνταςούδὲντιόναύτῶνβου·ι)

166 2168 351 2235 λεύσασθαι
366 2170 439 2249 περὶ
456 2176 523 2233 των
537 2167 797 2254 συμβεβηκότων
813 2180 879 2244 τοϊς
894 2175 1029 2235 τοιαῦτα
1046 2174 1117 2235 δια-

101 2284 146 2338 78
166 2268 425 2352 πεπραγμένοις·
446 2264 526 2343 τούς
542 2265 604 2350 μέν
618 2264 683 2350 γὰρ
701 2263 823 2342 ἄλλους
838 2271 1016 2344 συνοίκους
1032 2273 1118 2353 ἔχειν

169 2368 205 2434 έν
220 2371 261 2451 τῇ
276 2365 370 2433 πόλει
385 2363 463 2443 τούς
482 2365 724 2443 στασιάσαντας
741 2367 795 2433 καλ
809 2363 995 2445 κοινωνούς
1008 2365 1118 2433 ἁπάν-
1183 2380 1184 2385 ’

166 2491 234 2531 των
248 2463 336 2550 πλην
350 2472 417 2531 τῶν
428 2463 541 2550 ἅρχων
551 2468 606 2532 καλ
617 2472 686 2531 των
695 2470 817 2530 τινοῖν·
834 2466 893 2543 ούς
905 2462 968 2532 ούκ
980 2458 1018 2531 εύ
1030 2490 1117 2551 φρο-

168 2579 238 2632 νεῖν
254 2562 407 2650 ἡγεῖσθαι
414 2570 635 2646 Σπαρτιατῶν
646 2562 727 2640 τούς
734 2569 820 2629 νοῦν
826 2568 970 2648 ἔχοντας,
980 2570 1010 2631 εί
1020 2572 1117 2649 νομί-

167 2670 279 2744 ζουσιν
291 2662 448 2748 ἀσφαλῶς
458 2663 694 2730 πολιτεύεσθαι
706 2660 787 2747 μετὰ
799 2662 928 2729 τούτων
936 2669 1115 2749 οἰκοῦντες,

166 2765 239 2847 περὶ
255 2759 314 2840 ούς
328 2760 367 2829 τὰ
382 2767 519 2848 μέγιστα
528 2763 754 2847 τυγχάνουσιν
766 2762 1038 2848 ἐξημαρτηκότες·
1055 2760 1145 2838 ατί-ο

165 2862 242 2939 τούς
263 2858 295 2927 δ’
312 2859 413 2928 οὐδέν
428 2862 557 2927 τούτων
574 2876 699 2945 ποιεῖν,
726 2858 809 2928 ἀλλὰ
831 2860 920 2946 παρὰ
942 2872 1036 2948 σφίσι
1057 2865 1119 2948 μὲν

164 2958 276 3037 αὐτοῖς
291 2965 466 3044 ἰσονομίαν
480 2968 679 3046 καταστῆσαι
695 2963 749 3026 καὶ
764 2964 988 3045 δημοκρατίαν
1003 2962 1118 3029 τοιαύ-

164 3086 235 3143 την,
252 3062 328 3125 οἵαν
343 3084 405 3141 περ
420 3057 481 3145 χρὴ
496 3058 575 3136 τούς
590 3062 769 3143 μέλλοντας
783 3058 913 3127 ἅπαντα
924 3060 983 3128 τόν
994 3063 1118 3147 χρόνον

163 3156 380 3244 ὁμονοήσειν,
409 3158 469 3224 τὸν
493 3160 529 3225 δὲ
554 3163 662 3243 δῆμον
683 3166 875 3241 περιοίκους
900 3160 1117 3245 ποιήσασθαι,

162 3262 525 3341 καταδουλωσαμένους
540 3255 652 3324 αὐτῶν
667 3256 726 3336 τός
740 3257 847 3343 ψυχὰς
866 3257 966 3327 οὐδέν
981 3252 1081 3346 ἦττον
1096 3257 1118 3345 η’

100 3370 140 3424 ῑ9
160 3355 220 3434 τὰς
233 3363 301 3422 των
316 3363 471 3423 οἰκετων·
492 3365 597 3424 ταῦτα
612 3359 647 3423 δὲ
662 3359 851 3441 πράξαντας
864 3364 921 3446 τῆς
935 3360 1060 3445 χώρας,
1078 3351 1118 3445 ἧς
1219 3408 1227 3417 ·

162 3462 332 3540 προσήκω
346 3465 421 3521 ίσον
435 3461 522 3542 έχειυ
536 3459 686 3536 ἕκαστον,
704 3454 828 3535 αὐτούς
841 3458 904 3540 μὲν
919 3466 1033 3543 λαβεῖν
1046 3456 1117 3527 ὀλί·

158 3580 243 3641 γους
257 3550 357 3633 ὄντας
371 3552 413 3621 ού
425 3556 534 3640 μόνον
548 3554 609 3641 τὴν
624 3553 763 3641 ἀρίστην
777 3555 860 3624 ἄλλα
873 3561 926 3623 καὶ
938 3558 1114 3645 τοσαύτην,

157 3652 245 3738 ὅσην
259 3651 394 3732 οὐδένες
408 3662 476 3719 τῶν
485 3654 652 3740 Ἐλλήνων
666 3662 796 3740 έχουσι,
811 3664 856 3741 τῷ
868 3655 904 3722 δέ
918 3655 1040 3741 πλήθει
1052 3686 1111 3744 τη-
1123 3675 1140 3725 ο
