2859 4334
282 282 344 347 ιυο
560 284 958 359 memnonos)

281 444 344 531 τὴν
358 443 539 531 ὑπόσχεσιν
552 448 606 513 καί
622 445 796 521 τοιούτους
817 444 902 511 εἶναι
916 444 996 522 τούς
1012 447 1139 531 λόγους
1156 444 1240 524 τούς

233 562 267 619 76
283 540 574 630 ἀναγνωσθέντος,
591 547 684 621 οἴους
698 567 762 625 περ
777 544 809 621 ἐξ
824 540 925 628 άρχης
942 540 1125 631 ὑπεθέμην.
1150 552 1239 631 βού·

281 653 379 730 λομαι
408 640 442 711 δ’
468 642 549 730 ύμῖν
580 640 636 709 διὰ
668 644 819 728 βραχέων
853 641 1121 727 ἀπολογίσασθαι
1160 646 1239 725 περὶ

281 744 423 812 ἑκάστου
440 745 494 812 καί
515 750 650 828 ποιῆσαι
662 750 790 827 μᾶλλον
801 747 849 809 ἔτι
861 742 1058 825 καταφανὲς,
1071 741 1116 819 ὡς
1123 740 1238 830 ἀληθῆ

281 846 335 911 καὶ
349 843 422 909 τότε
434 856 596 925 προεῖπον
608 842 663 908 καὶ
674 846 740 906 νύν
749 844 836 924 λε’γω
849 843 924 922 περὶ
936 837 1057 908 αύτων,
1077 845 1168 926 (κς’.*
1177 842 1236 928 β’.)

283 943 347 1010 Καὶ
364 941 576 1027 πρῶτονμὲν
592 954 688 1017 ποῖος
703 937 827 1023 γίνοιτ’
847 936 891 1005 ἂν
906 942 1005 1024 λόγος
1019 936 1232 1025 ὁσιότεροςῆ
1257 960 1292 1013 59

283 1042 487 1124 δικαιότερος
497 1047 558 1107 τού
573 1037 652 1117 τούς
662 1040 852 1123 προγόνους
863 1041 1123 1123 ἐγκωμιάζοντος
1136 1040 1235 1120 ἀξίως

281 1149 340 1227 τῆς
360 1137 478 1225 ύρετῆς
493 1146 552 1225 τῆς
565 1140 703 1206 ἐκείνων
718 1139 855 1203 καὶτῶν
872 1142 981 1222 ἔργων
997 1146 1065 1204 τῶν
1081 1165 1233 1223 πεπραγ-

235 1260 267 1318 77
283 1243 393 1327 μένων
408 1238 537 1317 αύτοῖςς
558 1245 668 1306 ἔπειτα
689 1243 738 1314 τίς
751 1231 795 1301 άν
810 1237 1063 1318 πολιτικώτερος
1077 1239 1131 1303 καὶ
1148 1246 1226 1323 μάλ-

260 1393 264 1399 .
282 1348 343 1408 λον
360 1346 495 1424 πρέπων
511 1346 549 1424 τῇ
561 1336 655 1403 πόλει
669 1344 730 1403 τοῦ
748 1335 809 1421 τὴν
822 1334 1005 1421 ἡγεμονίαν
1017 1333 1231 1422 άποφαίνου-
1336 1376 1337 1379 ¹

282 1465 337 1518 τος
353 1445 388 1507 ἔκ
407 1464 441 1504 τε
460 1446 525 1504 τῶν
542 1435 654 1503 όίλλων
675 1433 875 1520 εὐεργεσιῶν
893 1437 946 1502 καί
970 1442 1037 1501 τῶν
1059 1438 1233 1504 κινδύνων
1336 1442 1337 1447 ’

282 1528 444 1623 ἡμετέραν
461 1529 567 1604 ούσαν
581 1542 709 1621 μᾶλλον
725 1531 744 1621 ἦ
761 1539 1050 1620 Λακεδαιμονίους
1066 1542 1111 1603 ἔτι
1129 1538 1167 1604 δὲ
1182 1544 1234 1615 τίς
1336 1584 1337 1606 ι

283 1632 327 1702 όίν
341 1638 415 1716 περὶ
428 1635 616 1701 καλλιόνων
628 1636 682 1701 καὶ
693 1634 855 1719 μειζόνων
866 1636 1070 1720 πραγμάτων
1079 1642 1140 1701 τοῦ
1152 1633 1234 1713 τούς

276 1734 436 1822 Ἕλληνας
451 1737 506 1801 ἐπί
517 1762 551 1801 τε
566 1732 709 1820 τὴντῶν
730 1734 912 1820 βαρβάρων
932 1741 1106 1819 στρατείαν
1121 1759 1234 1818 παρα·
1336 1772 1337 1783 ³

283 1840 465 1911 καλοῦντος
476 1837 529 1899 καὶ
543 1835 687 1917 περὶτῆς
700 1829 785 1915 πρός
796 1829 961 1917 ἀλλήλους
975 1829 1132 1917 ὁμονοίας
1144 1853 1233 1916 συμ-

236 1944 270 1998 78
284 1931 521 2018 βουλεύοντοςς
547 1934 583 1998 ἐν
607 1932 669 2017 μὲν
692 1937 808 1998 τοίνυν
832 1938 877 2019 τῷ
901 1931 1021 2022 πρώτω
1046 1932 1135 2022 λόγω
1156 1932 1234 2013 περὶ
1336 1940 1337 1971 ί

171 2067 175 2073 ·
282 2031 812 2117 τούτωντυγχάνωδιειλεγμένος,
825 2029 905 2098 ἐνδδ
916 2044 982 2107 τοῖς
993 2028 1144 2113 ὑστέροις
1155 2032 1233 2111 περὶ
1336 2068 1337 2077 ¹

285 2130 470 2198 ἐλαττόνων
486 2129 547 2216 μὲν
565 2125 585 2214 ἢ
600 2132 816 2216 τηλικούτων,
833 2129 874 2196 ού
889 2129 955 2216 μὴν
972 2133 1046 2213 περὶ
1067 2127 1232 2214 ἀχρηστο-
1336 2152 1337 2189 1

285 2232 388 2314 τέρων
403 2225 477 2295 οὐδ’
496 2220 597 2314 ἧττον
612 2236 651 2316 τῇ
666 2230 760 2296 πόλει
778 2230 1030 2314 συμφερόντων.
1055 2228 1231 2314 γνώσεσθε
1336 2236 1337 2239 ’

284 2328 320 2395 δὲ
336 2325 398 2412 τὴν
414 2329 559 2413 δύναμιν
576 2326 705 2413 αύτῶν,
721 2322 764 2414 ἢν
780 2328 1010 2414 παραβάλλητε
1035 2327 1118 2413 πρός
1134 2333 1230 2410 ἕτερα
1336 2352 1337 2377 ¹

282 2434 349 2494 των
377 2423 647 2512 εὐδοκιμούντων
673 2429 727 2494 καὶ
758 2433 825 2493 τῶν
853 2423 1029 2512 ὠφελίμων
1056 2426 1139 2495 είναι
1172 2434 1229 2496 δο-
1336 2430 1337 2447 ’

283 2526 445 2593 κούντων.

236 2640 269 2695 w
371 2622 470 2708 Οἶμαι
493 2621 533 2707 δὴ
556 2625 682 2699 πάντας
703 2619 746 2689 ἂν
775 2622 975 2712 ὁμολογῆσαι
1002 2626 1080 2705 τούς
1104 2629 1231 2713 νόμους

285 2734 447 2792 πλείστων
463 2726 517 2790 καί
531 2731 695 2810 μεγίστων
710 2721 851 2809 άγαθὶδν
867 2731 993 2804 αίτίους
1007 2724 1090 2794 εἶναι
1106 2735 1151 2815 τῷ
1168 2734 1228 2817 βίῳ

283 2834 329 2915 τῷ
344 2832 412 2891 τῶν
427 2822 636 2908 ἀνθρώπων·
660 2820 733 2890 ἀλλ’
751 2821 771 2909 ἡ
790 2826 851 2909 μὲν
866 2826 995 2891 τούτων
1008 2833 1121 2913 χρῆσις
1136 2826 1227 2893 τοῦτ’

285 2924 426 3009 ὠφελεῖν
452 2924 559 3009 μόνον
581 2926 727 3007 πέφυκε,
749 2921 788 2990 τά
811 2923 894 2991 κατά
909 2923 969 3011 τὴν
990 2927 1089 2994 πόλιν
1109 2929 1163 2995 καὶ
1189 2925 1227 2992 τὰ

283 3020 471 3107 συμβόλαια
494 3017 534 3086 τό
547 3022 731 3106 γιγνόμενα
753 3018 836 3103 πρός
857 3018 943 3108 ἡμᾶς
965 3020 1104 3101 αύτούς·
1145 3029 1175 3091 εί
1194 3026 1226 3090 δὲ

282 3135 349 3199 τοῖς
370 3120 481 3205 λόγοις
502 3127 680 3188 πείθοισθε
702 3135 769 3198 τοῖς
791 3124 896 3205 ἐμοῖς,
912 3117 996 3206 ὅλην
1013 3121 1074 3209 τὴν
1088 3119 1228 3190 Ἑλλάδα

283 3226 391 3296 καλῶς
406 3215 449 3284 άν
465 3222 620 3286 διοικοῖτε
646 3222 696 3286 καὶ
715 3222 849 3297 δικαίως
864 3222 917 3285 καὶ
932 3228 971 3306 τῇ
988 3220 1082 3287 πόλει
1100 3241 1223 3305 συμφε-

234 3333 268 3387 80
285 3322 417 3403 ρόντως.
449 3315 510 3403 χρὴ
537 3320 572 3385 δὲ
599 3316 678 3396 τούς
704 3326 789 3385 νοῦν
813 3326 946 3404 ἔχοντας
968 3322 1041 3402 περὶ
1057 3318 1228 3405 ἀμφότερα

281 3421 342 3506 μὲν
357 3424 460 3484 ταῦτα
482 3417 698 3501 σπουδάζειν,
720 3416 837 3486 αύτοῖν
862 3420 897 3486 δὲ
913 3420 1047 3487 τούτοιν
1062 3418 1098 3486 τό
1117 3426 1227 3506 μεῖζον
1248 3436 1281 3488 συ
1336 3408 1337 3487 ί

282 3522 333 3583 καλ
350 3513 386 3582 τό
404 3522 556 3592 πλείονος
571 3512 664 3594 ίιξιον
681 3525 862 3603 προτιμᾶν,
888 3524 998 3586 ἔπειτα
1020 3516 1153 3587 κάκεῖνο
1175 3547 1227 3603 γι-
