2859 4334
275 367 318 426 ει
564 373 880 433 ιεοιιεκνονε
899 376 947 454 (ι)

277 556 347 615 γων
362 526 529 614 άρέσειενς
551 538 586 598 οἳ
598 528 682 615 πρὸς
698 546 767 610 τοῖς
782 537 968 622 εἰρημένοις
982 545 1155 623 φθονοῦσι
1171 541 1240 624 μὲν

275 643 343 706 τοῖς
358 623 397 696 εὖ
412 637 612 717 φρονοῦσιν,
627 628 755 709 ἁπλοῦς
766 630 798 698 δ’
810 631 972 720 ἡγοῦνται
983 636 1063 717 τούς
1073 645 1159 705 νοῦν
1168 633 1237 706 ούκ
1254 659 1297 711 24

275 733 421 814 ἔχοντες,
438 726 527 796 ούτω
542 730 579 796 δὲ
593 725 652 808 τάς
666 727 827 815 ἀληθείας
840 742 909 802 τῶν
923 737 1130 823 πραγμάτων
1145 737 1237 822 φεύ-

274 847 411 913 γουσιν,
439 824 517 894 ὥστ’
536 825 615 896 ούδέ
635 826 676 894 τά
698 829 833 915 σφέτερ’
856 831 969 901 αύτοῖν
990 844 1119 922 λσασιν,
1146 833 1233 906 άλλδ

274 930 461 994 λυποῦνται
476 928 539 1011 μὲν
552 927 629 1009 περὶ
642 953 711 994 των
726 933 823 997 ίδίων
837 934 1062 1020 λογιζόμενοι,
1077 941 1235 1020 χαίρουσι

274 1023 311 1091 δὲ
324 1025 479 1110 περὶτῶν
490 1021 675 1111 ἀλλοτρίων
686 1029 936 1118 διαλεγόμενοι,
950 1033 1128 1120 βούλοιντο
1141 1031 1173 1100 δ’
1186 1028 1234 1098 άν

273 1128 318 1212 τῷ
339 1120 466 1208 σάματι
486 1131 725 1210 κακοπαθῆσαι
744 1133 873 1210 μᾶλλον
885 1126 908 1215 ῆ
922 1136 963 1218 τῆ
976 1137 1067 1219 φνχῆ
1085 1138 1233 1216 πονῆσαι

225 1233 257 1290 λλ
272 1225 328 1290 καὶ
342 1226 531 1304 σκέψασθαι
542 1233 621 1309 περί
630 1251 721 1302 τινος
732 1233 800 1292 τῶν
810 1224 1013 1314 ἀναγκαίων.
1036 1228 1131 1312 εὕροι
1142 1226 1175 1295 δ’
1187 1226 1233 1294 ἄν

272 1348 320 1399 τις
341 1319 465 1400 αύτούς
484 1324 522 1391 έν
541 1327 604 1408 μὲν
623 1337 694 1402 ταῖς
714 1321 799 1409 πρὸς
816 1323 1231 1412 άλλῆλονςσυνονσίαιςῆ

272 1426 510 1506 λοιδοροῦντας
523 1416 546 1508 ῆ
562 1424 861 1511 λοιδορουμένους,
884 1429 922 1493 έν
937 1427 974 1499 δὲ
989 1440 1059 1505 ταῖς
1079 1430 1264 1511 έρημίαιςι)

272 1516 315 1587 ού
328 1523 597 1608 βουλευομένους
610 1518 686 1589 ἀλλ’
704 1519 914 1610 εὐχομένους.
938 1525 1024 1612 λέγω
1038 1525 1071 1592 δ’
1088 1525 1130 1594 ού
1145 1523 1226 1592 καθ’

271 1616 431 1688 ἁπάντων
451 1617 535 1687 άλλά
551 1619 635 1688 κατά
650 1629 719 1688 τῶν
732 1624 861 1708 ἐνόχων
879 1637 948 1702 τοῖς
969 1629 1155 1710 εἰρημένοις
1169 1623 1227 1692 ὅν·

224 1735 258 1790 48
272 1746 348 1788 των.
366 1723 475 1788 έκεῖνο
487 1719 519 1788 δ’
534 1714 598 1788 ούν
609 1721 773 1809 φανερὸν,
786 1722 838 1789 ὅτι
851 1728 905 1790 δεῖ
910 1723 990 1801 τοῦς
1000 1727 1231 1810 βουλομένους

270 1814 291 1905 ἦ
306 1831 416 1886 ποιεῖν
430 1814 451 1906 ῆ
467 1819 614 1903 γράφειν
627 1845 659 1886 τι
680 1827 921 1906 κεχαρισμένον
939 1836 1008 1900 τοῖς
1027 1830 1164 1899 πολλοῖς
1183 1819 1228 1906 μῆ

270 1918 350 1998 τούς
364 1916 645 2005 ὠφελιμωτάτους
655 1927 726 1988 νῦν
734 1922 847 2007 λόγων
860 1927 966 2007 ζητεῖν
977 1919 1062 1989 ἀλλὰ
1073 1919 1153 1999 τοῦς
1161 1946 1230 2006 μυ-

271 2020 521 2098 θωδεστάτους·
540 2018 723 2099 ἀκούοντες
736 2021 798 2106 μὲν
815 2017 880 2106 γάρ
894 2026 963 2087 τῶν
977 2020 1141 2088 τοιούτων
1155 2025 1231 2105 χαί-

270 2137 385 2199 ρουσι,
410 2125 622 2200 θεωροῦντες
643 2121 679 2186 δέ
699 2117 779 2198 τούς
798 2116 932 2200 άγωνας
947 2116 1074 2197 καὶτὰς
1089 2116 1263 2202 άμίλλαςε

268 2210 318 2284 διδ
331 2213 388 2281 καὶ
401 2211 613 2300 τῆνὉμῆρου
622 2218 759 2298 ποίησιν
774 2213 833 2278 καὶ
846 2209 1092 2296 τούςπρύτους
1108 2208 1230 2297 εύρύν-

267 2342 326 2395 τας
342 2318 536 2405 τραγῳδίαν
552 2310 647 2394 άξιον
662 2312 866 2400 θαυμάζειν,
889 2308 941 2380 ὅτι
959 2311 1153 2390 κατιδόντες
1169 2310 1234 2398 τῆν

267 2414 372 2505 φύσιν
396 2411 461 2502 τῆν
482 2418 552 2482 τῦν
581 2411 777 2498 άνθρύπων
799 2406 1005 2499 άμφοτέραις
1028 2427 1103 2492 ταῖς
1129 2413 1234 2494 ίδέαις

219 2537 250 2586 49
268 2517 403 2597 ταύταις
419 2513 668 2602 κατεχρήσαντο
686 2512 774 2599 πρὸς
790 2513 853 2601 τῆν
871 2519 1017 2596 ποίησιν.
1045 2511 1063 2580 ὁ
1085 2511 1148 2600 μὲν
1166 2511 1233 2602 γάρ

266 2617 348 2699 τούς
372 2616 509 2705 άγῦνας
531 2618 588 2684 καλ
611 2613 692 2695 τούς
709 2615 878 2700 πολέμους
894 2613 977 2695 τούς
993 2619 1064 2683 τῶν
1081 2612 1235 2702 ἡμιθέων

270 2718 541 2809 έμυθολόγησεν,
563 2721 600 2786 οί
615 2717 653 2786 δὲ
675 2716 757 2796 τοῦς
779 2714 915 2804 μύθους
939 2721 988 2795 είς
1012 2713 1152 2802 άγῦνας
1174 2717 1234 2783 καὶ

268 2821 401 2911 πράξεις
418 2820 638 2908 κατέστησαν,
655 2815 740 2886 ὥστε
753 2815 798 2904 μῆ
814 2817 922 2905 μόνον
940 2815 1131 2896 άκουστούς
1149 2815 1234 2903 ῆμῖν

269 2921 354 2991 άλλά
384 2911 442 2989 καλ
467 2919 613 3000 θεατούς
636 2921 804 3004 γενέσθαι.
840 2916 1003 2986 τοιούτων
1028 2908 1094 2986 οῦν
1119 2933 1266 3002 παρα-δ

269 3020 458 3110 δειγμάτων
480 3020 708 3109 ύπαρχόντωυ
738 3021 903 3088 δέδεικται
930 3033 1002 3099 τοῖς
1027 3020 1234 3107 ἐπιθυμοῦσι

267 3123 347 3204 τούς
360 3121 596 3210 ἀκροωμένους
602 3134 832 3206 ψυχαγωγεῖν,
846 3117 898 3188 ὅτι
908 3119 1043 3208 τοῦμὲν
1051 3131 1233 3190 νουθετεῖν

268 3225 326 3296 καὶ
344 3223 590 3311 συμβουλεύειν
608 3218 785 3310 άφεκτέον,
806 3220 846 3289 τά
874 3219 913 3290 δὲ
929 3226 1069 3289 τοιαῦτα
1086 3223 1233 3308 λεκτέον,

269 3322 321 3407 οἷς
335 3324 442 3415 δρῶσι
456 3322 536 3404 τοῦς
554 3322 674 3412 ὄχλους
691 3322 837 3409 μάλιστα
853 3328 1044 3411 χαίροντας.

221 3442 252 3490 εο
347 3425 430 3516 (ιδ’.)
454 3428 568 3496 Ταῦτα
586 3424 623 3492 δὲ
643 3426 786 3509 διῆλθον
802 3420 992 3510 ἡγούμενος
1010 3424 1048 3494 σὲ
1063 3428 1155 3508 δεῖν,
1173 3420 1234 3490 τδν

269 3525 333 3613 ούχ
351 3530 411 3597 έυα
432 3531 500 3595 τῶν
524 3527 659 3594 πολλῶν
683 3523 770 3592 άλλά
789 3525 926 3592 πολλῶν
949 3521 1031 3592 ὄντα
1050 3521 1234 3611 τύραννον,

268 3629 313 3716 μῆ
336 3626 398 3714 τῆν
422 3625 532 3713 αύτῆν
556 3629 695 3713 γνύμην
721 3631 808 3714 ἔχειν
832 3638 903 3704 τοῖς
927 3622 1060 3709 ἄλλοις,
1083 3626 1170 3712 μηδὲ
1192 3622 1233 3692 τά
