2859 4334
97 393 99 502 ᾗ
436 406 911 467 ιιεοεκιτνοιιιιιοιι.
1134 405 1157 469 ε

97 503 99 546 λ

192 578 237 665 μή
253 588 378 666 μαδείν
391 579 450 648 καὶ
462 577 642 667 διδόμενόν
658 604 690 647 τι
706 577 844 666 άγιιδόν
856 578 949 669 παρὰ
961 583 1031 647 τοῖν
1044 584 1156 666 φίλων

192 678 236 767 μή
248 686 375 767 λαβεῖν.
394 677 618 748 κατανάλισκε
630 678 693 768 τήν
707 683 746 752 ἐν
757 685 805 772 τῷ
814 684 880 774 βίφ
893 678 1020 767 σχολήν
1034 685 1084 760 είς
1093 678 1156 765 τήν

191 787 258 849 τῶν
276 779 390 869 λόγων
406 785 603 869 φιληκοΐαν·
625 779 716 850 οὐτω
732 779 798 869 γάρ
815 780 857 849 τά
873 794 945 862 τοῖς
962 777 1076 861 ἄλλοις
1092 807 1156 869 χα-
1174 809 1190 845 ι

100 887 103 893 ’
192 888 299 962 λεκτοῖς
317 875 488 971 εὐρημένα
509 882 721 970 συμβήσεταί
741 904 795 952 σοι
811 883 941 972 ῥηιδίως
957 879 1156 969 μανθάνειν.

189 1111 257 1153 των
274 1092 433 1172 κρείττω·
459 1082 500 1152 τά
527 1083 590 1172 μὶν
606 1081 673 1172 γάρ
692 1085 818 1171 ταχέως
842 1081 1035 1171 ἀπολείπει,
1059 1084 1101 1153 τά
1118 1083 1158 1153 δὲ

189 1184 300 1254 πάντα
316 1184 379 1254 τὸν
396 1181 522 1273 χρόνον
539 1186 740 1274 παραμένει·
760 1191 864 1274 σοφία
880 1185 947 1272 γάρ
964 1185 1157 1274 μόνοντῶν

188 1285 368 1375 κτημάτων
385 1281 571 1356 άθάνατον.
601 1284 648 1375 μή
666 1285 820 1355 κατύκνει
837 1285 973 1376 μακράν
990 1283 1075 1356 ὁδὸν
1093 1310 1156 1355 πο-
1174 1299 1191 1349 o

189 1388 353 1476 ρεύεσδαι
370 1387 455 1476 πρὸς
472 1384 553 1467 τούς
570 1387 742 1456 διδάσκειν
763 1416 796 1456 τι
813 1386 974 1476 χρήσιμον
992 1388 1153 1474 ἐπαγγελ-

189 1489 372 1576 λομένους·
386 1487 529 1577 αίσχρδν
538 1489 604 1577 γάρ
617 1487 699 1569 τούς
712 1488 775 1578 μὲν
791 1487 961 1578 ἐμπόρους
974 1490 1158 1576 τηλικαῦτα

188 1589 318 1676 πελάγη
332 1592 497 1678 διαπερᾶν
515 1591 614 1658 ἕνεκα
626 1591 688 1659 τοῦ
703 1597 809 1660 πλείω
822 1595 956 1677 ποιήσαι
969 1588 1032 1676 τήν
1043 1586 1157 1677 ὐπάρ-

188 1713 318 1780 χουσαν
333 1685 470 1779 οὐσίαν,
482 1690 563 1769 τούς
572 1689 612 1759 δὲ
623 1692 812 1781 νεωτέρους
825 1689 911 1780 μηδὲ
922 1690 983 1771 τάς
996 1690 1080 1758 κατά
1092 1691 1158 1777 γήν

189 1799 331 1882 πορείας
342 1789 527 1879 ὐπομένειν
541 1791 599 1860 ἐπὶ
610 1793 657 1884 τῷ
667 1797 789 1878 βελτίω
801 1795 1005 1879 καταστήσει
1016 1789 1079 1878 τήν
1092 1788 1159 1860 αὐ-

147 1904 174 1953 20
189 1898 259 1963 τῶν
271 1890 436 1962 διάνοιαν.
454 1893 501 1984 τῷ
515 1889 579 1980 μὲν
592 1892 707 1986 τρόπφ
722 1899 845 1980 γίγνου
855 1891 1157 1982 φιλοπροσήγορος,

188 1997 234 2088 τῷ
253 1993 347 2086 λόγῳ
365 1989 399 2063 δ’
420 1991 679 2083 εὐπροσήγορος.
707 1999 778 2064 ἔστι
796 1993 834 2063 δὲ
852 1999 1192 2082 φιλοπροσηγορίαςο

189 2095 252 2182 μὲν
265 2094 305 2164 τδ
319 2107 538 2182 προσφωνεῖν
550 2092 631 2174 τούς
644 2090 881 2184 ἀπαντῶντας,
890 2093 1158 2184 εὐπροσηγορίας

188 2197 227 2267 δὲ
240 2194 280 2266 τὰ
297 2210 370 2278 τοῖς
384 2196 497 2284 λόγοις
515 2193 630 2275 αὐτοῖς
647 2202 779 2276 οίκείως
799 2195 1027 2283 ἐντυγχάνειν.
1050 2195 1158 2284 ήδέως

188 2298 251 2388 μὲν
273 2303 326 2385 ἔχε
344 2295 429 2387 πρὸς
447 2294 611 2384 ἅπαντας,
629 2300 700 2386 χρῶ
718 2297 757 2366 δὲ
773 2311 844 2377 τοῖς
857 2303 1054 2384 βελτίστοις·
1067 2296 1159 2366 οὐτω

185 2397 407 2488 γὰρτοίςμεν
416 2396 481 2467 οὐκ
489 2394 688 2484 άπεχδήσει,
710 2412 780 2478 τοῖς
789 2399 828 2467 δὲ
838 2404 937 2485 φίλος
947 2396 1087 2485 γενήσει.
1098 2396 1159 2478 τάς

189 2499 356 2581 ἕντεύξεις
373 2499 419 2588 μή
434 2502 531 2568 ποιοῦ
547 2497 680 2577 πυκνάς
693 2511 765 2580 τοῖς
779 2493 910 2585 αὐτοίς,
927 2498 1013 2586 μηδὲ
1026 2497 1159 2587 μακράς

141 2617 169 2666 ει
189 2603 358 2690 περὶτῶν
375 2598 507 2669 αὐτῶν·
526 2597 701 2688 πλησμονή
720 2599 786 2690 γάρ
803 2599 976 2669 άπάντων.
1011 2597 1159 2686 γύμναζε

188 2702 337 2773 σεαυτὸν
354 2701 472 2780 πόνοις
497 2701 679 2790 ἑκουσίοις,
703 2695 796 2781 ὅπως
820 2695 863 2770 άν
886 2699 976 2789 δύνη
994 2701 1053 2769 καὶ
1076 2699 1159 2780 τούς

188 2802 374 2882 άκουσίους
391 2802 585 2889 ὖπομένειν.
609 2801 673 2889 ὐφ’
691 2791 740 2872 ὦν
757 2812 955 2890 κρατεῖσθαι
967 2798 1031 2888 τήν
1043 2801 1158 2888 ψυχήν
1175 2829 1192 2864 ε

189 2903 344 2993 αἰσχρὸν,
362 2902 491 2972 τούτων
510 2902 706 2990 ἐγκράτειαν
724 2902 819 2973 άσκει
835 2901 985 2990 πάντων,
1002 2903 1160 2992 κέρδους,

189 3005 312 3094 ὀργῆς,
330 3002 473 3092 ἡδονῆς,
492 3003 611 3091 λύπης.
649 3011 714 3074 ἔσει
733 3004 772 3074 δὲ
787 3007 955 3091 τοιοῦτος,
979 3001 1040 3072 ἐάν
1056 3007 1159 3094 κέρδη

189 3107 254 3195 μὲν
273 3104 361 3175 εἶναι
376 3111 534 3194 νομίζης,
559 3103 603 3173 δι’
624 3094 673 3175 ὧν
692 3104 921 3193 εὐδοκιμήσεις
942 3103 1029 3174 ἀλλὰ
1047 3104 1093 3193 μή
1111 3103 1157 3173 δι’

191 3205 241 3277 ὐν
261 3203 477 3296 εὐπορήσεις,
495 3209 539 3295 τή
559 3203 590 3274 δ’
611 3203 697 3296 ὀργή
717 3213 958 3297 παραπλησίως
977 3212 1056 3294 ἔχης
1074 3205 1159 3294 πρὸς

189 3306 271 3388 τούς
295 3304 568 3396 ἁμαρτάνοντας,
596 3305 710 3397 ὥσπερ
734 3303 778 3376 ἂν
796 3308 882 3395 πρὸς
907 3308 1030 3378 ἑαυτὸν
1047 3304 1158 3395 ἆμαρ-

189 3408 338 3478 τάνοντα
356 3409 413 3476 καί
430 3407 511 3486 τούς
529 3404 654 3488 ἄλλους
673 3413 758 3494 ἔχειν
774 3407 959 3492 άξιάσειας,
977 3409 1014 3476 ἐν
1032 3406 1070 3476 δὲ
1086 3421 1159 3488 τοῖς

190 3522 350 3599 τερπνοίς
364 3507 425 3579 ἐάν
438 3509 580 3596 αἰσχρὸν
592 3507 771 3599 ὐπολάβης
780 3514 850 3580 τῶν
862 3509 926 3598 μὲν
940 3511 1081 3577 οἰκετων
1093 3507 1158 3597 ἄρ-

189 3638 275 3700 χειν,
291 3625 368 3690 ταίς
386 3606 418 3678 δ’
433 3607 574 3698 ήδοναίς
587 3610 776 3698 δουλεύειν,
796 3613 833 3680 ἐν
850 3607 889 3679 δὲ
904 3623 976 3689 τοίς
993 3622 1156 3697 πονηροῖς
1175 3617 1192 3669 d
1305 3632 1309 3640 ’

190 3712 250 3781 ἐάν
260 3710 320 3790 τὰς
329 3715 399 3780 τιδν
413 3708 527 3779 ἄλλων
536 3707 677 3800 άτυχίας
691 3711 874 3799 ἐπιβλέπῃς
887 3709 943 3778 καὶ
957 3708 1102 3779 σεαυτὸν
1112 3706 1158 3788 ὐς
