<?xml version="1.0" encoding="UTF-8"?>
<!DOCTYPE html PUBLIC "-//W3C//DTD XHTML 1.0 Transitional//EN"
    "http://www.w3.org/TR/xhtml1/DTD/xhtml1-transitional.dtd">
<html xmlns="http://www.w3.org/1999/xhtml" xml:lang="en" lang="en">
 <head>
  <title>
</title>
<meta http-equiv="Content-Type" content="text/html;charset=utf-8" />
  <meta name='ocr-system' content='tesseract 3.04.00' />
  <meta name='ocr-capabilities' content='ocr_page ocr_carea ocr_par ocr_line ocrx_word'/>
</head>
<body>
  <div class='ocr_page' id='page_1' title='image "./orationes00isgoog_0381.png"; bbox 0 0 2859 4334; ppageno 0'>
   <div class='ocr_carea' id='block_1_1' title="bbox 295 349 972 435">
    <p class='ocr_par' dir='ltr' id='par_1_1' title="bbox 295 349 972 435">
     <span class='ocr_line' id='line_1_1' title="bbox 295 349 972 435; baseline 0.003 -24"><span class='ocrx_word' id='word_1_1' title='bbox 295 350 317 411; x_wconf 85' lang='lat' dir='ltr'>s</span> <span class='ocrx_word' id='word_1_2' title='bbox 571 349 972 435; x_wconf 72' lang='grc' dir='ltr'><strong><em>ιεοιινεεονειιο</em></strong></span> 
     </span>
    </p>
   </div>
   <div class='ocr_carea' id='block_1_2' title="bbox 232 502 1341 3182">
    <p class='ocr_par' dir='ltr' id='par_1_2' title="bbox 232 502 1357 3182">
     <span class='ocr_line' id='line_1_2' title="bbox 292 502 1277 600; baseline 0.003 -23"><span class='ocrx_word' id='word_1_3' title='bbox 292 508 382 595; x_wconf 81' lang='grc' dir='ltr'><strong><em>παρὰ</em></strong></span> <span class='ocrx_word' id='word_1_4' title='bbox 396 515 464 577; x_wconf 77' lang='grc' dir='ltr'><strong><em>τῶν</em></strong></span> <span class='ocrx_word' id='word_1_5' title='bbox 476 516 579 593; x_wconf 79' lang='grc' dir='ltr'><strong><em>θεῶν,</em></strong></span> <span class='ocrx_word' id='word_1_6' title='bbox 596 506 668 576; x_wconf 86' lang='grc' dir='ltr'><strong><em>ἀλλ’</em></strong></span> <span class='ocrx_word' id='word_1_7' title='bbox 682 502 747 577; x_wconf 91' lang='grc' dir='ltr'><strong><em>ούν</em></strong></span> <span class='ocrx_word' id='word_1_8' title='bbox 761 509 852 594; x_wconf 84' lang='grc' dir='ltr'><strong><em>παρά</em></strong></span> <span class='ocrx_word' id='word_1_9' title='bbox 865 536 905 597; x_wconf 90' lang='grc' dir='ltr'><strong><em>γε</em></strong></span> <span class='ocrx_word' id='word_1_10' title='bbox 917 526 987 590; x_wconf 77' lang='grc' dir='ltr'><strong><em>τοῖς</em></strong></span> <span class='ocrx_word' id='word_1_11' title='bbox 1000 510 1195 600; x_wconf 77' lang='grc' dir='ltr'><strong><em>ἀνθρώποις</em></strong></span> <span class='ocrx_word' id='word_1_12' title='bbox 1205 519 1277 586; x_wconf 58' lang='lat' dir='ltr'><strong><em>&amp;ub</em></strong></span> 
     </span>
     <span class='ocr_line' id='line_1_3' title="bbox 243 604 1245 702; baseline 0.013 -30"><span class='ocrx_word' id='word_1_13' title='bbox 243 616 277 671; x_wconf 73' lang='lat'><strong><em>29</em></strong></span> <span class='ocrx_word' id='word_1_14' title='bbox 292 608 421 676; x_wconf 85' lang='grc' dir='ltr'><strong><em>τούτων</em></strong></span> <span class='ocrx_word' id='word_1_15' title='bbox 431 605 562 695; x_wconf 78' lang='grc' dir='ltr'><strong><em>μάλιστ’</em></strong></span> <span class='ocrx_word' id='word_1_16' title='bbox 577 604 818 694; x_wconf 79' lang='grc' dir='ltr'><strong><em>εὐδοκιμήσειν.</em></strong></span> <span class='ocrx_word' id='word_1_17' title='bbox 840 605 922 694; x_wconf 84' lang='grc' dir='ltr'><strong><em>ὅπερ</em></strong></span> <span class='ocrx_word' id='word_1_18' title='bbox 934 609 1090 702; x_wconf 77' lang='grc' dir='ltr'><strong><em>αὐτῷκαὶ</em></strong></span> <span class='ocrx_word' id='word_1_19' title='bbox 1102 618 1245 701; x_wconf 77' lang='grc' dir='ltr'><em>συνέβη·</em></span> 
     </span>
     <span class='ocr_line' id='line_1_4' title="bbox 291 704 1247 809; baseline 0.005 -34"><span class='ocrx_word' id='word_1_20' title='bbox 291 714 452 775; x_wconf 85' lang='grc' dir='ltr'><strong><em>τοσοῦτον</em></strong></span> <span class='ocrx_word' id='word_1_21' title='bbox 466 705 531 794; x_wconf 87' lang='grc' dir='ltr'><strong><em>γάρ</em></strong></span> <span class='ocrx_word' id='word_1_22' title='bbox 548 704 679 795; x_wconf 77' lang='grc' dir='ltr'><strong><em>εὐδοξίᾳ</em></strong></span> <span class='ocrx_word' id='word_1_23' title='bbox 694 704 775 786; x_wconf 88' lang='grc' dir='ltr'><strong><em>τούς</em></strong></span> <span class='ocrx_word' id='word_1_24' title='bbox 791 705 914 787; x_wconf 86' lang='grc' dir='ltr'><strong><em>ἀλλους</em></strong></span> <span class='ocrx_word' id='word_1_25' title='bbox 933 706 1247 809; x_wconf 75' lang='grc' dir='ltr'><strong><em>ὐπερέβαλεν,ύστε</em></strong></span> 
     </span>
     <span class='ocr_line' id='line_1_5' title="bbox 290 804 1238 901; baseline 0.003 -23"><span class='ocrx_word' id='word_1_26' title='bbox 290 810 345 878; x_wconf 80' lang='grc' dir='ltr'><strong><em>καὶ</em></strong></span> <span class='ocrx_word' id='word_1_27' title='bbox 358 806 438 886; x_wconf 86' lang='grc' dir='ltr'><strong><em>τούς</em></strong></span> <span class='ocrx_word' id='word_1_28' title='bbox 451 810 635 891; x_wconf 79' lang='grc' dir='ltr'><strong><em>νεωτέρους</em></strong></span> <span class='ocrx_word' id='word_1_29' title='bbox 655 804 805 884; x_wconf 78' lang='grc' dir='ltr'><strong><em>ἅπαντας</em></strong></span> <span class='ocrx_word' id='word_1_30' title='bbox 819 809 998 894; x_wconf 81' lang='grc' dir='ltr'><strong><em>ἐπιθυμεῖν</em></strong></span> <span class='ocrx_word' id='word_1_31' title='bbox 1012 808 1117 879; x_wconf 82' lang='grc' dir='ltr'><strong><em>αὐτοῦ</em></strong></span> <span class='ocrx_word' id='word_1_32' title='bbox 1130 824 1238 901; x_wconf 70' lang='grc' dir='ltr'><strong><em>μαθη</em></strong></span> 
     </span>
     <span class='ocr_line' id='line_1_6' title="bbox 281 904 1341 1001; baseline 0.006 -24"><span class='ocrx_word' id='word_1_33' title='bbox 281 908 348 1001; x_wconf 55' lang='grc' dir='ltr'><strong><em>Υτὰς</em></strong></span> <span class='ocrx_word' id='word_1_34' title='bbox 370 908 470 994; x_wconf 88' lang='grc' dir='ltr'><strong><em>είναι,</em></strong></span> <span class='ocrx_word' id='word_1_35' title='bbox 498 909 552 976; x_wconf 85' lang='grc' dir='ltr'><strong><em>καὶ</em></strong></span> <span class='ocrx_word' id='word_1_36' title='bbox 572 904 652 985; x_wconf 86' lang='grc' dir='ltr'><strong><em>τούς</em></strong></span> <span class='ocrx_word' id='word_1_37' title='bbox 672 913 919 994; x_wconf 79' lang='grc' dir='ltr'><strong><em>πρεσβυτέρους</em></strong></span> <span class='ocrx_word' id='word_1_38' title='bbox 938 907 1036 995; x_wconf 79' lang='grc' dir='ltr'><strong><em>ἥδιον</em></strong></span> <span class='ocrx_word' id='word_1_39' title='bbox 1059 910 1145 997; x_wconf 81' lang='grc' dir='ltr'><strong><em>ὁρᾶν</em></strong></span> <span class='ocrx_word' id='word_1_40' title='bbox 1165 912 1245 995; x_wconf 87' lang='grc' dir='ltr'><strong><em>τούς</em></strong></span> <span class='ocrx_word' id='word_1_41' title='bbox 1337 917 1341 923; x_wconf 73' lang='grc'><strong>’</strong></span> 
     </span>
     <span class='ocr_line' id='line_1_7' title="bbox 289 1004 1242 1097; baseline 0.004 -20"><span class='ocrx_word' id='word_1_42' title='bbox 289 1014 408 1087; x_wconf 80' lang='grc' dir='ltr'><strong><em>παίδας</em></strong></span> <span class='ocrx_word' id='word_1_43' title='bbox 423 1005 501 1086; x_wconf 86' lang='grc' dir='ltr'><strong><em>τούς</em></strong></span> <span class='ocrx_word' id='word_1_44' title='bbox 516 1004 628 1073; x_wconf 81' lang='grc' dir='ltr'><strong><em>αὐτῶν</em></strong></span> <span class='ocrx_word' id='word_1_45' title='bbox 643 1009 759 1097; x_wconf 84' lang='grc' dir='ltr'><strong><em>έκείνφ</em></strong></span> <span class='ocrx_word' id='word_1_46' title='bbox 774 1011 1059 1094; x_wconf 74' lang='grc' dir='ltr'><strong><em>συγγιγνομένους</em></strong></span> <span class='ocrx_word' id='word_1_47' title='bbox 1072 1007 1095 1097; x_wconf 79' lang='grc' dir='ltr'><em>ἢ</em></span> <span class='ocrx_word' id='word_1_48' title='bbox 1110 1020 1179 1080; x_wconf 78' lang='grc' dir='ltr'><strong><em>τῶν</em></strong></span> <span class='ocrx_word' id='word_1_49' title='bbox 1192 1019 1242 1081; x_wconf 88' lang='grc' dir='ltr'><strong><em>οί-</em></strong></span> 
     </span>
     <span class='ocr_line' id='line_1_8' title="bbox 289 1106 1244 1194; baseline 0.003 -17"><span class='ocrx_word' id='word_1_50' title='bbox 289 1116 389 1178; x_wconf 83' lang='grc' dir='ltr'><strong><em>κείων</em></strong></span> <span class='ocrx_word' id='word_1_51' title='bbox 410 1109 699 1193; x_wconf 82' lang='grc' dir='ltr'><strong><em>ἐπιμελουμένους.</em></strong></span> <span class='ocrx_word' id='word_1_52' title='bbox 729 1110 784 1174; x_wconf 79' lang='grc' dir='ltr'><strong><em>καὶ</em></strong></span> <span class='ocrx_word' id='word_1_53' title='bbox 804 1106 934 1186; x_wconf 80' lang='grc' dir='ltr'><strong><em>τούτοις</em></strong></span> <span class='ocrx_word' id='word_1_54' title='bbox 948 1106 1009 1194; x_wconf 79' lang='grc' dir='ltr'><strong><em>οὐχ</em></strong></span> <span class='ocrx_word' id='word_1_55' title='bbox 1029 1106 1104 1177; x_wconf 76' lang='grc' dir='ltr'><strong><em>οίύυ</em></strong></span> <span class='ocrx_word' id='word_1_56' title='bbox 1117 1109 1147 1178; x_wconf 89' lang='grc' dir='ltr'><strong><em>τ’</em></strong></span> <span class='ocrx_word' id='word_1_57' title='bbox 1164 1111 1244 1180; x_wconf 83' lang='grc' dir='ltr'><strong><em>ἀπι-</em></strong></span> 
     </span>
     <span class='ocr_line' id='line_1_9' title="bbox 290 1203 1244 1293; baseline 0.002 -18"><span class='ocrx_word' id='word_1_58' title='bbox 290 1222 394 1275; x_wconf 77' lang='grc' dir='ltr'><strong><em>στεῖν·</em></strong></span> <span class='ocrx_word' id='word_1_59' title='bbox 413 1212 460 1274; x_wconf 81' lang='grc' dir='ltr'><strong><em>ἔτι</em></strong></span> <span class='ocrx_word' id='word_1_60' title='bbox 472 1204 536 1293; x_wconf 81' lang='grc' dir='ltr'><strong><em>γὰρ</em></strong></span> <span class='ocrx_word' id='word_1_61' title='bbox 548 1206 603 1273; x_wconf 82' lang='grc' dir='ltr'><strong><em>καὶ</em></strong></span> <span class='ocrx_word' id='word_1_62' title='bbox 613 1213 679 1271; x_wconf 84' lang='grc' dir='ltr'><strong><em>νῦν</em></strong></span> <span class='ocrx_word' id='word_1_63' title='bbox 693 1203 772 1283; x_wconf 87' lang='grc' dir='ltr'><strong><em>τούς</em></strong></span> <span class='ocrx_word' id='word_1_64' title='bbox 786 1211 1096 1293; x_wconf 80' lang='grc' dir='ltr'><strong><em>προσποιουμένους</em></strong></span> <span class='ocrx_word' id='word_1_65' title='bbox 1110 1213 1244 1279; x_wconf 82' lang='grc' dir='ltr'><strong><em>ἐκείνου</em></strong></span> 
     </span>
     <span class='ocr_line' id='line_1_10' title="bbox 288 1304 1242 1394; baseline 0.005 -22"><span class='ocrx_word' id='word_1_66' title='bbox 288 1305 441 1393; x_wconf 84' lang='grc' dir='ltr'><strong><em>μαθητάς</em></strong></span> <span class='ocrx_word' id='word_1_67' title='bbox 456 1304 539 1373; x_wconf 79' lang='grc' dir='ltr'><strong><em>εἶναι</em></strong></span> <span class='ocrx_word' id='word_1_68' title='bbox 554 1311 683 1391; x_wconf 84' lang='grc' dir='ltr'><strong><em>μᾶλλον</em></strong></span> <span class='ocrx_word' id='word_1_69' title='bbox 698 1312 861 1390; x_wconf 77' lang='grc' dir='ltr'><strong><em>σιγῶντας</em></strong></span> <span class='ocrx_word' id='word_1_70' title='bbox 874 1305 1108 1392; x_wconf 72' lang='grc' dir='ltr'><strong><em>θαυμάζουσιν</em></strong></span> <span class='ocrx_word' id='word_1_71' title='bbox 1122 1304 1145 1394; x_wconf 80' lang='grc' dir='ltr'><em>ἢ</em></span> <span class='ocrx_word' id='word_1_72' title='bbox 1161 1307 1242 1388; x_wconf 89' lang='grc' dir='ltr'><strong><em>τούς</em></strong></span> 
     </span>
     <span class='ocr_line' id='line_1_11' title="bbox 289 1405 1271 1497; baseline -0.01 -23"><span class='ocrx_word' id='word_1_73' title='bbox 289 1408 341 1474; x_wconf 81' lang='grc' dir='ltr'><strong><em>έπδ</em></strong></span> <span class='ocrx_word' id='word_1_74' title='bbox 355 1412 400 1497; x_wconf 76' lang='grc' dir='ltr'><strong><em>τῷ</em></strong></span> <span class='ocrx_word' id='word_1_75' title='bbox 416 1409 526 1491; x_wconf 76' lang='grc' dir='ltr'><strong><em>λέγειν</em></strong></span> <span class='ocrx_word' id='word_1_76' title='bbox 541 1411 699 1490; x_wconf 85' lang='grc' dir='ltr'><strong><em>μεγίστην</em></strong></span> <span class='ocrx_word' id='word_1_77' title='bbox 714 1405 815 1485; x_wconf 87' lang='grc' dir='ltr'><strong><em>δόξαν</em></strong></span> <span class='ocrx_word' id='word_1_78' title='bbox 830 1410 973 1489; x_wconf 78' lang='grc' dir='ltr'><strong><em>ἔχοντας.</em></strong></span> <span class='ocrx_word' id='word_1_79' title='bbox 1253 1428 1271 1464; x_wconf 84' lang='grc' dir='ltr'><strong><em>α</em></strong></span> 
     </span>
     <span class='ocr_line' id='line_1_12' title="bbox 239 1496 1241 1594; baseline 0.006 -25"><span class='ocrx_word' id='word_1_80' title='bbox 239 1515 274 1569; x_wconf 72' lang='grc' dir='ltr'><strong><em>σο</em></strong></span> <span class='ocrx_word' id='word_1_81' title='bbox 301 1572 311 1585; x_wconf 75' lang='grc'><strong><em>,</em></strong></span> <span class='ocrx_word' id='word_1_82' title='bbox 373 1506 460 1593; x_wconf 84' lang='grc' dir='ltr'><strong><em>(ιβ’.)</em></strong></span> <span class='ocrx_word' id='word_1_83' title='bbox 475 1503 567 1583; x_wconf 82' lang='grc' dir='ltr'><strong><em>Ἴσιος</em></strong></span> <span class='ocrx_word' id='word_1_84' title='bbox 582 1500 625 1572; x_wconf 85' lang='grc' dir='ltr'><strong><em>ἀν</em></strong></span> <span class='ocrx_word' id='word_1_85' title='bbox 643 1496 706 1571; x_wconf 84' lang='grc' dir='ltr'><strong><em>οὖν</em></strong></span> <span class='ocrx_word' id='word_1_86' title='bbox 721 1519 789 1581; x_wconf 83' lang='grc' dir='ltr'><strong><em>τοῖς</em></strong></span> <span class='ocrx_word' id='word_1_87' title='bbox 804 1508 990 1589; x_wconf 83' lang='grc' dir='ltr'><strong><em>είρημέυοις</em></strong></span> <span class='ocrx_word' id='word_1_88' title='bbox 1006 1503 1241 1594; x_wconf 68' lang='grc' dir='ltr'><strong><em>ἀπαντήσεως,</em></strong></span> 
     </span>
     <span class='ocr_line' id='line_1_13' title="bbox 288 1602 1240 1693; baseline 0.001 -19"><span class='ocrx_word' id='word_1_89' title='bbox 288 1606 340 1674; x_wconf 83' lang='grc' dir='ltr'><strong><em>ὅτι</em></strong></span> <span class='ocrx_word' id='word_1_90' title='bbox 353 1604 416 1693; x_wconf 77' lang='grc' dir='ltr'><strong><em>τὴν</em></strong></span> <span class='ocrx_word' id='word_1_91' title='bbox 427 1610 488 1691; x_wconf 82' lang='grc' dir='ltr'><strong><em>μὲν</em></strong></span> <span class='ocrx_word' id='word_1_92' title='bbox 499 1604 613 1690; x_wconf 75' lang='grc' dir='ltr'><strong><em>χώραν</em></strong></span> <span class='ocrx_word' id='word_1_93' title='bbox 623 1607 678 1671; x_wconf 82' lang='grc' dir='ltr'><strong><em>καὶ</em></strong></span> <span class='ocrx_word' id='word_1_94' title='bbox 689 1602 768 1682; x_wconf 86' lang='grc' dir='ltr'><strong><em>τούς</em></strong></span> <span class='ocrx_word' id='word_1_95' title='bbox 778 1604 905 1691; x_wconf 85' lang='grc' dir='ltr'><strong><em>νόμους</em></strong></span> <span class='ocrx_word' id='word_1_96' title='bbox 914 1607 970 1672; x_wconf 82' lang='grc' dir='ltr'><strong><em>καὶ</em></strong></span> <span class='ocrx_word' id='word_1_97' title='bbox 980 1603 1042 1691; x_wconf 78' lang='grc' dir='ltr'><strong><em>τὴν</em></strong></span> <span class='ocrx_word' id='word_1_98' title='bbox 1054 1603 1240 1693; x_wconf 80' lang='grc' dir='ltr'><strong><em>εὐσέβειαν,</em></strong></span> 
     </span>
     <span class='ocr_line' id='line_1_14' title="bbox 287 1701 1240 1792; baseline 0 -18"><span class='ocrx_word' id='word_1_99' title='bbox 287 1712 334 1774; x_wconf 76' lang='grc' dir='ltr'><strong><em>δτι</em></strong></span> <span class='ocrx_word' id='word_1_100' title='bbox 349 1709 385 1774; x_wconf 75' lang='grc' dir='ltr'><strong><em>δὲ</em></strong></span> <span class='ocrx_word' id='word_1_101' title='bbox 399 1705 461 1792; x_wconf 76' lang='grc' dir='ltr'><strong><em>τὴν</em></strong></span> <span class='ocrx_word' id='word_1_102' title='bbox 476 1711 679 1791; x_wconf 80' lang='grc' dir='ltr'><strong><em>φιλοσοφίαν</em></strong></span> <span class='ocrx_word' id='word_1_103' title='bbox 694 1707 820 1772; x_wconf 80' lang='grc' dir='ltr'><strong><em>ἐπαινῶ</em></strong></span> <span class='ocrx_word' id='word_1_104' title='bbox 835 1701 897 1788; x_wconf 83' lang='grc' dir='ltr'><strong><em>τὴν</em></strong></span> <span class='ocrx_word' id='word_1_105' title='bbox 910 1711 1119 1790; x_wconf 79' lang='grc' dir='ltr'><strong><em>Αἰγυπτίων,</em></strong></span> <span class='ocrx_word' id='word_1_106' title='bbox 1142 1703 1240 1785; x_wconf 79' lang='grc' dir='ltr'><strong><em>ὡςδὲ</em></strong></span> 
     </span>
     <span class='ocr_line' id='line_1_15' title="bbox 286 1796 1239 1892; baseline 0 -19"><span class='ocrx_word' id='word_1_107' title='bbox 286 1804 415 1873; x_wconf 84' lang='grc' dir='ltr'><strong><em>τούτοιν</em></strong></span> <span class='ocrx_word' id='word_1_108' title='bbox 429 1814 532 1881; x_wconf 88' lang='grc' dir='ltr'><strong><em>αίτιος</em></strong></span> <span class='ocrx_word' id='word_1_109' title='bbox 547 1796 599 1889; x_wconf 79' lang='grc' dir='ltr'><strong><em>ἦν,</em></strong></span> <span class='ocrx_word' id='word_1_110' title='bbox 617 1801 657 1870; x_wconf 81' lang='grc' dir='ltr'><strong><em>ὃν</em></strong></span> <span class='ocrx_word' id='word_1_111' title='bbox 673 1801 858 1890; x_wconf 85' lang='grc' dir='ltr'><strong><em>ὑπεθέμην,</em></strong></span> <span class='ocrx_word' id='word_1_112' title='bbox 876 1803 1036 1889; x_wconf 78' lang='grc' dir='ltr'><strong><em>οὐδεμίαν</em></strong></span> <span class='ocrx_word' id='word_1_113' title='bbox 1050 1809 1114 1891; x_wconf 71' lang='grc' dir='ltr'><strong><em>ὄχοι</em></strong></span> <span class='ocrx_word' id='word_1_114' title='bbox 1128 1810 1239 1892; x_wconf 81' lang='grc' dir='ltr'><strong><em>λέγειν</em></strong></span> 
     </span>
     <span class='ocr_line' id='line_1_16' title="bbox 286 1900 1239 1991; baseline 0.002 -20"><span class='ocrx_word' id='word_1_115' title='bbox 286 1902 465 1984; x_wconf 82' lang='grc' dir='ltr'><strong><em>ἀπόδειξιν.</em></strong></span> <span class='ocrx_word' id='word_1_116' title='bbox 489 1903 572 1991; x_wconf 85' lang='grc' dir='ltr'><strong><em>(ιγ’.)</em></strong></span> <span class='ocrx_word' id='word_1_117' title='bbox 585 1900 665 1988; x_wconf 75' lang='grc' dir='ltr'><strong><em>Ἐγοδ</em></strong></span> <span class='ocrx_word' id='word_1_118' title='bbox 681 1901 713 1969; x_wconf 85' lang='grc' dir='ltr'><strong><em>δ’</em></strong></span> <span class='ocrx_word' id='word_1_119' title='bbox 728 1910 758 1971; x_wconf 93' lang='grc' dir='ltr'><strong><em>εί</em></strong></span> <span class='ocrx_word' id='word_1_120' title='bbox 769 1906 831 1988; x_wconf 78' lang='grc' dir='ltr'><strong><em>μὲν</em></strong></span> <span class='ocrx_word' id='word_1_121' title='bbox 842 1901 941 1981; x_wconf 85' lang='grc' dir='ltr'><strong><em>ἀλλος</em></strong></span> <span class='ocrx_word' id='word_1_122' title='bbox 951 1911 999 1981; x_wconf 88' lang='grc' dir='ltr'><strong><em>τίς</em></strong></span> <span class='ocrx_word' id='word_1_123' title='bbox 1012 1929 1069 1988; x_wconf 87' lang='grc' dir='ltr'><strong><em>μοι</em></strong></span> <span class='ocrx_word' id='word_1_124' title='bbox 1083 1901 1145 1970; x_wconf 89' lang='grc' dir='ltr'><strong><em>τδν</em></strong></span> <span class='ocrx_word' id='word_1_125' title='bbox 1159 1906 1239 1990; x_wconf 90' lang='grc' dir='ltr'><strong><em>τρύ-</em></strong></span> 
     </span>
     <span class='ocr_line' id='line_1_17' title="bbox 286 1997 1238 2087; baseline 0 -16"><span class='ocrx_word' id='word_1_126' title='bbox 286 2029 351 2071; x_wconf 91' lang='grc' dir='ltr'><strong><em>πον</em></strong></span> <span class='ocrx_word' id='word_1_127' title='bbox 361 2010 482 2069; x_wconf 86' lang='grc' dir='ltr'><strong><em>τοῦτον</em></strong></span> <span class='ocrx_word' id='word_1_128' title='bbox 494 2005 703 2087; x_wconf 81' lang='grc' dir='ltr'><strong><em>ἐπέπληττεν,</em></strong></span> <span class='ocrx_word' id='word_1_129' title='bbox 719 2000 873 2087; x_wconf 83' lang='grc' dir='ltr'><strong><em>ἡγούμην</em></strong></span> <span class='ocrx_word' id='word_1_130' title='bbox 883 1997 927 2067; x_wconf 83' lang='grc' dir='ltr'><strong><em>ἀν</em></strong></span> <span class='ocrx_word' id='word_1_131' title='bbox 938 1997 1043 2068; x_wconf 79' lang='grc' dir='ltr'><strong><em>αὐτὸν</em></strong></span> <span class='ocrx_word' id='word_1_132' title='bbox 1053 2007 1238 2071; x_wconf 85' lang='grc' dir='ltr'><strong><em>πεπαιδευ-</em></strong></span> 
     </span>
     <span class='ocr_line' id='line_1_18' title="bbox 285 2099 1236 2190; baseline 0.002 -19"><span class='ocrx_word' id='word_1_133' title='bbox 285 2106 392 2190; x_wconf 84' lang='grc' dir='ltr'><strong><em>μένως</em></strong></span> <span class='ocrx_word' id='word_1_134' title='bbox 404 2106 572 2188; x_wconf 81' lang='grc' dir='ltr'><strong><em>ἐπιτιμᾶν·</em></strong></span> <span class='ocrx_word' id='word_1_135' title='bbox 592 2104 644 2168; x_wconf 77' lang='grc' dir='ltr'><strong><em>σοὶ</em></strong></span> <span class='ocrx_word' id='word_1_136' title='bbox 655 2099 686 2168; x_wconf 87' lang='grc' dir='ltr'><strong><em>δ’</em></strong></span> <span class='ocrx_word' id='word_1_137' title='bbox 700 2100 742 2169; x_wconf 88' lang='grc' dir='ltr'><strong><em>οὐ</em></strong></span> <span class='ocrx_word' id='word_1_138' title='bbox 757 2103 917 2188; x_wconf 78' lang='grc' dir='ltr'><strong><em>προσήκει</em></strong></span> <span class='ocrx_word' id='word_1_139' title='bbox 928 2102 1054 2189; x_wconf 89' lang='grc' dir='ltr'><strong><em>ταύτην</em></strong></span> <span class='ocrx_word' id='word_1_140' title='bbox 1066 2115 1236 2173; x_wconf 76' lang='grc' dir='ltr'><strong><em>ποιεῖσθαι</em></strong></span> 
     </span>
     <span class='ocr_line' id='line_1_19' title="bbox 236 2199 1236 2291; baseline 0.006 -26"><span class='ocrx_word' id='word_1_141' title='bbox 236 2213 265 2266; x_wconf 80' lang='lat'><strong><em>³1</em></strong></span> <span class='ocrx_word' id='word_1_142' title='bbox 284 2202 345 2291; x_wconf 77' lang='grc' dir='ltr'><strong><em>τὴν</em></strong></span> <span class='ocrx_word' id='word_1_143' title='bbox 367 2206 534 2290; x_wconf 79' lang='grc' dir='ltr'><strong><em>ἐπίληψιν.</em></strong></span> <span class='ocrx_word' id='word_1_144' title='bbox 552 2203 732 2288; x_wconf 82' lang='grc' dir='ltr'><strong><em>βουληθεὶς</em></strong></span> <span class='ocrx_word' id='word_1_145' title='bbox 741 2199 807 2287; x_wconf 86' lang='grc' dir='ltr'><strong><em>γάρ</em></strong></span> <span class='ocrx_word' id='word_1_146' title='bbox 819 2202 981 2286; x_wconf 83' lang='grc' dir='ltr'><strong><em>Βούσιριν</em></strong></span> <span class='ocrx_word' id='word_1_147' title='bbox 994 2199 1145 2288; x_wconf 85' lang='grc' dir='ltr'><strong><em>εύλογείν</em></strong></span> <span class='ocrx_word' id='word_1_148' title='bbox 1156 2230 1236 2289; x_wconf 90' lang='grc' dir='ltr'><strong><em>προ-</em></strong></span> 
     </span>
     <span class='ocr_line' id='line_1_20' title="bbox 286 2296 1267 2387; baseline -0.005 -16"><span class='ocrx_word' id='word_1_149' title='bbox 286 2310 376 2371; x_wconf 86' lang='grc' dir='ltr'><strong><em>είλου</em></strong></span> <span class='ocrx_word' id='word_1_150' title='bbox 391 2305 510 2385; x_wconf 86' lang='grc' dir='ltr'><strong><em>λέγειν,</em></strong></span> <span class='ocrx_word' id='word_1_151' title='bbox 529 2296 573 2378; x_wconf 78' lang='grc' dir='ltr'><strong><em>ἀς</em></strong></span> <span class='ocrx_word' id='word_1_152' title='bbox 586 2300 646 2368; x_wconf 91' lang='grc' dir='ltr'><strong><em>τόν</em></strong></span> <span class='ocrx_word' id='word_1_153' title='bbox 661 2324 696 2367; x_wconf 91' lang='grc' dir='ltr'><strong><em>τε</em></strong></span> <span class='ocrx_word' id='word_1_154' title='bbox 710 2307 836 2367; x_wconf 81' lang='grc' dir='ltr'><strong><em>Νεῖλον</em></strong></span> <span class='ocrx_word' id='word_1_155' title='bbox 850 2302 926 2386; x_wconf 81' lang='grc' dir='ltr'><strong><em>περὶ</em></strong></span> <span class='ocrx_word' id='word_1_156' title='bbox 940 2297 1003 2385; x_wconf 79' lang='grc' dir='ltr'><strong><em>τὴν</em></strong></span> <span class='ocrx_word' id='word_1_157' title='bbox 1016 2299 1130 2386; x_wconf 75' lang='grc' dir='ltr'><strong><em>χώραν</em></strong></span> <span class='ocrx_word' id='word_1_158' title='bbox 1143 2310 1267 2387; x_wconf 86' lang='grc' dir='ltr'><strong><em>περι-δ</em></strong></span> 
     </span>
     <span class='ocr_line' id='line_1_21' title="bbox 285 2396 1237 2487; baseline -0.002 -18"><span class='ocrx_word' id='word_1_159' title='bbox 285 2405 399 2487; x_wconf 78' lang='grc' dir='ltr'><strong><em>ἔρρηξε</em></strong></span> <span class='ocrx_word' id='word_1_160' title='bbox 413 2402 467 2468; x_wconf 78' lang='grc' dir='ltr'><strong><em>καὶ</em></strong></span> <span class='ocrx_word' id='word_1_161' title='bbox 482 2406 550 2467; x_wconf 78' lang='grc' dir='ltr'><strong><em>τῶν</em></strong></span> <span class='ocrx_word' id='word_1_162' title='bbox 561 2403 665 2480; x_wconf 88' lang='grc' dir='ltr'><strong><em>ξένων</em></strong></span> <span class='ocrx_word' id='word_1_163' title='bbox 675 2396 754 2478; x_wconf 87' lang='grc' dir='ltr'><strong><em>τούς</em></strong></span> <span class='ocrx_word' id='word_1_164' title='bbox 764 2396 1035 2485; x_wconf 89' lang='grc' dir='ltr'><strong><em>ἀφικνουμένους</em></strong></span> <span class='ocrx_word' id='word_1_165' title='bbox 1043 2400 1143 2467; x_wconf 87' lang='grc' dir='ltr'><strong><em>θύων</em></strong></span> <span class='ocrx_word' id='word_1_166' title='bbox 1154 2426 1237 2468; x_wconf 83' lang='grc' dir='ltr'><strong><em>τιατ-</em></strong></span> 
     </span>
     <span class='ocr_line' id='line_1_22' title="bbox 283 2495 1233 2587; baseline -0.001 -20"><span class='ocrx_word' id='word_1_167' title='bbox 283 2502 418 2587; x_wconf 82' lang='grc' dir='ltr'><strong><em>ήσθιευ·</em></strong></span> <span class='ocrx_word' id='word_1_168' title='bbox 441 2498 484 2577; x_wconf 83' lang='grc' dir='ltr'><strong><em>ὡς</em></strong></span> <span class='ocrx_word' id='word_1_169' title='bbox 499 2498 534 2566; x_wconf 71' lang='grc' dir='ltr'><strong><em>δὲ</em></strong></span> <span class='ocrx_word' id='word_1_170' title='bbox 547 2496 641 2565; x_wconf 81' lang='grc' dir='ltr'><strong><em>ταῦτ’</em></strong></span> <span class='ocrx_word' id='word_1_171' title='bbox 661 2501 816 2584; x_wconf 82' lang='grc' dir='ltr'><strong><em>ἐποίησεν</em></strong></span> <span class='ocrx_word' id='word_1_172' title='bbox 836 2495 996 2584; x_wconf 75' lang='grc' dir='ltr'><strong><em>οὐδεμίαν</em></strong></span> <span class='ocrx_word' id='word_1_173' title='bbox 1017 2506 1129 2567; x_wconf 90' lang='grc' dir='ltr'><strong><em>πίστιν</em></strong></span> <span class='ocrx_word' id='word_1_174' title='bbox 1144 2509 1233 2585; x_wconf 83' lang='grc' dir='ltr'><strong><em>είρη-</em></strong></span> 
     </span>
     <span class='ocr_line' id='line_1_23' title="bbox 283 2595 1236 2684; baseline -0.002 -16"><span class='ocrx_word' id='word_1_175' title='bbox 283 2627 350 2679; x_wconf 88' lang='grc' dir='ltr'><strong><em>κας.</em></strong></span> <span class='ocrx_word' id='word_1_176' title='bbox 367 2606 471 2668; x_wconf 88' lang='grc' dir='ltr'><strong><em>καίτοι</em></strong></span> <span class='ocrx_word' id='word_1_177' title='bbox 483 2606 554 2678; x_wconf 80' lang='grc' dir='ltr'><strong><em>πῶς</em></strong></span> <span class='ocrx_word' id='word_1_178' title='bbox 565 2595 605 2665; x_wconf 88' lang='grc' dir='ltr'><strong><em>οὐ</em></strong></span> <span class='ocrx_word' id='word_1_179' title='bbox 617 2598 863 2684; x_wconf 87' lang='grc' dir='ltr'><strong><em>καταγέλαστόν</em></strong></span> <span class='ocrx_word' id='word_1_180' title='bbox 874 2600 941 2666; x_wconf 90' lang='grc' dir='ltr'><strong><em>έστι</em></strong></span> <span class='ocrx_word' id='word_1_181' title='bbox 952 2606 1056 2665; x_wconf 85' lang='grc' dir='ltr'><strong><em>ταῦτα</em></strong></span> <span class='ocrx_word' id='word_1_182' title='bbox 1066 2596 1156 2682; x_wconf 89' lang='grc' dir='ltr'><strong><em>παρά</em></strong></span> <span class='ocrx_word' id='word_1_183' title='bbox 1166 2605 1236 2666; x_wconf 75' lang='grc' dir='ltr'><strong><em>τῶν</em></strong></span> 
     </span>
     <span class='ocr_line' id='line_1_24' title="bbox 282 2693 1235 2784; baseline -0.003 -17"><span class='ocrx_word' id='word_1_184' title='bbox 282 2698 393 2767; x_wconf 86' lang='grc' dir='ltr'><strong><em>ἀλλων</em></strong></span> <span class='ocrx_word' id='word_1_185' title='bbox 408 2696 574 2783; x_wconf 79' lang='grc' dir='ltr'><strong><em>ἀπαιτεῖν,</em></strong></span> <span class='ocrx_word' id='word_1_186' title='bbox 598 2693 647 2777; x_wconf 85' lang='grc' dir='ltr'><strong><em>οἷς</em></strong></span> <span class='ocrx_word' id='word_1_187' title='bbox 661 2696 763 2777; x_wconf 83' lang='grc' dir='ltr'><strong><em>αὐτὸς</em></strong></span> <span class='ocrx_word' id='word_1_188' title='bbox 776 2697 860 2784; x_wconf 67' lang='grc' dir='ltr'><strong><em>μηδὲ</em></strong></span> <span class='ocrx_word' id='word_1_189' title='bbox 875 2695 957 2765; x_wconf 86' lang='grc' dir='ltr'><strong><em>κατά</em></strong></span> <span class='ocrx_word' id='word_1_190' title='bbox 973 2694 1095 2784; x_wconf 78' lang='grc' dir='ltr'><strong><em>μικρὸν</em></strong></span> <span class='ocrx_word' id='word_1_191' title='bbox 1108 2697 1235 2784; x_wconf 79' lang='grc' dir='ltr'><strong><em>τυγχά-</em></strong></span> 
     </span>
     <span class='ocr_line' id='line_1_25' title="bbox 232 2794 1236 2887; baseline -0.001 -21"><span class='ocrx_word' id='word_1_192' title='bbox 232 2806 266 2859; x_wconf 72' lang='lat'><strong><em>32</em></strong></span> <span class='ocrx_word' id='word_1_193' title='bbox 280 2804 581 2887; x_wconf 75' lang='grc' dir='ltr'><strong><em>υεις·κεχρημένος;</em></strong></span> <span class='ocrx_word' id='word_1_194' title='bbox 603 2794 687 2867; x_wconf 85' lang='grc' dir='ltr'><strong><em>ἀλλά</em></strong></span> <span class='ocrx_word' id='word_1_195' title='bbox 705 2798 855 2887; x_wconf 85' lang='grc' dir='ltr'><strong><em>τοσούτφ</em></strong></span> <span class='ocrx_word' id='word_1_196' title='bbox 872 2799 974 2864; x_wconf 89' lang='grc' dir='ltr'><strong><em>πλέον</em></strong></span> <span class='ocrx_word' id='word_1_197' title='bbox 990 2794 1087 2883; x_wconf 75' lang='grc' dir='ltr'><strong><em>ἡμῶν</em></strong></span> <span class='ocrx_word' id='word_1_198' title='bbox 1104 2795 1236 2883; x_wconf 87' lang='grc' dir='ltr'><strong><em>ἀπέχεις</em></strong></span> 
     </span>
     <span class='ocr_line' id='line_1_26' title="bbox 280 2891 1235 2983; baseline -0.003 -18"><span class='ocrx_word' id='word_1_199' title='bbox 280 2905 340 2965; x_wconf 82' lang='grc' dir='ltr'><strong><em>τοῦ</em></strong></span> <span class='ocrx_word' id='word_1_200' title='bbox 356 2895 455 2966; x_wconf 88' lang='grc' dir='ltr'><strong><em>πιστά</em></strong></span> <span class='ocrx_word' id='word_1_201' title='bbox 471 2903 590 2983; x_wconf 85' lang='grc' dir='ltr'><strong><em>λέγειν,</em></strong></span> <span class='ocrx_word' id='word_1_202' title='bbox 609 2896 692 2963; x_wconf 81' lang='grc' dir='ltr'><strong><em>ὅσον</em></strong></span> <span class='ocrx_word' id='word_1_203' title='bbox 701 2894 766 2983; x_wconf 83' lang='grc' dir='ltr'><strong><em>έγάι</em></strong></span> <span class='ocrx_word' id='word_1_204' title='bbox 778 2898 840 2982; x_wconf 75' lang='grc' dir='ltr'><strong><em>μὲν</em></strong></span> <span class='ocrx_word' id='word_1_205' title='bbox 855 2891 995 2972; x_wconf 91' lang='grc' dir='ltr'><strong><em>ούδενδς</em></strong></span> <span class='ocrx_word' id='word_1_206' title='bbox 1007 2892 1110 2963; x_wconf 88' lang='grc' dir='ltr'><strong><em>αύτδν</em></strong></span> <span class='ocrx_word' id='word_1_207' title='bbox 1120 2902 1235 2963; x_wconf 77' lang='grc' dir='ltr'><strong><em>αίτιαί-</em></strong></span> 
     </span>
     <span class='ocr_line' id='line_1_27' title="bbox 280 2994 1234 3084; baseline 0 -21"><span class='ocrx_word' id='word_1_208' title='bbox 280 3024 338 3083; x_wconf 90' lang='grc' dir='ltr'><strong><em>μαι</em></strong></span> <span class='ocrx_word' id='word_1_209' title='bbox 352 3003 420 3064; x_wconf 79' lang='grc' dir='ltr'><strong><em>τῶν</em></strong></span> <span class='ocrx_word' id='word_1_210' title='bbox 437 2994 615 3064; x_wconf 79' lang='grc' dir='ltr'><strong><em>ἀδυνάτων</em></strong></span> <span class='ocrx_word' id='word_1_211' title='bbox 629 2994 713 3065; x_wconf 85' lang='grc' dir='ltr'><strong><em>ἀλλά</em></strong></span> <span class='ocrx_word' id='word_1_212' title='bbox 729 2997 845 3084; x_wconf 87' lang='grc' dir='ltr'><strong><em>νόμων</em></strong></span> <span class='ocrx_word' id='word_1_213' title='bbox 861 2996 917 3063; x_wconf 81' lang='grc' dir='ltr'><strong><em>καὶ</em></strong></span> <span class='ocrx_word' id='word_1_214' title='bbox 932 3001 1114 3078; x_wconf 87' lang='grc' dir='ltr'><strong><em>πολιτείας,</em></strong></span> <span class='ocrx_word' id='word_1_215' title='bbox 1134 2998 1234 3081; x_wconf 81' lang='grc' dir='ltr'><strong><em>αἴπερ</em></strong></span> 
     </span>
     <span class='ocr_line' id='line_1_28' title="bbox 281 3092 1261 3182; baseline -0.006 -17"><span class='ocrx_word' id='word_1_216' title='bbox 281 3099 342 3165; x_wconf 83' lang='grc' dir='ltr'><strong><em>είσί</em></strong></span> <span class='ocrx_word' id='word_1_217' title='bbox 357 3095 492 3180; x_wconf 80' lang='grc' dir='ltr'><strong><em>πράξεις</em></strong></span> <span class='ocrx_word' id='word_1_218' title='bbox 505 3102 573 3164; x_wconf 82' lang='grc' dir='ltr'><strong><em>τῶν</em></strong></span> <span class='ocrx_word' id='word_1_219' title='bbox 587 3093 724 3182; x_wconf 80' lang='grc' dir='ltr'><strong><em>ἀνδρῶν</em></strong></span> <span class='ocrx_word' id='word_1_220' title='bbox 737 3102 806 3163; x_wconf 78' lang='grc' dir='ltr'><strong><em>τῶν</em></strong></span> <span class='ocrx_word' id='word_1_221' title='bbox 818 3103 932 3164; x_wconf 79' lang='grc' dir='ltr'><strong><em>καλῶν</em></strong></span> <span class='ocrx_word' id='word_1_222' title='bbox 946 3092 1123 3180; x_wconf 77' lang='grc' dir='ltr'><strong><em>κάγαθῶν·</em></strong></span> <span class='ocrx_word' id='word_1_223' title='bbox 1141 3094 1185 3164; x_wconf 87' lang='grc' dir='ltr'><strong><em>σύ</em></strong></span> <span class='ocrx_word' id='word_1_224' title='bbox 1194 3097 1261 3165; x_wconf 55' lang='lat' dir='ltr'><strong><em>dle</em></strong></span> 
     </span>
    </p>
   </div>
   <div class='ocr_carea' id='block_1_3' title="bbox 231 3186 1301 3680">
    <p class='ocr_par' dir='ltr' id='par_1_3' title="bbox 279 3186 1234 3481">
     <span class='ocr_line' id='line_1_29' title="bbox 279 3186 1234 3281; baseline 0.001 -18"><span class='ocrx_word' id='word_1_225' title='bbox 279 3195 443 3263; x_wconf 85' lang='grc' dir='ltr'><strong><em>τοιούτων</em></strong></span> <span class='ocrx_word' id='word_1_226' title='bbox 457 3193 663 3281; x_wconf 81' lang='grc' dir='ltr'><strong><em>δημιουργὸν</em></strong></span> <span class='ocrx_word' id='word_1_227' title='bbox 678 3193 894 3281; x_wconf 89' lang='grc' dir='ltr'><strong><em>ἀποφαίνεις,</em></strong></span> <span class='ocrx_word' id='word_1_228' title='bbox 913 3186 962 3263; x_wconf 80' lang='grc' dir='ltr'><strong><em>ἀν</em></strong></span> <span class='ocrx_word' id='word_1_229' title='bbox 976 3192 1156 3278; x_wconf 83' lang='grc' dir='ltr'><strong><em>οὐδέτερον</em></strong></span> <span class='ocrx_word' id='word_1_230' title='bbox 1171 3194 1234 3264; x_wconf 86' lang='grc' dir='ltr'><strong><em>οὐ·</em></strong></span> 
     </span>
     <span class='ocr_line' id='line_1_30' title="bbox 280 3287 1234 3381; baseline 0.002 -21"><span class='ocrx_word' id='word_1_231' title='bbox 280 3296 346 3371; x_wconf 80' lang='grc' dir='ltr'><strong><em>δελς</em></strong></span> <span class='ocrx_word' id='word_1_232' title='bbox 364 3287 409 3361; x_wconf 81' lang='grc' dir='ltr'><strong><em>ἀν</em></strong></span> <span class='ocrx_word' id='word_1_233' title='bbox 425 3289 619 3376; x_wconf 74' lang='grc' dir='ltr'><strong><em>ἀνθρώπων</em></strong></span> <span class='ocrx_word' id='word_1_234' title='bbox 640 3295 827 3381; x_wconf 79' lang='grc' dir='ltr'><strong><em>ποιήσειεν,</em></strong></span> <span class='ocrx_word' id='word_1_235' title='bbox 852 3292 936 3363; x_wconf 82' lang='grc' dir='ltr'><strong><em>ἀλλά</em></strong></span> <span class='ocrx_word' id='word_1_236' title='bbox 958 3290 994 3360; x_wconf 89' lang='grc' dir='ltr'><strong><em>τδ</em></strong></span> <span class='ocrx_word' id='word_1_237' title='bbox 1016 3294 1078 3379; x_wconf 74' lang='grc' dir='ltr'><strong><em>μὲν</em></strong></span> <span class='ocrx_word' id='word_1_238' title='bbox 1092 3302 1149 3380; x_wconf 84' lang='grc' dir='ltr'><strong><em>τῆς</em></strong></span> <span class='ocrx_word' id='word_1_239' title='bbox 1163 3301 1234 3364; x_wconf 79' lang='grc' dir='ltr'><strong><em>τῶν</em></strong></span> 
     </span>
     <span class='ocr_line' id='line_1_31' title="bbox 279 3388 1232 3481; baseline 0.005 -23"><span class='ocrx_word' id='word_1_240' title='bbox 279 3399 410 3478; x_wconf 85' lang='grc' dir='ltr'><strong><em>θηρίων</em></strong></span> <span class='ocrx_word' id='word_1_241' title='bbox 426 3388 608 3479; x_wconf 82' lang='grc' dir='ltr'><strong><em>ἀμύτητος,</em></strong></span> <span class='ocrx_word' id='word_1_242' title='bbox 625 3390 661 3460; x_wconf 89' lang='grc' dir='ltr'><strong><em>τδ</em></strong></span> <span class='ocrx_word' id='word_1_243' title='bbox 678 3394 713 3461; x_wconf 71' lang='grc' dir='ltr'><strong><em>δέ</em></strong></span> <span class='ocrx_word' id='word_1_244' title='bbox 728 3400 786 3481; x_wconf 79' lang='grc' dir='ltr'><strong><em>τῆς</em></strong></span> <span class='ocrx_word' id='word_1_245' title='bbox 799 3400 867 3461; x_wconf 79' lang='grc' dir='ltr'><strong><em>τῶν</em></strong></span> <span class='ocrx_word' id='word_1_246' title='bbox 881 3400 975 3462; x_wconf 79' lang='grc' dir='ltr'><strong><em>θεῶν</em></strong></span> <span class='ocrx_word' id='word_1_247' title='bbox 988 3392 1164 3479; x_wconf 74' lang='grc' dir='ltr'><strong><em>δυνάμεως</em></strong></span> <span class='ocrx_word' id='word_1_248' title='bbox 1174 3400 1232 3479; x_wconf 76' lang='grc' dir='ltr'><strong><em>έρ-</em></strong></span> 
     </span>
    </p>

    <p class='ocr_par' dir='ltr' id='par_1_4' title="bbox 231 3486 1301 3680">
     <span class='ocr_line' id='line_1_32' title="bbox 231 3486 1231 3580; baseline 0 -21"><span class='ocrx_word' id='word_1_249' title='bbox 231 3505 264 3559; x_wconf 78' lang='grc'><strong><em>33</em></strong></span> <span class='ocrx_word' id='word_1_250' title='bbox 280 3516 343 3576; x_wconf 87' lang='grc' dir='ltr'><strong><em>γον</em></strong></span> <span class='ocrx_word' id='word_1_251' title='bbox 357 3494 454 3559; x_wconf 81' lang='grc' dir='ltr'><strong><em>ἐστίν.</em></strong></span> <span class='ocrx_word' id='word_1_252' title='bbox 478 3486 580 3559; x_wconf 72' lang='grc' dir='ltr'><strong><em>ἔπειτ’</em></strong></span> <span class='ocrx_word' id='word_1_253' title='bbox 595 3497 625 3559; x_wconf 88' lang='grc' dir='ltr'><strong><em>εί</em></strong></span> <span class='ocrx_word' id='word_1_254' title='bbox 637 3492 692 3561; x_wconf 82' lang='grc' dir='ltr'><strong><em>καλ</em></strong></span> <span class='ocrx_word' id='word_1_255' title='bbox 705 3493 915 3580; x_wconf 86' lang='grc' dir='ltr'><strong><em>τνγχάνομεν</em></strong></span> <span class='ocrx_word' id='word_1_256' title='bbox 929 3488 1113 3578; x_wconf 88' lang='grc' dir='ltr'><strong><em>ἀμφότεροι</em></strong></span> <span class='ocrx_word' id='word_1_257' title='bbox 1123 3497 1231 3579; x_wconf 69' lang='grc' dir='ltr'><strong><em>ψευδῆ</em></strong></span> 
     </span>
     <span class='ocr_line' id='line_1_33' title="bbox 277 3582 1301 3680; baseline 0.006 -23"><span class='ocrx_word' id='word_1_258' title='bbox 277 3593 445 3675; x_wconf 84' lang='grc' dir='ltr'><strong><em>λέγοντες,</em></strong></span> <span class='ocrx_word' id='word_1_259' title='bbox 471 3586 546 3657; x_wconf 89' lang='grc' dir='ltr'><strong><em>ἀλλ’</em></strong></span> <span class='ocrx_word' id='word_1_260' title='bbox 564 3582 630 3657; x_wconf 89' lang='grc' dir='ltr'><strong><em>οὐν</em></strong></span> <span class='ocrx_word' id='word_1_261' title='bbox 650 3589 715 3679; x_wconf 78' lang='grc' dir='ltr'><strong><em>έγιδ</em></strong></span> <span class='ocrx_word' id='word_1_262' title='bbox 739 3594 802 3680; x_wconf 74' lang='grc' dir='ltr'><strong><em>μὲν</em></strong></span> <span class='ocrx_word' id='word_1_263' title='bbox 828 3595 987 3680; x_wconf 73' lang='grc' dir='ltr'><strong><em>κέχρημαι</em></strong></span> <span class='ocrx_word' id='word_1_264' title='bbox 1010 3591 1141 3671; x_wconf 90' lang='grc' dir='ltr'><strong><em>τούτοις</em></strong></span> <span class='ocrx_word' id='word_1_265' title='bbox 1162 3606 1232 3671; x_wconf 77' lang='grc' dir='ltr'><strong><em>τοίς</em></strong></span> <span class='ocrx_word' id='word_1_266' title='bbox 1248 3608 1301 3663; x_wconf 72' lang='lat'><strong><em>228</em></strong></span> 
     </span>
    </p>
   </div>
   <div class='ocr_carea' id='block_1_4' title="bbox 0 0 1434 4334">
    <p class='ocr_par' dir='ltr' id='par_1_5' title="bbox 0 0 1434 4334">
     <span class='ocr_line' id='line_1_34' title="bbox 0 0 1434 4334; baseline 0 4"><span class='ocrx_word' id='word_1_267' title='bbox 0 0 1434 4334; x_wconf 95' lang='lat' dir='ltr'><strong><em> </em></strong></span> 
     </span>
    </p>
   </div>
  </div>
 </body>
</html>
