2859 4334
414 351 526 407 ΠΕΡΙ
551 348 895 406 ΑΝΊἿΔΟΣΕΩΣ.
1074 346 1130 408 121

171 500 357 594 γυάσκειν,
375 506 427 576 ὅτι
442 508 569 592 νόμους
584 507 646 593 μὲν
661 517 775 573 θεῖναι
790 512 904 593 μυρίοι
920 510 974 573 καὶ.
990 514 1059 573 τῶν
1073 505 1130 574 άλ-

172 618 244 677 λων
253 607 422 695 Ἑλλήνων
440 609 493 675 καὶ
515 614 583 673 τῶν
605 608 788 692 βαρβάρων
809 608 917 674 ἱκανοὶ
938 608 1129 693 γεγόνασιν,

172 713 280 775 εἰπεῖν
301 710 336 775 δὲ
358 709 433 793 περὶ
455 714 522 773 των
544 706 789 791 συμφερόντων
810 703 909 785 ἀξίως
927 712 984 791 τῆς
1004 703 1131 781 πόλεως

120 818 152 872 81
172 809 229 876 καὶ
243 815 301 894 της
309 805 466 883 Ἑλλάδος
482 803 543 873 οὐκ
559 801 603 871 άν
619 806 735 872 πολλοὶ
752 807 949 889 δυνηθεῖεν·
968 795 1016 871 ὧν
1031 806 1129 871 ἕνεκα

171 905 252 986 τούς
267 913 368 993 ἔργον
383 909 605 991 ποιουμένους
622 901 701 981 τούς
715 902 890 981 τοιούτους
905 903 1025 989 λόγους
1038 900 1129 989 εὑρί-

173 1029 273 1075 σκειν
289 1007 438 1097 τοσούτῳ
451 1003 513 1092 χρη
528 1008 603 1088 περὶ.
619 1011 773 1081 πλείονος
790 1013 959 1070 ποιεῖσθαι
972 1009 1041 1069 των
1051 1000 1130 1081 τούς
1161 1088 1163 1091 Ι

176 1108 304 1192 νόμους
315 1107 478 1174 τιθέντων
490 1107 544 1171 καὶ
555 1105 768 1189 γραφόντων,
782 1100 850 1193 ὅσην
861 1106 922 1187 πέρ
936 1110 997 1171 εἰσι
1009 1122 1126 1170 σπανι-

177 1205 292 1290 άτεροι
308 1208 362 1271 καὶ
373 1204 595 1289 χαλεπώτεροι
607 1204 661 1270 καὶ
672 1209 779 1287 ψυχῆς
790 1204 1042 1289 φρονιμωτέρας
1055 1202 1130 1269 δεό·

120 1314 158 1368 82
172 1330 269 1392 μενοι
287 1303 522 1388 τυγχάνουσιν,
538 1300 645 1378 άλλως
659 1327 693 1367 τε
708 1298 748 1386 δὴ
762 1304 815 1369 καὶ
828 1308 901 1368 νῦν.
926 1299 982 1369 ὅτε
993 1302 1056 1388 μὲν
1065 1299 1129 1387 γάρ

171 1400 289 1488 ἤρχετο
301 1397 338 1469 τδ
350 1405 447 1485 γένος
458 1397 495 1467 τό
507 1406 574 1467 τῶν
585 1396 781 1482 ἀνθρώπων
792 1406 969 1487 γίγνεσθαι
981 1402 1032 1467 καλ
1047 1421 1129 1467 συν-

173 1505 354 1579 οικίζεσθαι
370 1494 453 1565 κατά
468 1498 597 1580 πόλεις,
643 1496 733 1575 ελκδς
790 1506 1024 1583 παραπλησίαν
1045 1497 1128 1566 εἶναι

172 1595 235 1683 τὴν
251 1598 383 1683 ζήτησιν
399 1591 528 1661 αὐτῶν
551 1594 664 1680 ἐπειδὴ
682 1591 713 1660 δ’
730 1597 878 1662 ἐνταῦθα
893 1597 1128 1681 προεληλύθα-

173 1725 236 1785 μεν
257 1695 339 1765 ὥστε
363 1697 417 1764 καὶ
436 1693 515 1772 τούς
537 1694 659 1780 λόγους
678 1694 758 1774 τοὺς
774 1699 968 1782 εἰρημένους
983 1696 1130 1775 καὶτοὺς

174 1795 300 1882 νόμους
314 1794 392 1872 τούς
409 1796 582 1878 κειμένους
597 1791 850 1880 άναριθμήτους
867 1793 969 1879 εἶναι,
992 1797 1045 1862 καὶ
1062 1801 1130 1861 τῶν

174 1897 235 1982 μὲν
257 1895 372 1979 νόμων
393 1896 602 1961 ἐπαινεῖσθαι
624 1893 703 1974 τούς
723 1892 976 1981 ἀρχαιοτάτους,
1002 1902 1069 1962 των
1093 1896 1127 1962 δὲ

175 1995 286 2080 λόγων
305 1990 385 2071 τοδς
404 1992 641 2079 καινοτάτους,
663 1990 774 2061 οὐκέτι
789 2002 846 2080 τῆς
863 1991 965 2080 αὐτῆς
980 1998 1129 2070 διανοίας

122 2108 160 2160 83
175 2099 274 2177 ἔργον
289 2094 393 2177 ἐστὶν,
408 2088 491 2157 άλλά
507 2105 575 2170 τοῖς
589 2090 746 2177 μὲντοὺς
762 2092 886 2178 νόμους
902 2096 1032 2160 τιθέναι
1044 2116 1128 2177 προ-

176 2194 387 2276 αιρουμένοις
406 2189 581 2276 προῦργου
601 2194 720 2278 γε’γονε
737 2188 773 2258 τδ
790 2198 920 2277 πλῆθος
935 2198 1003 2257 τῶν
1019 2192 1127 2275 κειμέ-

175 2316 254 2375 νων,
272 2286 449 2375 οὐδὲνγὰρ
469 2286 592 2369 αὐτοὺς
610 2296 660 2357 δεῖ
673 2296 779 2376 ζητεῖν
794 2292 935 2374 ἑτέρους,
951 2288 1035 2358 άλλά
1051 2288 1129 2369 τούς

175 2387 263 2475 παρά
279 2404 347 2467 τοῖς
362 2389 475 2468 ἄλλοις
490 2387 751 2477 εὐδοκιμοῦντας
766 2400 968 2476 πειραθῆναι
980 2413 1127 2477 συναγα-

174 2503 261 2574 γεῖν,
278 2485 433 2578 δὸηιδίως
447 2488 537 2567 ὅστις
555 2486 598 2555 άν
615 2484 679 2557 οὖν
693 2494 874 2578 βουληθεὶς
889 2492 1046 2576 ποιήσειε,
1061 2506 1129 2569 τοῖς

175 2597 211 2666 δὲ
222 2587 295 2672 περὶ
305 2586 384 2667 τούς
396 2588 517 2671 λόγους
527 2593 854 2676 πραγματευομένοις
867 2588 922 2657 διά
933 2588 970 2657 τὰ
982 2615 1128 2675 προκατ-
1142 2610 1171 2663 61

173 2693 331 2771 ειληφθαι
349 2682 389 2752 τά
407 2694 543 2754 πλεῖστα
561 2686 760 2757 τούναντίον
781 2690 986 2777 συμβέβηκε·
1011 2694 1126 2776 λέγον-

171 2812 224 2863 τες
244 2784 306 2870 μὲν
328 2782 393 2869 γάρ
413 2782 518 2852 ταύτά
539 2802 607 2866 τοῖς
632 2788 797 2874 πρότερον
822 2790 1007 2874 εἰρημένοις
1030 2788 1127 2859 άναι-

171 2898 324 2970 σχυντεῖν
339 2885 394 2953 καὶ
408 2892 523 2970 ληρεῖν
537 2888 682 2972 δόξουσι,
698 2886 798 2954 καινά
815 2888 850 2954 δὲ
869 2893 1041 2971 ζητοῦντες
1056 2893 1127 2958 ἐπι-

172 2984 283 3059 πόνως
305 2979 516 3067 εὑρήσουσιν.
552 2988 667 3071 διόπερ
683 2993 833 3072 ἔφασκον
850 2984 1049 3072 ἀμφοτέροις
1065 2990 1126 3079 μὲν

172 3086 381 3151 ἐπαινεῖσθαι
395 3085 588 3170 προσήκειν,
604 3083 689 3153 πολύ
706 3088 740 3153 δὲ
758 3093 885 3171 μάλλον
898 3099 965 3161 τοῖς
981 3085 1017 3153 τδ
1030 3109 1125 3174 χαλε-

172 3182 323 3266 πώτερον
338 3183 572 3268 ἐξεργάζεσθαι
588 3189 797 3272 δυναμένοις.

123 3304 156 3356 81
251 3278 347 3348 Ἀλλά
372 3280 439 3367 μὴν
461 3285 596 3352 καὶτῶν
613 3288 664 3353 ἐπὶ
679 3284 740 3371 τὴν
756 3285 982 3370 σωφροσύνην
997 3288 1050 3352 καὶ
1064 3284 1125 3374 τὴν

170 3382 391 3466 δικαιοσύνην
417 3389 718 3469 προσποιουμένων
743 3387 941 3466 προτρέπειν
967 3381 1060 3469 ἡμεῖς
1083 3383 1125 3453 δν

170 3478 387 3565 άληθέστεροι
400 3485 454 3549 καὶ
467 3484 705 3571 χρησιμωτεροι
719 3498 881 3569 φανεῖμεν
895 3482 997 3561 ὄντες.
1020 3488 1054 3552 ol
1063 3482 1125 3569 μὲν

169 3578 233 3664 γάρ
254 3589 507 3663 παρακαλοῦσιν
528 3585 578 3650 ἐπὶ
601 3581 661 3669 τὴν
676 3580 797 3671 άρετην
812 3588 863 3651 καλ
881 3582 941 3671 τὴν
956 3583 1126 3667 φρόνησιν
