2859 4334
474 775 838 856 ῪΠΟΘΕΣΕΙΣ.

228 997 284 1054 Hac
303 1002 383 1070 parte
403 1001 446 1069 (Ι.)
466 1001 656 1057 continentur:

353 1107 446 1163 Orat.
465 1108 486 1162 I.
506 1110 548 1164 αδ
566 1108 790 1164 Damonem».
809 1110 847 1178 (p.
868 1110 975 1177 1-18.)

289 1215 491 1268 ΤΠΟΘΕΣΙΣ
507 1216 731 1269 ΑΝΩΝΤΜΟῬ
748 1216 1033 1270 ΓΡΑΜΜΑΤΙΚΟΤ

220 1315 349 1406 Ἔγραψε
370 1315 489 1382 πολλούς
506 1317 620 1406 λύγους,
644 1311 683 1375 σύν
707 1320 779 1376 είσλν
803 1318 836 1374 αί
844 1319 1061 1408 παραινέσεις,
1073 1319 1102 1376 εί
1118 1324 1170 1376 καί

165 1408 228 1452 τινες
244 1387 480 1478 npw²6⁰6⁶⁰²⁹.
461 1385 550 1453 αύτάς
563 1388 704 1446 εἰπεῖν
670 1412 708 1478 μη
728 1386 853 1447 εἶναι’
817 1391 907 1446 αυτοῦ
925 1387 973 1445 διά
992 1387 1024 1476 66
1043 1386 1167 1455 άσθενές

165 1460 204 1526 τῆς
216 1479 354 1531 φρασέως,
373 1481 408 1522 ας
406 1463 540 1548 ’,πρῶτον
547 1457 692 1524 είκότως’
675 1459 917 1548 αναγινύσκομον,
935 1456 988 1530 ούχ
1005 1456 1043 1523 ὡς
1062 1465 1166 1548 βελτίο

164 1549 206 1592 νας
222 1529 307 1594 οὔσας
326 1533 381 1586 τῶν
401 1527 492 1587 ἄλλων
508 1528 613 1618 λόγων·
629 1533 680 1587 καί
669 1529 754 1618 γάρ
766 1529 841 1588 καὶ
829 1551 845 1586 ο
859 1528 1056 1617 πανηγυρικὸς
1072 1527 1166 1588 αύτάν

164 1599 268 1685 προέχει
286 1603 336 1656 καὶ
354 1598 434 1658 ἄλλοι
451 1606 560 1659 πολλοί
584 1598 647 1658 ἀλλ’
666 1597 712 1658 ὅτι
729 1603 795 1671 περὶ
813 1598 896 1686 ήθῶν
912 1599 1164 1692 διαλαμβάνουσιν.

163 1666 310 1755 άναγκαίον
325 1671 358 1759 δέ
372 1671 407 1729 τά
421 1669 481 1743 ήθη
496 1671 551 1761 πρὸ
566 1676 622 1730 τῶν
635 1672 728 1762 λόγων
742 1675 890 1762 κοσμήσαν,
904 1691 997 1760 ωσπερ
1011 1694 1027 1730 ο
1042 1692 1166 1744 γεωργος

164 1737 263 1810 ὀφείλει
281 1741 336 1830 πρὸ
350 1746 406 1799 τῶν
411 1741 602 1830 σπερμάτων
612 1737 695 1799 καὶ
678 1766 712 1816 ης
730 1743 824 1832 μέλλει
841 1740 1045 1832 καταβάλλειν
1047 1747 1167 1812 φυτείας

164 1809 336 1870 έκκόπτειν’
319 1812 376 1869 απδ
386 1816 442 1870 τῶν
452 1813 602 1901 χωρίφν
570 1836 605 1869 τα
619 1821 814 1906 λνμαινομενα
823 1811 941 1900 τούτοις,
954 1811 1045 1870 οἷον”
1026 1833 1165 1885 αγροστιν

163 1883 253 1937 καλ
223 1906 257 1940 τα
276 1883 387 1972 τούτοις
405 1882 599 1970 παραπλήσια·
618 1881 699 1940 δι’“
682 1907 713 1956 ο,
739 1883 777 1949 ὥς
794 1886 843 1940 καὶ
861 1881 933 1954 πρὸς
949 1889 1055 1973 παῖδας
1076 1887 1166 1940 ταντα

162 1952 284 2046 γράφων,
309 1953 479 2026 ἠναγκάσθη
498 1956 684 2047 ταπεινοτέρα
700 1931 868 2046 χρήσασθαι
889 1958 923 2026 τή
948 1955 1066 2026 φράσει·
1094 1950 1164 2012 άστε

164 2021 241 2082 αύτσύ
265 2047 303 2082 αν
315 2030 430 2113 Ἰησαν
453 2027 503 2081 καὶ
532 2024 564 2082 αι
584 2027 773 2114 παραινέσεις.
802 2023 883 2093 ἄξιον
906 2025 938 2113 δέ
963 2029 1092 2114 ζητήσαι,
1100 2025 1164 2111 ’διά

162 2100 237 2152 τοίαν
260 2099 356 2154 αἰτίαν
380 2092 469 2160 οὕτως
487 2093 575 2160 αύτάς
592 2095 826 2186 ἀναγινώσκομεν
845 2095 918 2154 κατά
936 2095 1031 2168 τάξιν,
1052 2098 1165 2185 πρῶτον

161 2165 203 2252 τήν
220 2166 292 2240 πρὸς
297 2164 483 2255 Δημόνικον,
503 2167 648 2224 ἔπειτα
619 2191 677 2258 την
688 2167 758 2255 πρὸς
778 2167 938 2239 Νικοκλέα,
957 2169 1007 2224 καλ
1024 2166 1062 2255 μή
1081 2165 1165 2224 άδια-

161 2235 263 2311 φόροις,
289 2235 383 2325 ὥσπερ
403 2235 434 2295 έν
453 2246 512 2302 τοῖς
529 2235 623 2304 άλλοις
641 2237 731 2296 αύτού
748 2237 849 2309 λύγοις.
880 2213 1022 2328 λέγομεν,
1032 2234 1076 2294 ὅτι
1091 2235 1164 2295 ’-Ῑοο

160 2329 255 2397 κρατης
270 2307 440 2396 βουλόμενος
452 2311 628 2397 κοινωφελής
640 2310 792 2398 γενέσθαι,
800 2330 942 2400 Ιφορτικον
961 2306 1022 2366 66‘
1008 2307 1165 2397 ηγούμενος

159 2379 185 2434 τὸ
197 2378 267 2466 πρὸς
286 2378 395 2444 πάντας
407 2379 530 2470 γράφειν
544 2379 595 2445 τὰς
608 2379 784 2474 συμβουλάς,
795 2377 933 2467 ηθελεν.ε
915 2403 953 2445 ως
966 2379 1035 2451 πρὸς
1048 2377 1165 2443 τούτους

159 2449 284 2538 γράφειν.
315 2449 347 2506 τὸ
372 2450 404 2507 δὲ
423 2449 530 2539 ἀληθὲς
553 2456 622 2508 πᾶσι
644 2461 792 2542 παραινει
801 2449 850 2508 διὰ
873 2454 929 2508 τάν
953 2454 1039 2538 τριῶν
1061 2472 1164 2522 παραι-

159 2522 274 2592 νέσεων,
297 2517 391 2606 ὥσπερ
414 2519 498 2578 καλὸ
519 2519 660 2593 Ησίοδος,
685 2520 724 2586 ὥς
741 2521 812 2593 πρὸς
838 2520 889 2577 τὸν
914 2519 1042 2610 άδελφδν
1065 2520 1164 2609 λέγων,

159 2567 300 2682 ἐργάζευ
318 2590 418 2662 νήπιε
430 2593 566 2679 Πέρση,
572 2596 643 2650 πᾶσι
656 2602 810 2682 παραινεῖ.
822 2588 895 2680 οὕτω
909 2589 983 2649 καλέ
997 2565 1164 2662 Ἰσοκράτης

158 2663 245 2719 τάττει
259 2655 312 2719 ούν
327 2665 438 2732 πρῶτον
452 2661 502 2720 τὸν
515 2661 587 2749 πρὸς
600 2663 773 2752 Δημύνικον,
792 2660 829 2727 (ὃς
842 2661 912 2733 πρὸς
926 2661 1040 2726 ίδιύτας
1052 2664 1164 2752 πρῶτον

158 2730 367 2820 διαλεγόμενος,
389 2732 451 2790 εἷτα
471 2733 642 2821 βασιλεύειν
647 2733 791 2792 διδάσκων
810 2731 842 2791 έν
860 2736 898 2810 τῷ
917 2731 988 2805 πρὸς
1005 2732 1163 2790 Νικοκλέα

159 2808 264 2874 πρῶτον
288 2803 343 2876 γάρ
368 2826 410 2868 τις
437 2802 549 2894 ίδιύτης
576 2803 728 2892 γενόμενος
753 2801 870 2872 ὕστερον
879 2791 1011 2894 ἔρχεται
1038 2800 1142 2860 ἐπὶ
1112 2825 1163 2874 την

160 2879 307 2962 βασιλείαν.
340 2873 402 2932 εἶτα
419 2875 497 2947 λέγει
514 2874 546 2934 έν
564 2878 602 2950 τῷ
621 2875 694 2946 πρδς
712 2871 893 2932 Νικοκλέα
875 2895 894 2946 η
913 2876 1087 2949 συμμαχικῷ,
1105 2877 1165 2938 πῶς

160 2944 298 3034 δεικαὶ
269 2967 320 3003 τον
334 2943 449 3017 ἰδιώτην
465 2931 674 3034 βασιλεύέσθαι.
684 2979 720 2989 -
726 2943 888 3036 Ἀνάγονται
897 2944 929 3002 δὲ
944 2945 977 3001 αλ
984 2931 1165 3034 παραινέσεις

160 3013 208 3073 ύτδ
232 3015 265 3074 τὸ
284 3015 524 3106 συμβουλευτικὸν
548 3017 639 3086 εἶδος,
661 3017 812 3106 κέκληνται
836 3017 868 3074 δέ
887 3015 1069 3104 παραινέσεις
1086 3015 1163 3087 παρά

160 3086 202 3142 τὸν
217 3087 310 3158 αἶνον,
324 3085 457 3144 ὅέστι
416 3109 479 3175 την
493 3085 695 3214 σνμβονλην
676 3110 715 3152 ως
727 3091 777 3144 καλ
787 3085 927 3151 Ησίοδος
940 3083 1047 3143 νῦνδ’
1063 3085 1163 3143 αἶνον

161 3132 888 3247 Quonam-66660622662'26166
915 3156 987 3248 χάρ
993 3155 1141 3247 έχουσι
1113 3179 1163 3214 τον

159 3225 344 3300 ἀντιλέγοντα,
379 3227 481 3316 καιρὸς
492 3229 550 3317 μέν
540 3226 642 3357 ἒήδη,
666 3226 703 3293 ύς
725 3233 856 3318 εἴπομεν,
880 3226 916 3285 &a
950 3225 1040 3291 αύτάς
1064 3226 1163 3283 λοιπὸν

160 3309 253 3387 χωρειν
276 3302 333 3354 τῶν
355 3297 446 3369 λόγων
467 3299 518 3364 τάς
540 3298 693 3371 έ.ξηγησεις
722 3296 784 3356 ἀλλ’
791 3296 949 3387 61666'
931 3307 1090 3389 φναγκαισν
1108 3297 1162 3386 πρὸ

159 3368 246 3427 αὐτῶν
273 3373 330 3426 τῶν
358 3368 517 3458 ἐξηγήσεων
544 3375 735 3462 προηγεισθαι
766 3368 817 3435 τάς
843 3368 999 3433 ὑποθέσεις
1024 3369 1075 3425 καλ
1099 3369 1164 3433 τούς

159 3439 276 3506 σκοπούς
294 3443 351 3496 των
368 3440 474 3530 λόγων,
493 3441 621 3498 δεικτέον
641 3443 752 3527 πρῶτον
770 3438 924 3511 τοῦλόγου
942 3438 994 3529 τήν
1013 3437 1162 3496 ὑπόθεσιν.

156 3509 312 3574 Ἱππόνικός
329 3533 379 3582 τις,
398 3510 436 3574 ύς
450 3485 534 3582 ἔχει
522 3533 537 3568 ο
556 3510 643 3576 πολύς
656 3509 747 3596 λόγος,
755 3509 890 3601 Κύπριος
903 3503 988 3599 μέν’
970 3532 1006 3582 ην
1024 3513 1063 3585 τῷ
1075 3509 1163 3601 γένει,

157 3579 326 3671 Ἰσοκράτους
344 3582 376 3640 66
395 3586 484 3670 φίλος
493 3586 545 3640 τού
564 3585 713 3653 σοφιστοῦ·
733 3575 815 3646 ούτος
819 3580 1000 3668 τελευτήσας
1012 3568 1162 3670 κάτέλειηε

158 3658 252 3724 παιδα,
271 3650 391 3724 ὀνόματι
405 3651 576 3742 Δημύνικον.
606 3656 708 3710 τοῦτον
719 3649 878 3737 Ἰσοκράτης
895 3651 982 3740 6666
984 3649 1109 3710 παιδα”
1093 3673 1163 3708 οντα

158 3727 201 3780 καί
214 3699 320 3796 πύλλής
335 3721 496 3797 ἐπιμελείας
508 3723 599 3797 λόγων
618 3722 800 3797 δεόμενον,γ
783 3721 890 3796 γράφει
906 3720 984 3798 αύτῷ
1002 3720 1162 3793 ὑποθήκας,
