2859 4334
277 423 317 486 ιε
563 426 944 499 mmmm)

277 583 383 666 εὐθὺς
393 584 649 672 ἀφανιζομένων
658 581 734 653 ἀλλ’
743 589 901 663 έντετοῑς
910 589 1166 672 προειρημένοις
1177 587 1237 652 καὶ

275 692 321 776 τῷ
335 686 450 754 κάλλει
460 692 529 754 τῶν
540 683 718 771 κτημάτων
734 683 790 752 καί
800 696 871 761 ταῖς
885 689 954 750 τοῖν
969 690 1079 768 φίλων
1094 679 1237 770 εὐεργε-

276 790 377 864 σίαις·
398 781 439 852 τά
454 781 520 870 γάρ
537 791 673 851 τοιαῦτα
690 789 758 849 τῶν
773 777 1005 866 ἀναλωμάτων
1018 777 1110 872 αὐτῷ
1126 807 1163 849 τε
1178 782 1236 848 σοί

275 896 461 969 παραμενεῖ
471 885 527 950 καί
537 896 605 962 τοίς
619 883 885 968 ἐπιγιγνομένοις
901 887 1055 960 πλείονος
1072 879 1146 961 ἀξια
1162 887 1235 946 των
1248 910 1267 948 ε

275 985 558 1067 δεδαπανημένων
570 989 786 1062 καταλείψεις.

227 1092 261 1144 νο
362 1078 410 1147 Τά
432 1077 516 1163 πρὸς
535 1076 615 1160 τούς
635 1076 740 1157 θεοὺς
761 1084 849 1146 ποίει
870 1080 933 1163 μὲν
953 1074 998 1155 ως
1017 1081 1053 1145 οί
1069 1076 1236 1162 πρόγονοι

278 1182 479 1263 κατέδειξαν,
500 1174 587 1264 ἡγοῦ
602 1177 638 1245 δὲ
655 1183 751 1263 θῦμα
765 1183 863 1242 τοῦτο
878 1175 1057 1244 κάλλιστον
1077 1173 1235 1243 εἶναικαὶ

274 1283 461 1363 θεραπείαν
474 1281 643 1362 μεγίστην,
660 1271 704 1342 ἀν
717 1271 761 1352 ός
770 1276 944 1361 βέλτιστον
954 1276 1009 1341 καί
1020 1272 1233 1342 δικαιότατον

260 1373 262 1378 ’
275 1370 402 1443 σαυτόν
417 1376 577 1463 παρέχης·
599 1381 729 1460 μᾶλλον
738 1369 803 1458 γάρ
820 1374 911 1450 ἐλπὶς
926 1368 1006 1451 τούς
1022 1371 1196 1449 τοιούτους
1209 1361 1232 1455 ἦ

274 1469 462 1558 τούςίερεία
472 1468 580 1539 πολλά
593 1471 862 1557 καταβάλλοντας
871 1471 1011 1550 πράξειν
1019 1496 1051 1536 τι
1061 1467 1152 1555 παρδι
1163 1475 1233 1534 τῶν
1252 1491 1291 1546 19

274 1577 367 1640 θεῶν
382 1567 525 1656 ἀγαθόν.
547 1567 614 1651 (ζ.)
628 1573 711 1652 Τίμα
726 1579 796 1642 ταῖς
809 1566 871 1650 μὲν
885 1561 998 1648 ἀρχαῖς
1012 1572 1092 1652 [τῶν
1107 1563 1229 1648 φίλων]

273 1666 353 1748 τούς
366 1667 607 1752 οἰκειοτάτους,
627 1680 698 1743 ταῖς
712 1668 743 1732 δ
764 1662 938 1750 ἀληθείαις
952 1660 1159 1743 αὐτοῖςτοὺς
1173 1659 1233 1729 εό-

226 1779 259 1831 21
274 1766 489 1843 νονστάτονς.
510 1760 666 1850 φυλακὴν
678 1758 934 1849 ἀσφαλεστάτην
943 1788 1031 1849 ηγου
1041 1787 1103 1829 του
1116 1782 1233 1848 σωμα-

274 1891 329 1944 τος
344 1863 429 1932 είναι
446 1863 508 1951 τήν
518 1889 554 1930 τε
567 1870 636 1930 τῶν
650 1871 760 1948 φίλων
775 1859 898 1948 ἀρετὴν
911 1865 968 1930 καὶ
981 1859 1123 1950 τὴντῶν
1134 1869 1232 1930 πολι-

273 1971 342 2032 τοῑν
354 1960 492 2032 εόνοιαν
499 1964 554 2030 καὶ
561 1961 623 2048 την
630 1970 758 2029 σαυτοῦ
765 1961 950 2048 φρόνησιν·
963 1959 1019 2028 διά
1028 1959 1092 2047 γάρ
1099 1960 1232 2027 τούτων
1325 2005 1329 2010 -

274 2066 329 2131 καί
351 2067 496 2130 κτᾶσθαι
518 2061 574 2128 καί
598 2060 715 2142 σώζειν
737 2056 796 2138 τάς
811 2064 1014 2146 τυραννίδας
1034 2054 1167 2145 μάλιστ’
1186 2055 1231 2124 ἄν

274 2188 323 2240 τις
335 2161 483 2228 δύναιτο.
504 2161 610 2246 κη’δου
625 2165 694 2226 τῶν
703 2168 809 2227 οίκων
819 2166 887 2225 τῶν
899 2165 1091 2242 πολιτικῶν,
1103 2157 1158 2224 καί
1168 2155 1231 2225 νό-

274 2266 344 2347 μιζε
365 2262 420 2327 καὶ
440 2256 519 2338 τούς
541 2263 760 2337 δαπανῶντας
782 2256 846 2326 ἀπό
865 2265 933 2326 τῶν
947 2266 1019 2326 σῶν
1035 2256 1258 2326 ἀναλίσκεινο

274 2361 329 2428 καὶ
344 2357 423 2437 τούς
444 2359 684 2444 ἐργαζομένους
703 2354 744 2425 τὰ
764 2354 807 2424 σά
827 2365 930 2426 πλείω
948 2371 1074 2425 ποιεῖν·
1098 2354 1231 2423 ἅπαντα

273 2456 338 2546 γὰρ
358 2454 398 2524 τά
419 2464 487 2524 των
507 2457 694 2525 οἰκούντων
714 2453 776 2542 τὴν
788 2456 890 2525 πόλιν
911 2463 1015 2524 οίκεία
1034 2462 1103 2524 τῶν
1121 2461 1231 2534 καλῶς

226 2574 260 2626 22
273 2556 523 2646 βασιλευόντων
534 2558 610 2624 ἐστί.
649 2553 704 2623 διά
720 2552 845 2634 παντός
859 2563 922 2623 τοῦ
934 2556 1061 2642 χρόνον
1074 2551 1138 2640 τὴν
1147 2549 1231 2639 ἀλή-

273 2667 374 2726 δειαν
387 2652 477 2724 οὕτω
492 2662 617 2742 φαίνου
632 2661 805 2740 προτιμῶν
819 2653 904 2723 ὥστε
917 2657 1132 2741 πιστοτέρους
1144 2651 1229 2722 εἶναι

273 2753 352 2835 τούς
367 2753 449 2834 σούς
468 2756 591 2841 λόγους
607 2762 736 2841 μᾶλλον
751 2749 772 2839 ἢ
787 2751 866 2833 τούς
880 2763 949 2822 τοῖν
965 2754 1078 2823 ἄλλων
1094 2751 1228 2838 ὅρκους.

196 2947 197 2952 ¹
274 2853 380 2924 ἅπασι
408 2853 470 2941 μὲν
486 2869 555 2936 τοῖς
570 2857 677 2936 ξένοις
693 2851 829 2940 ἀσφαλῆ
843 2852 905 2940 τὴν
922 2854 1022 2922 πόλιν
1038 2853 1161 2939 πάρεχε
1174 2853 1230 2920 καί

274 2950 358 3038 πρὸς
372 2948 412 3018 τά
430 2955 619 3040 συμβόλαια
634 2951 789 3038 νόμιμον,
811 2954 887 3036 περί
900 2959 1058 3021 πλείστου
1077 2952 1114 3019 δὲ
1127 2955 1230 3017 ποιοῦ

272 3060 340 3119 τῶν
354 3047 613 3136 ἀφικνουμένων
627 3048 671 3138 μη
687 3047 767 3129 τούς
781 3054 834 3119 σοί
847 3048 976 3137 δωρεάς
990 3047 1133 3136 ἄγοντας
1143 3046 1255 3117 ἀλλάι

272 3147 352 3227 τούς
365 3145 456 3234 παρὰ
471 3155 535 3216 σοῦ
549 3151 736 3237 λαμβάνειν
750 3148 940 3230 ἀξιοῦντας·
956 3156 1062 3236 τιμῶν
1072 3146 1138 3236 γάρ
1149 3144 1229 3225 τοὺς

227 3265 260 3318 2³
273 3248 448 3327 τοιούτους
453 3253 583 3333 μᾶλλον
588 3245 679 3334 παρά
691 3263 760 3328 τοῖς
771 3247 884 3327 ἀλλοις
894 3245 1134 3335 εὐδοκιμήσεις.
1150 3242 1229 3323 τούς

272 3343 419 3426 πολλοὺς
434 3347 565 3434 φόβους
581 3350 701 3433 ἐξαίρει
714 3355 784 3414 των
798 3354 956 3434 πολιτῶν,
972 3348 1027 3415 καί
1042 3343 1087 3434 μη
1099 3347 1227 3434 βοάλου

273 3452 436 3529 περιδεεῖς
449 3447 534 3516 είναι
548 3444 628 3527 τοὺς
641 3448 746 3533 μηδὲν
759 3445 977 3525 ἀδικοῦντας·
999 3444 1090 3524 ὅπως
1103 3441 1169 3532 γάρ
1183 3439 1227 3511 ἀν

273 3542 352 3626 τοὺς
366 3541 490 3624 ἀλλους
502 3543 587 3632 πρός
603 3542 732 3613 σαυτόν
749 3549 888 3633 διαβῇς,
905 3543 993 3612 οὕτω
1010 3544 1066 3623 καί
1082 3541 1126 3611 σύ
1143 3538 1227 3630 πρός

275 3646 519 3724 έκείνουςέξεις.
536 3651 623 3712 ποίει
634 3648 697 3731 μὲν
703 3646 810 3731 μηδὲν
816 3642 887 3731 μετ’
897 3643 1008 3733 ὀργῆς,
1017 3645 1227 3722 δόκειδὲτοίς
