2859 4334
408 432 541 491 ΠΡΟΣ
559 433 919 493 ΚΑΛΛΙΜΑΧΟΝ.
1081 433 1140 494 211

73 646 75 675 2
185 589 300 675 λόγοις
315 602 383 669 τολς
400 587 506 657 αὑτοῦ
527 588 781 677 ὥσθ’ἡγεῑσθαι
797 598 927 660 πείσειν
944 590 1031 678 ὑμᾶς
1044 595 1136 661 ἕνον

185 694 238 757 τίν
255 688 385 767 τούτοις
404 695 634 775 νηφίσασθαι;
658 691 711 757 καὶ
734 696 764 759 εί
780 693 843 776 μὲν
858 691 944 776 ἑόρα
960 698 1143 778 μεταμέλον

184 796 226 876 τῇ
240 789 335 855 πόλει
350 794 418 854 τόν
434 791 693 874 πεπραγμένων,
710 785 773 856 ούκ
787 787 882 868 άξιον
898 782 943 875 ἦν
956 793 1143 876 θαυμάζειν

185 886 306 957 αὐτοῦ·
328 895 394 956 νῦν
409 890 441 955 δ’
460 886 502 955 οὐ
515 888 623 974 μόνον
638 892 675 957 ἐν
691 896 731 977 τῇ
746 891 839 957 θέσει
853 896 921 957 τῶν
937 891 1052 978 νόμων
1067 895 1141 960 ἐπε-

132 1012 171 1063 ογ
188 992 341 1067 δείξασθε
356 989 431 1069 περὶ
448 994 575 1055 πολλοῦ
590 988 787 1073 ποιούμενοι
802 985 860 1065 τάς
876 988 1065 1073 συνθήκας,
1083 987 1144 1057 άλ-

184 1084 226 1155 λά
253 1088 307 1154 καὶ
320 1092 455 1153 Φίλωνα
473 1082 534 1152 τὸν
547 1088 584 1153 ἐκ
598 1092 722 1173 Κοίλης
742 1089 954 1171 ἐνδειχθέντα
970 1113 1143 1172 παραπρε-
1155 1095 1172 1150 d

185 1186 384 1275 σβεύεσθαι,
400 1187 455 1253 καλ
469 1190 542 1271 περὶ
553 1184 615 1272 μλν
629 1192 690 1251 τοῦ
705 1186 899 1270 πράγματος
913 1183 1014 1253 ούδὲν
1025 1192 1135 1271 ἔχοντ’

185 1284 479 1369 ἀπολογήσασθαι,
494 1281 553 1363 τάς
564 1284 600 1351 δὲ
614 1284 790 1369 συνθήκας
803 1284 1050 1369 παρεχόμενον,
1067 1288 1141 1352 ἕδο-

186 1391 242 1465 ξεν
254 1380 334 1468 ὑμῖν
349 1379 484 1469 άφεῖναι
500 1385 554 1450 καὶ
568 1384 650 1467 μηδὲ
666 1388 777 1467 κρίσιν
788 1384 864 1466 περὶ
878 1378 983 1448 αὐτοῦ
999 1382 1141 1469 ποιήσα-

185 1496 277 1550 σθαι.
314 1483 368 1549 καλ
383 1479 403 1567 ἡ
421 1482 483 1567 μὲν
498 1482 594 1559 πόλις
608 1479 686 1549 οὐδὲ
702 1479 792 1566 παρά
803 1488 871 1547 τῶν
883 1479 1142 1568 ὁμολογούντων

186 1580 425 1665 ἐξαμαρτάνειν
442 1577 531 1658 άξιολ
549 1583 646 1664 δίκην
666 1587 802 1665 λαβεῖν,
821 1571 919 1658 οὗτος
940 1581 1046 1649 δὲκαὶ
1064 1578 1142 1658 τούς

133 1697 172 1753 2³
188 1678 290 1747 οὐδὲν
303 1676 503 1765 ἠδικηκότας
516 1685 620 1767 τολμᾷ
637 1694 871 1762 συκοφαντεῖν.
904 1680 1042 1768 καὶμὴν
1062 1676 1141 1748 οὐδὲ

188 1775 261 1845 τάδ’
285 1775 389 1844 αὐτόν
413 1779 571 1863 λέληθεν,
598 1775 648 1845 ύτι
670 1777 910 1865 Θρασύβουλος
934 1781 988 1848 καὶ
1003 1777 1142 1856 Ἀνυτος

187 1878 343 1963 μέγιστον
359 1876 421 1961 μὲν
435 1875 617 1961 δυνάμενοι
631 1882 700 1943 τῶν
714 1878 752 1942 ἐν
766 1883 806 1963 τη
819 1878 930 1963 πόλει,
956 1884 1090 1945 πολλῶν
1105 1876 1139 1942 δ’
1153 1904 1168 1941 ε

187 1973 773 2061 άπεστερημένοιγρημάτων,είδότες
784 1974 821 2042 δὲ
832 1973 1141 2061 τούςάπογράψαν-

187 2102 262 2160 τας,
279 2072 368 2159 ὅμως
385 2072 425 2140 οά
442 2081 609 2160 τολμῶσιν
626 2070 739 2151 αὐτοῖς
757 2076 850 2151 δίκας
865 2073 1045 2159 λαγχάνειν
1062 2071 1140 2140 οὐδὲ

186 2186 421 2260 μνησικακεῖν,
447 2170 520 2241 ἀλλ’
553 2179 583 2241 εί
601 2176 655 2240 καλ
681 2175 757 2257 περὶ
783 2179 851 2239 τῶν
876 2172 988 2241 ἄλλων
1014 2180 1141 2260 μᾶλλον

187 2272 308 2355 ἑτέρων
333 2269 494 2339 δύνανται
516 2273 795 2356 διαπράττεσθαι,
815 2269 891 2340 ἀλλ’
917 2264 981 2338 ούν
1005 2279 1083 2356 περί
1103 2297 1140 2356 γε

186 2377 255 2438 τῶν
274 2371 312 2438 ἐν
328 2383 397 2447 ταῖς
418 2370 607 2455 συνθήκαις
622 2378 697 2437 ίσον
713 2376 800 2455 ἔχειν
815 2383 882 2447 τοῖς
897 2367 1010 2448 άλλοις
1029 2367 1143 2449 άξιοῦ-
1158 2377 1209 2435 376

133 2498 170 2548 γι
188 2488 251 2537 σιν.
287 2472 341 2536 καλ
357 2466 417 2554 οὐχ
433 2460 527 2536 ούτοι
538 2467 637 2553 μόνοι
652 2476 745 2535 ταῦτ’
768 2467 956 2556 ἠξιώκασιν,
973 2468 1047 2537 ἀλλ’
1066 2464 1138 2536 οὐδ’

186 2564 284 2652 ὑμῶν
292 2563 402 2645 οὐδεὶς
410 2566 672 2653 τοιαύτηνδίκην
680 2569 1060 2654 είσελθελντετόλμηκεν.
1072 2573 1141 2635 καί·

187 2692 238 2733 τοι
254 2662 383 2750 δεινόν,
400 2671 430 2733 εί
445 2668 497 2733 ἐπὶ
511 2667 574 2751 μὲν
589 2680 657 2745 τοῖς
671 2664 843 2752 ὑμετέροις
859 2663 972 2733 αὐτῶν
985 2667 1140 2751 πράγμα-

187 2784 243 2832 σιν
259 2765 413 2851 ἐμμένετε
426 2778 494 2841 τοῑς
508 2762 638 2849 ὅρκοις,
655 2766 707 2832 ἐπὶ
723 2764 759 2831 δὲ
774 2771 813 2851 τῇ
830 2763 951 2830 τούτου
966 2785 1139 2846 συκοφαν-

186 2871 239 2952 τίη
254 2869 474 2950 παραβαίνειν
491 2862 727 2949 ἐπιχειρήσειε,
742 2865 797 2929 καλ
811 2860 869 2941 τάς
883 2866 945 2947 μὲν
958 2867 1044 2941 ἰδίας
1058 2861 1141 2948 ὁμο-

186 2969 301 3047 λογίας
318 2965 458 3051 δημοσίμ
475 2969 593 3046 κυρίας
608 2960 807 3047 ἀναγκάζετ’
829 2960 933 3047 εἶναι,
956 2961 1015 3041 τὰς
1029 2965 1066 3029 δὲ
1083 2968 1141 3047 τῆς

187 3058 314 3139 πόλεως
328 3062 503 3147 συνθήκας
517 3065 585 3150 ἰδίᾳ
598 3057 659 3128 τόν
674 3060 885 3147 βουλόμενον
906 3061 1001 3127 λύειν
1017 3059 1139 3126 ἐάσετε.

133 3186 171 3238 25
186 3161 206 3229 ὃ
222 3161 258 3228 δὲ
273 3159 409 3228 πάντων
424 3158 468 3227 άν
482 3187 530 3238 τις
547 3159 688 3245 μάλιστα
704 3159 929 3244 θαυμάσειεν,
947 3165 990 3244 εί,
1008 3156 1063 3226 ὅτε
1078 3158 1141 3244 μὲν
1156 3171 1172 3225 b

186 3251 374 3346 άδηλονήν,
390 3265 420 3328 εί
430 3265 648 3326 συνοίσουσιν
659 3263 695 3327 αἱ
706 3259 881 3343 διαλλαγαὶ
894 3264 933 3346 τῇ
950 3258 1056 3340 πόλει,
1071 3283 1140 3324 τοι-

186 3359 309 3435 ούτους
330 3356 452 3440 ὅρκους
473 3356 676 3443 ἐποιήσασθε
693 3359 768 3440 περὶ
786 3353 914 3440 αὐτῶν,
937 3354 1014 3422 ὥστ’
1033 3360 1064 3423 ελ
1086 3360 1140 3423 καὶ

185 3454 230 3542 μὴ
242 3457 430 3540 συνέφερεν
439 3452 622 3541 άναγκαλον
633 3455 718 3523 εἶναι
728 3469 797 3533 τοῖς
804 3452 1070 3541 άμολογημένοις
1081 3456 1140 3540 ἐμ·

185 3555 319 3639 μένειν,
336 3552 449 3641 ἐπειδὴ
465 3556 494 3621 δ’
513 3552 602 3621 οὕτω
616 3562 725 3631 καλῶς
740 3549 820 3637 ὑμῖν
831 3556 1041 3638 συμβέβηκεν
1054 3550 1139 3621 τόστε

185 3656 239 3720 καὶ
264 3656 425 3739 μηδεμιᾶς
450 3659 589 3730 πίστεως
615 3677 837 3738 γεγενημενης
856 3650 951 3730 άξιον
971 3648 1055 3718 εἶναι
1076 3650 1148 3737 τήν,

945 3750 1003 3803 14⁸
