2859 4334
471 424 848 516 υκκκουειιιοε
1095 425 1129 488 τι

179 595 260 654 σθαι
272 590 327 654 καλ
343 609 403 662 τας
422 580 621 664 ἀκροπόλεις
634 579 721 668 ὁρᾶν
735 579 801 651 ύκδ
823 610 892 653 ταν
907 587 1039 672 ἐχθράν
1055 613 1134 654 κατ-

179 685 353 770 εχομένας,
371 677 455 751 άλλᾶ
467 677 552 766 κρός
567 694 638 760 ταῖς
654 695 783 760 κοιναῖς
798 699 987 770 συμφοραῖς
1002 687 1135 764 καὶτοῖς

178 786 308 871 σώμασι
326 783 499 867 δεινότερα
515 780 682 867 πάσχουσι
697 788 767 848 τῶν
783 780 864 867 παρ’
880 781 959 872 ἡμῖν
977 782 1136 871 άργυρυ-

176 884 305 970 νήτων·
328 879 441 961 ούδελς
454 877 518 969 γάρ
529 877 626 967 ήμολν
636 877 744 961 οὕτως
752 886 906 962 αἰκίζεται
917 879 996 962 τούς
1007 888 1163 965 οίκέταςιλ

124 1002 163 1057 ιιι
176 981 220 1062 άς
233 985 360 1051 ἐκεῖνοι
378 978 458 1059 τούς
473 981 675 1065 ἐλευθέρους
688 981 897 1062 κολάζουσιν.
926 987 1081 1070 μέγιστον
1097 986 1134 1054 δὲ
1221 1063 1225 1071 ,

176 1089 245 1150 τῶν
260 1085 394 1164 κακῶν,
417 1075 501 1146 ὅταν
514 1075 601 1162 ύκέρ
621 1076 724 1165 αὐτῆς
742 1085 800 1165 τῆς
817 1083 969 1161 δουλείας
983 1079 1134 1170 άναγκά-

176 1187 299 1262 ζωνται
310 1177 608 1264 συστρατεύεσθαι,
623 1179 679 1246 καλ
690 1187 848 1265 κολεμεῖυ
863 1193 931 1260 τοῖς
942 1184 1134 1268 ἐλευθέροις

176 1277 331 1360 άξιοῦσιν
343 1275 440 1364 εἶναι,
455 1280 507 1346 καί
516 1275 691 1356 τοιούτους
700 1276 885 1358 κινδύνους
894 1275 1088 1366 ύκομένειν,
1096 1284 1133 1350 ἐν

176 1374 226 1458 οἷς
236 1375 440 1464 ἡττηθέντες
450 1379 514 1465 μὲν
524 1384 724 1464 παραχρῆμα
735 1377 1037 1464 διαφθαρήσονται,
1053 1405 1132 1447 κατ·

177 1478 394 1565 ορθύσοντες
415 1479 451 1545 δὲ
472 1484 600 1564 μᾶλλον
620 1483 667 1556 είς
686 1474 748 1545 τδν
768 1476 890 1546 λοικὸυ
906 1479 1031 1564 χρόνον
1051 1483 1133 1548 δον·

122 1598 161 1651 125
173 1577 367 1646 λεύσουσιν.
391 1576 480 1664 (λε’.)
496 1568 560 1644 Ὧν
573 1581 666 1656 τίνας
679 1573 802 1656 ἄλλους
817 1583 942 1656 αἰτίους
956 1575 1017 1663 χρή
1035 1583 1132 1662 νομί-

174 1684 243 1760 ζειν
262 1673 285 1763 ή
306 1679 608 1762 Λακεδαιμονίους,
635 1682 672 1743 ολ
689 1675 858 1762 τοσαύτην
880 1672 977 1762 ίσχύυ
1004 1682 1161 1762 ἔχοντεςε

174 1784 357 1861 περιορῶσι
369 1773 447 1855 τούς
457 1774 519 1862 μὲν
530 1773 643 1843 αὑτῶν
653 1776 848 1863 συμμάχους
858 1777 1061 1863 γενομένους
1071 1771 1133 1844 ού-

173 1904 219 1944 τω
232 1873 330 1944 δεινὰ
344 1873 547 1960 πάσχοντας,
568 1871 629 1944 τδν
643 1875 680 1943 δὲ
693 1872 869 1962 βάρβαρον
882 1881 923 1964 τῇ
938 1881 1007 1943 τῶν
1016 1871 1132 1962 Ἑλλή-

173 2001 247 2044 νων
261 1973 360 2061 δάμη
379 1970 441 2058 τήν
461 1970 568 2060 άρχήν
581 1970 644 2060 τήν
664 1969 770 2041 αὑτοῦ
785 1973 1132 2061 κατασκευαζόμενονς

173 2075 230 2144 καλ
246 2071 415 2160 πρότερον
430 2075 492 2159 μὲν
503 2070 584 2153 τούς
595 2075 658 2159 μὲν
672 2073 863 2158 τυράννους
877 2075 1071 2160 ἐξέβαλλον,
1086 2079 1132 2164 τῷ

172 2174 210 2242 δέ
226 2173 355 2257 πλήθει
373 2169 433 2252 τάς
450 2178 612 2261 βοηθείας
632 2174 826 2258 ἐποιοῦντο,
840 2179 907 2238 νῦν
921 2173 957 2240 δέ
969 2179 1133 2241 τοσοῦτον
1145 2189 1176 2244 σῖ

172 2267 478 2356 μεταβεβλήκασιν,
494 2267 579 2338 ὥστε
589 2284 661 2349 ταῖς
670 2271 734 2356 μὲν
744 2277 923 2350 πολιτείαις
936 2277 1131 2357 πολεμοῦσι,

115 2385 156 2438 126
171 2367 232 2447 τάς
245 2369 284 2436 δὲ
297 2375 478 2454 μοναρχίας
492 2375 768 2454 συγκαθιστᾶσιν.
789 2366 853 2456 τήν
867 2374 930 2457 μέν
944 2396 983 2458 γε
996 2379 1131 2439 Μαντι-

172 2473 263 2539 νέων
277 2465 379 2536 πόλιν
390 2466 523 2554 εἰρήνης
531 2468 594 2555 ήδη
605 2473 827 2556 γεγενημένης
840 2467 1028 2539 άνάστατον
1039 2473 1130 2539 ἐποί-

172 2590 280 2656 ησαν,
294 2566 350 2634 καί
359 2564 423 2652 τήν
433 2573 591 2654 Θηβαίων
600 2571 772 2654 Καδμείαν
783 2571 984 2655 κατέλαβον,
999 2571 1054 2636 καλ
1065 2574 1130 2635 νῦν

162 2666 371 2747 Ὀλυνθίους
382 2669 440 2735 καί
454 2674 656 2747 Φλειασίους
669 2669 920 2754 πολιορκοῦσιν,
935 2663 1084 2755 Ἀμύντᾳ
1100 2663 1137 2734 δέ

166 2776 216 2861 τῷ
224 2769 580 2854 Μακεδόνωνβασιλεῖ
591 2769 648 2837 καὶ
657 2775 832 2859 Διονυσίῳ
844 2772 893 2859 τῷ
902 2772 1060 2845 Σικελίας
1074 2793 1136 2836 τυ·

168 2870 287 2963 ράννῳ
300 2872 357 2936 καί
369 2873 418 2961 τῷ
425 2869 587 2961 βαρβάρῳ
600 2873 648 2961 τῷ
661 2873 720 2956 τῆς
726 2867 840 2946 Ἀσίας
850 2873 1032 2956 κρατοῦντι
1045 2887 1133 2954 συμ-
1153 2876 1169 2925 b

108 2981 150 3031 12⁷
168 2971 389 3061 πράττουσιν,
403 2967 493 3050 ὅπως
508 2969 555 3050 ύς
567 2977 729 3058 μεγίστην
742 2965 851 3058 άργήν
865 2970 1009 3049 ἕξουσιν.
1031 2975 1138 3036 καίτοι

167 3081 242 3154 πῶς
257 3071 323 3142 ούκ
343 3068 470 3139 άτοαον
482 3069 564 3150 τούς
584 3074 795 3158 προεστῶτας
814 3074 885 3138 τοῖν
894 3067 1064 3157 Ἑλλήνων
1078 3071 1138 3138 ἐνα

167 3174 232 3259 μὲν
257 3172 366 3258 ἄνδρα
388 3170 558 3241 τοσούτων
582 3169 778 3259 ἀνθράκων
795 3169 995 3240 καθιστάναι
1012 3167 1136 3238 δεσπό-

167 3302 244 3362 την,
263 3265 313 3342 ὧν
331 3271 412 3343 ούδέ
429 3273 491 3342 τὸν
503 3273 651 3360 άροθμδν
670 3276 819 3361 ἐξευρεῖν
840 3271 960 3364 ῥᾴδιόν
979 3275 1059 3357 ε’στι,
1076 3267 1138 3349 τάς

169 3376 209 3445 δέ
221 3384 384 3464 μεγίστας
400 3377 469 3443 τῶν
481 3374 615 3443 κόλεων
628 3372 709 3461 μηδ’
724 3371 830 3454 αύτάς
848 3373 963 3442 αύτῶυ
979 3375 1039 3441 ἐᾶν
1052 3369 1139 3441 εἶναι

167 3484 313 3565 κυρίας,
334 3475 408 3545 ἀλλ’
428 3473 627 3562 άναγκάζειυ
644 3473 822 3543 δουλεύειν
839 3470 860 3561 ἢ
877 3488 951 3552 ταῖς
969 3480 1137 3560 μεγίσταις

105 3587 151 3635 128
169 3591 366 3667 συμφοραῖς
374 3575 586 3664 περιβάλλειν
595 3607 603 3656 ;
613 3571 633 3644 δ
645 3575 683 3644 δέ
690 3574 829 3643 πάντων
836 3573 1042 3661 δεινότατον,
1055 3573 1137 3642 ὅταν

169 3707 219 3759 τις
240 3685 297 3764 ίδη
313 3680 394 3759 τούς
416 3676 480 3761 τήν
496 3676 681 3765 ήγεμουίαν
700 3684 787 3762 ἔχειν
805 3675 984 3757 άξιούυτας
1004 3677 1058 3745 ἐπὶ
1075 3675 1138 3762 μέν
1156 3706 1172 3742 ο
