<?xml version="1.0" encoding="UTF-8"?>
<!DOCTYPE html PUBLIC "-//W3C//DTD XHTML 1.0 Transitional//EN"
    "http://www.w3.org/TR/xhtml1/DTD/xhtml1-transitional.dtd">
<html xmlns="http://www.w3.org/1999/xhtml" xml:lang="en" lang="en">
 <head>
  <title>
</title>
<meta http-equiv="Content-Type" content="text/html;charset=utf-8" />
  <meta name='ocr-system' content='tesseract 3.04.00' />
  <meta name='ocr-capabilities' content='ocr_page ocr_carea ocr_par ocr_line ocrx_word'/>
</head>
<body>
  <div class='ocr_page' id='page_1' title='image "./orationes00isgoog_0258.png"; bbox 0 0 2859 4334; ppageno 0'>
   <div class='ocr_carea' id='block_1_1' title="bbox 242 402 916 485">
    <p class='ocr_par' dir='ltr' id='par_1_1' title="bbox 242 402 916 485">
     <span class='ocr_line' id='line_1_1' title="bbox 242 402 916 485; baseline 0.006 -19"><span class='ocrx_word' id='word_1_1' title='bbox 242 402 305 467; x_wconf 78' lang='grc'><strong><em>174</em></strong></span> <span class='ocrx_word' id='word_1_2' title='bbox 534 407 916 485; x_wconf 65' lang='lat' dir='ltr'>mmmm)</span> 
     </span>
    </p>
   </div>
   <div class='ocr_carea' id='block_1_2' title="bbox 193 564 1320 1153">
    <p class='ocr_par' dir='ltr' id='par_1_2' title="bbox 193 564 1320 1153">
     <span class='ocr_line' id='line_1_2' title="bbox 239 564 1207 658; baseline 0.009 -23"><span class='ocrx_word' id='word_1_3' title='bbox 239 568 564 653; x_wconf 77' lang='grc' dir='ltr'><strong><em>καταχαριζομένοις,</em></strong></span> <span class='ocrx_word' id='word_1_4' title='bbox 577 564 716 651; x_wconf 86' lang='grc' dir='ltr'><strong><em>είδότας,</em></strong></span> <span class='ocrx_word' id='word_1_5' title='bbox 728 564 860 634; x_wconf 72' lang='grc' dir='ltr'><strong><em>ὅτιτῶν</em></strong></span> <span class='ocrx_word' id='word_1_6' title='bbox 872 569 997 639; x_wconf 81' lang='grc' dir='ltr'><strong><em>ἐνθάδε</em></strong></span> <span class='ocrx_word' id='word_1_7' title='bbox 1006 575 1207 658; x_wconf 71' lang='grc' dir='ltr'><strong><em>παριόντων</em></strong></span> 
     </span>
     <span class='ocr_line' id='line_1_3' title="bbox 239 660 1205 755; baseline 0.009 -23"><span class='ocrx_word' id='word_1_8' title='bbox 239 669 275 733; x_wconf 81' lang='grc' dir='ltr'><strong><em>οί</em></strong></span> <span class='ocrx_word' id='word_1_9' title='bbox 284 668 348 752; x_wconf 65' lang='grc' dir='ltr'><strong><em>μὲν</em></strong></span> <span class='ocrx_word' id='word_1_10' title='bbox 361 660 385 731; x_wconf 77' lang='grc' dir='ltr'><strong><em>ά</em></strong></span> <span class='ocrx_word' id='word_1_11' title='bbox 400 664 570 751; x_wconf 85' lang='grc' dir='ltr'><strong><em>βούλεσθε</em></strong></span> <span class='ocrx_word' id='word_1_12' title='bbox 583 665 738 750; x_wconf 65' lang='grc' dir='ltr'><strong><em>λέγοντες</em></strong></span> <span class='ocrx_word' id='word_1_13' title='bbox 752 668 875 755; x_wconf 71' lang='grc' dir='ltr'><strong><em>ῥηιδίως</em></strong></span> <span class='ocrx_word' id='word_1_14' title='bbox 889 669 1055 748; x_wconf 78' lang='grc' dir='ltr'><strong><em>ἐξαπατᾶν</em></strong></span> <span class='ocrx_word' id='word_1_15' title='bbox 1071 672 1205 741; x_wconf 86' lang='grc' dir='ltr'><strong><em>δύναν-</em></strong></span> 
     </span>
     <span class='ocr_line' id='line_1_4' title="bbox 238 759 1205 861; baseline 0.009 -29"><span class='ocrx_word' id='word_1_16' title='bbox 238 790 308 850; x_wconf 89' lang='grc' dir='ltr'><strong><em>ται,</em></strong></span> <span class='ocrx_word' id='word_1_17' title='bbox 328 759 367 831; x_wconf 84' lang='grc' dir='ltr'><strong><em>τό</em></strong></span> <span class='ocrx_word' id='word_1_18' title='bbox 381 760 446 848; x_wconf 84' lang='grc' dir='ltr'><strong><em>γάρ</em></strong></span> <span class='ocrx_word' id='word_1_19' title='bbox 466 760 551 847; x_wconf 85' lang='grc' dir='ltr'><strong><em>πρός</em></strong></span> <span class='ocrx_word' id='word_1_20' title='bbox 564 762 664 849; x_wconf 88' lang='grc' dir='ltr'><strong><em>χάριν</em></strong></span> <span class='ocrx_word' id='word_1_21' title='bbox 680 764 789 851; x_wconf 68' lang='grc' dir='ltr'><strong><em>ῥηθὲν</em></strong></span> <span class='ocrx_word' id='word_1_22' title='bbox 803 766 971 837; x_wconf 72' lang='grc' dir='ltr'><strong><em>ἐπισκοτεῖ</em></strong></span> <span class='ocrx_word' id='word_1_23' title='bbox 981 776 1028 861; x_wconf 78' lang='grc' dir='ltr'><strong><em>τῷ</em></strong></span> <span class='ocrx_word' id='word_1_24' title='bbox 1043 781 1205 861; x_wconf 75' lang='grc' dir='ltr'><strong><em>καθορᾶν</em></strong></span> 
     </span>
     <span class='ocr_line' id='line_1_5' title="bbox 238 857 1202 957; baseline 0.008 -26"><span class='ocrx_word' id='word_1_25' title='bbox 238 859 373 950; x_wconf 82' lang='grc' dir='ltr'><strong><em>ύμάςτό</em></strong></span> <span class='ocrx_word' id='word_1_26' title='bbox 389 862 577 949; x_wconf 79' lang='grc' dir='ltr'><strong><em>βέλτιστον,</em></strong></span> <span class='ocrx_word' id='word_1_27' title='bbox 593 858 661 930; x_wconf 85' lang='grc' dir='ltr'><strong><em>ύπό</em></strong></span> <span class='ocrx_word' id='word_1_28' title='bbox 680 862 716 931; x_wconf 73' lang='grc' dir='ltr'><strong><em>δὲ</em></strong></span> <span class='ocrx_word' id='word_1_29' title='bbox 733 868 802 931; x_wconf 69' lang='grc' dir='ltr'><strong><em>τοῖν</em></strong></span> <span class='ocrx_word' id='word_1_30' title='bbox 815 857 860 951; x_wconf 72' lang='grc' dir='ltr'><strong><em>μὴ</em></strong></span> <span class='ocrx_word' id='word_1_31' title='bbox 872 863 958 951; x_wconf 85' lang='grc' dir='ltr'><strong><em>πρός</em></strong></span> <span class='ocrx_word' id='word_1_32' title='bbox 970 864 1100 957; x_wconf 75' lang='grc' dir='ltr'><strong><em>ἡδονὴν</em></strong></span> <span class='ocrx_word' id='word_1_33' title='bbox 1110 890 1202 957; x_wconf 85' lang='grc' dir='ltr'><strong><em>συμ-</em></strong></span> 
     </span>
     <span class='ocr_line' id='line_1_6' title="bbox 193 956 1202 1055; baseline 0.008 -26"><span class='ocrx_word' id='word_1_34' title='bbox 193 986 222 1039; x_wconf 82' lang='lat'><strong><em>11</em></strong></span> <span class='ocrx_word' id='word_1_35' title='bbox 235 961 472 1051; x_wconf 79' lang='grc' dir='ltr'><strong><em>βουλευόντων</em></strong></span> <span class='ocrx_word' id='word_1_36' title='bbox 481 959 583 1031; x_wconf 75' lang='grc' dir='ltr'><strong><em>οὐδὲν</em></strong></span> <span class='ocrx_word' id='word_1_37' title='bbox 592 956 635 1029; x_wconf 87' lang='grc' dir='ltr'><strong><em>ἀν</em></strong></span> <span class='ocrx_word' id='word_1_38' title='bbox 643 960 788 1031; x_wconf 88' lang='grc' dir='ltr'><strong><em>πάθοιτε</em></strong></span> <span class='ocrx_word' id='word_1_39' title='bbox 796 971 968 1033; x_wconf 77' lang='grc' dir='ltr'><strong><em>τοιοῦτον·</em></strong></span> <span class='ocrx_word' id='word_1_40' title='bbox 983 964 1027 1035; x_wconf 89' lang='grc' dir='ltr'><strong><em>ού</em></strong></span> <span class='ocrx_word' id='word_1_41' title='bbox 1033 967 1099 1055; x_wconf 85' lang='grc' dir='ltr'><strong><em>γάρ</em></strong></span> <span class='ocrx_word' id='word_1_42' title='bbox 1108 975 1202 1039; x_wconf 75' lang='grc' dir='ltr'><strong><em>ἔστιν</em></strong></span> 
     </span>
     <span class='ocr_line' id='line_1_7' title="bbox 238 1057 1320 1153; baseline 0.008 -24"><span class='ocrx_word' id='word_1_43' title='bbox 238 1059 329 1140; x_wconf 85' lang='grc' dir='ltr'><strong><em>ὅπως</em></strong></span> <span class='ocrx_word' id='word_1_44' title='bbox 343 1057 388 1130; x_wconf 87' lang='grc' dir='ltr'><strong><em>ἀν</em></strong></span> <span class='ocrx_word' id='word_1_45' title='bbox 402 1074 594 1147; x_wconf 69' lang='grc' dir='ltr'><strong><em>μεταπεῖσαι</em></strong></span> <span class='ocrx_word' id='word_1_46' title='bbox 608 1066 791 1149; x_wconf 82' lang='grc' dir='ltr'><strong><em>δυνηθεῖεν</em></strong></span> <span class='ocrx_word' id='word_1_47' title='bbox 803 1058 906 1151; x_wconf 74' lang='grc' dir='ltr'><strong><em>ὑμᾶς,</em></strong></span> <span class='ocrx_word' id='word_1_48' title='bbox 927 1063 972 1153; x_wconf 79' lang='grc' dir='ltr'><strong><em>μὴ</em></strong></span> <span class='ocrx_word' id='word_1_49' title='bbox 988 1066 1141 1153; x_wconf 85' lang='grc' dir='ltr'><strong><em>φανερόν</em></strong></span> <span class='ocrx_word' id='word_1_50' title='bbox 1156 1065 1197 1137; x_wconf 89' lang='grc' dir='ltr'><strong><em>τό</em></strong></span> <span class='ocrx_word' id='word_1_51' title='bbox 1210 1105 1230 1143; x_wconf 71' lang='lat'>0</span> <span class='ocrx_word' id='word_1_52' title='bbox 1315 1097 1320 1101; x_wconf 89' lang='lat'><em>·</em></span> 
     </span>
    </p>
   </div>
   <div class='ocr_carea' id='block_1_3' title="bbox 152 1161 1264 3732">
    <p class='ocr_par' dir='ltr' id='par_1_3' title="bbox 190 1161 1264 2642">
     <span class='ocr_line' id='line_1_8' title="bbox 237 1161 1199 1249; baseline 0.005 -20"><span class='ocrx_word' id='word_1_53' title='bbox 237 1163 412 1249; x_wconf 72' lang='grc' dir='ltr'><strong><em>συμφέρον</em></strong></span> <span class='ocrx_word' id='word_1_54' title='bbox 428 1161 633 1249; x_wconf 81' lang='grc' dir='ltr'><strong><em>ποιήσαντες.</em></strong></span> <span class='ocrx_word' id='word_1_55' title='bbox 666 1164 766 1248; x_wconf 79' lang='grc' dir='ltr'><strong><em>χωρὶς</em></strong></span> <span class='ocrx_word' id='word_1_56' title='bbox 787 1164 823 1229; x_wconf 73' lang='grc' dir='ltr'><strong><em>δὲ</em></strong></span> <span class='ocrx_word' id='word_1_57' title='bbox 838 1164 969 1232; x_wconf 92' lang='grc' dir='ltr'><strong><em>τούτων</em></strong></span> <span class='ocrx_word' id='word_1_58' title='bbox 990 1172 1061 1244; x_wconf 79' lang='grc' dir='ltr'><strong><em>πῶς</em></strong></span> <span class='ocrx_word' id='word_1_59' title='bbox 1074 1162 1120 1233; x_wconf 85' lang='grc' dir='ltr'><strong><em>ἀν</em></strong></span> <span class='ocrx_word' id='word_1_60' title='bbox 1134 1167 1199 1235; x_wconf 84' lang='grc' dir='ltr'><strong><em>άν-</em></strong></span> 
     </span>
     <span class='ocr_line' id='line_1_9' title="bbox 236 1256 1197 1355; baseline 0.005 -25"><span class='ocrx_word' id='word_1_61' title='bbox 236 1273 372 1349; x_wconf 83' lang='grc' dir='ltr'><strong><em>θρωιτοι</em></strong></span> <span class='ocrx_word' id='word_1_62' title='bbox 389 1268 498 1341; x_wconf 75' lang='grc' dir='ltr'><strong><em>καλῶς</em></strong></span> <span class='ocrx_word' id='word_1_63' title='bbox 513 1266 695 1346; x_wconf 86' lang='grc' dir='ltr'><strong><em>δυνηθεῖεν</em></strong></span> <span class='ocrx_word' id='word_1_64' title='bbox 709 1256 732 1346; x_wconf 84' lang='grc' dir='ltr'><strong><em>ἢ</em></strong></span> <span class='ocrx_word' id='word_1_65' title='bbox 751 1276 864 1347; x_wconf 87' lang='grc' dir='ltr'><strong><em>κρῖναι</em></strong></span> <span class='ocrx_word' id='word_1_66' title='bbox 883 1266 958 1351; x_wconf 77' lang='grc' dir='ltr'><strong><em>περί</em></strong></span> <span class='ocrx_word' id='word_1_67' title='bbox 974 1273 1043 1334; x_wconf 78' lang='grc' dir='ltr'><strong><em>τῶν</em></strong></span> <span class='ocrx_word' id='word_1_68' title='bbox 1057 1293 1197 1355; x_wconf 83' lang='grc' dir='ltr'><strong><em>γεγενη-</em></strong></span> 
     </span>
     <span class='ocr_line' id='line_1_10' title="bbox 236 1357 1194 1452; baseline 0.006 -23"><span class='ocrx_word' id='word_1_69' title='bbox 236 1363 349 1449; x_wconf 83' lang='grc' dir='ltr'><strong><em>μένων</em></strong></span> <span class='ocrx_word' id='word_1_70' title='bbox 370 1357 393 1447; x_wconf 79' lang='grc' dir='ltr'><em>ἢ</em></span> <span class='ocrx_word' id='word_1_71' title='bbox 412 1361 665 1448; x_wconf 88' lang='grc' dir='ltr'><strong><em>βουλεύσασθαι</em></strong></span> <span class='ocrx_word' id='word_1_72' title='bbox 684 1363 760 1444; x_wconf 82' lang='grc' dir='ltr'><strong><em>περὶ</em></strong></span> <span class='ocrx_word' id='word_1_73' title='bbox 783 1370 853 1429; x_wconf 75' lang='grc' dir='ltr'><strong><em>τοῖν</em></strong></span> <span class='ocrx_word' id='word_1_74' title='bbox 867 1364 1076 1450; x_wconf 80' lang='grc' dir='ltr'><strong><em>μελλόντων,</em></strong></span> <span class='ocrx_word' id='word_1_75' title='bbox 1106 1373 1137 1435; x_wconf 84' lang='grc' dir='ltr'><strong><em>εί</em></strong></span> <span class='ocrx_word' id='word_1_76' title='bbox 1149 1365 1194 1452; x_wconf 80' lang='grc' dir='ltr'><strong><em>μὴ</em></strong></span> 
     </span>
     <span class='ocr_line' id='line_1_11' title="bbox 235 1457 1195 1553; baseline 0.003 -21"><span class='ocrx_word' id='word_1_77' title='bbox 235 1459 315 1542; x_wconf 89' lang='grc' dir='ltr'><strong><em>τούς</em></strong></span> <span class='ocrx_word' id='word_1_78' title='bbox 329 1463 392 1548; x_wconf 77' lang='grc' dir='ltr'><strong><em>μὲν</em></strong></span> <span class='ocrx_word' id='word_1_79' title='bbox 406 1460 529 1547; x_wconf 82' lang='grc' dir='ltr'><strong><em>λόγους</em></strong></span> <span class='ocrx_word' id='word_1_80' title='bbox 542 1457 622 1538; x_wconf 85' lang='grc' dir='ltr'><strong><em>τούς</em></strong></span> <span class='ocrx_word' id='word_1_81' title='bbox 636 1467 705 1526; x_wconf 80' lang='grc' dir='ltr'><strong><em>τόν</em></strong></span> <span class='ocrx_word' id='word_1_82' title='bbox 720 1462 988 1548; x_wconf 78' lang='grc' dir='ltr'><strong><em>ἐναντιουμένων</em></strong></span> <span class='ocrx_word' id='word_1_83' title='bbox 999 1463 1078 1550; x_wconf 88' lang='grc' dir='ltr'><strong><em>παρ’</em></strong></span> <span class='ocrx_word' id='word_1_84' title='bbox 1092 1463 1195 1553; x_wconf 79' lang='grc' dir='ltr'><strong><em>ἀλλή-</em></strong></span> 
     </span>
     <span class='ocr_line' id='line_1_12' title="bbox 235 1557 1264 1650; baseline -0.001 -18"><span class='ocrx_word' id='word_1_85' title='bbox 235 1572 316 1642; x_wconf 86' lang='grc' dir='ltr'><strong><em>λους</em></strong></span> <span class='ocrx_word' id='word_1_86' title='bbox 332 1562 527 1644; x_wconf 76' lang='grc' dir='ltr'><strong><em>ἐξετάζοιεν,</em></strong></span> <span class='ocrx_word' id='word_1_87' title='bbox 550 1558 645 1627; x_wconf 79' lang='grc' dir='ltr'><strong><em>αύτοί</em></strong></span> <span class='ocrx_word' id='word_1_88' title='bbox 660 1557 692 1627; x_wconf 86' lang='grc' dir='ltr'><strong><em>δ’</em></strong></span> <span class='ocrx_word' id='word_1_89' title='bbox 708 1557 833 1639; x_wconf 85' lang='grc' dir='ltr'><strong><em>αύτούς</em></strong></span> <span class='ocrx_word' id='word_1_90' title='bbox 846 1561 982 1642; x_wconf 84' lang='grc' dir='ltr'><strong><em>κοινούς</em></strong></span> <span class='ocrx_word' id='word_1_91' title='bbox 995 1560 1197 1650; x_wconf 79' lang='grc' dir='ltr'><strong><em>ἀμφοτέροις</em></strong></span> <span class='ocrx_word' id='word_1_92' title='bbox 1212 1586 1264 1641; x_wconf 82' lang='lat'><strong><em>161</em></strong></span> 
     </span>
     <span class='ocr_line' id='line_1_13' title="bbox 190 1658 1194 1750; baseline 0 -19"><span class='ocrx_word' id='word_1_93' title='bbox 190 1687 221 1739; x_wconf 77' lang='lat'><strong><em>12</em></strong></span> <span class='ocrx_word' id='word_1_94' title='bbox 235 1660 402 1749; x_wconf 83' lang='grc' dir='ltr'><strong><em>ἀκροατάς</em></strong></span> <span class='ocrx_word' id='word_1_95' title='bbox 415 1660 618 1747; x_wconf 84' lang='grc' dir='ltr'><strong><em>παράσχοιεν</em></strong></span> <span class='ocrx_word' id='word_1_96' title='bbox 624 1688 637 1741; x_wconf 71' lang='grc' dir='ltr'><strong><em>ς</em></strong></span> <span class='ocrx_word' id='word_1_97' title='bbox 663 1658 735 1747; x_wconf 84' lang='grc' dir='ltr'><strong><em>(δ’.)</em></strong></span> <span class='ocrx_word' id='word_1_98' title='bbox 758 1661 922 1746; x_wconf 78' lang='grc' dir='ltr'><strong><em>Θαυμάζω</em></strong></span> <span class='ocrx_word' id='word_1_99' title='bbox 934 1660 971 1729; x_wconf 69' lang='grc' dir='ltr'><strong><em>δὲ</em></strong></span> <span class='ocrx_word' id='word_1_100' title='bbox 984 1670 1054 1729; x_wconf 75' lang='grc' dir='ltr'><strong><em>των</em></strong></span> <span class='ocrx_word' id='word_1_101' title='bbox 1066 1690 1101 1731; x_wconf 91' lang='grc' dir='ltr'><strong><em>τε</em></strong></span> <span class='ocrx_word' id='word_1_102' title='bbox 1111 1687 1194 1750; x_wconf 84' lang='grc' dir='ltr'><strong><em>πρε-</em></strong></span> 
     </span>
     <span class='ocr_line' id='line_1_14' title="bbox 235 1760 1194 1850; baseline 0.001 -20"><span class='ocrx_word' id='word_1_103' title='bbox 235 1763 423 1850; x_wconf 78' lang='grc' dir='ltr'><strong><em>σβυτέρων,</em></strong></span> <span class='ocrx_word' id='word_1_104' title='bbox 449 1766 480 1828; x_wconf 86' lang='grc' dir='ltr'><strong><em>εί</em></strong></span> <span class='ocrx_word' id='word_1_105' title='bbox 491 1764 607 1847; x_wconf 79' lang='grc' dir='ltr'><strong><em>μηκέτι</em></strong></span> <span class='ocrx_word' id='word_1_106' title='bbox 622 1760 891 1848; x_wconf 89' lang='grc' dir='ltr'><strong><em>μνημονεύουσι,</em></strong></span> <span class='ocrx_word' id='word_1_107' title='bbox 915 1763 971 1829; x_wconf 80' lang='grc' dir='ltr'><strong><em>καὶ</em></strong></span> <span class='ocrx_word' id='word_1_108' title='bbox 989 1771 1058 1830; x_wconf 75' lang='grc' dir='ltr'><strong><em>των</em></strong></span> <span class='ocrx_word' id='word_1_109' title='bbox 1072 1788 1194 1831; x_wconf 86' lang='grc' dir='ltr'><strong><em>νεωτε-</em></strong></span> 
     </span>
     <span class='ocr_line' id='line_1_15' title="bbox 235 1855 1192 1948; baseline 0.002 -21"><span class='ocrx_word' id='word_1_110' title='bbox 235 1886 322 1947; x_wconf 89' lang='grc' dir='ltr'><strong><em>ρων,</em></strong></span> <span class='ocrx_word' id='word_1_111' title='bbox 338 1865 369 1927; x_wconf 86' lang='grc' dir='ltr'><strong><em>εί</em></strong></span> <span class='ocrx_word' id='word_1_112' title='bbox 379 1856 523 1945; x_wconf 84' lang='grc' dir='ltr'><strong><em>μηδενός</em></strong></span> <span class='ocrx_word' id='word_1_113' title='bbox 538 1855 740 1944; x_wconf 86' lang='grc' dir='ltr'><strong><em>ἀκηκόασιν,</em></strong></span> <span class='ocrx_word' id='word_1_114' title='bbox 762 1856 813 1926; x_wconf 85' lang='grc' dir='ltr'><strong><em>ότι</em></strong></span> <span class='ocrx_word' id='word_1_115' title='bbox 828 1856 885 1927; x_wconf 83' lang='grc' dir='ltr'><strong><em>διά</em></strong></span> <span class='ocrx_word' id='word_1_116' title='bbox 899 1862 962 1946; x_wconf 73' lang='grc' dir='ltr'><strong><em>μὲν</em></strong></span> <span class='ocrx_word' id='word_1_117' title='bbox 974 1861 1054 1942; x_wconf 87' lang='grc' dir='ltr'><strong><em>τούς</em></strong></span> <span class='ocrx_word' id='word_1_118' title='bbox 1070 1886 1192 1948; x_wconf 47' lang='grc' dir='ltr'><strong><em>παραι,</em></strong></span> 
     </span>
     <span class='ocr_line' id='line_1_16' title="bbox 234 1955 1192 2045; baseline 0.004 -18"><span class='ocrx_word' id='word_1_119' title='bbox 234 1966 379 2037; x_wconf 85' lang='grc' dir='ltr'><strong><em>νοῦντας</em></strong></span> <span class='ocrx_word' id='word_1_120' title='bbox 393 1955 590 2044; x_wconf 72' lang='grc' dir='ltr'><strong><em>ἀντέχεσθαι</em></strong></span> <span class='ocrx_word' id='word_1_121' title='bbox 604 1964 662 2045; x_wconf 83' lang='grc' dir='ltr'><strong><em>τῆς</em></strong></span> <span class='ocrx_word' id='word_1_122' title='bbox 678 1958 814 2044; x_wconf 75' lang='grc' dir='ltr'><strong><em>εἰρήνης</em></strong></span> <span class='ocrx_word' id='word_1_123' title='bbox 827 1956 929 2028; x_wconf 70' lang='grc' dir='ltr'><strong><em>ούδεν</em></strong></span> <span class='ocrx_word' id='word_1_124' title='bbox 942 1961 1076 2029; x_wconf 77' lang='grc' dir='ltr'><strong><em>πόκοτε</em></strong></span> <span class='ocrx_word' id='word_1_125' title='bbox 1085 1959 1192 2031; x_wconf 84' lang='grc' dir='ltr'><strong><em>κακόν</em></strong></span> 
     </span>
     <span class='ocr_line' id='line_1_17' title="bbox 235 2054 1192 2148; baseline -0.001 -19"><span class='ocrx_word' id='word_1_126' title='bbox 235 2058 423 2145; x_wconf 81' lang='grc' dir='ltr'><strong><em>ἐπάθομεν,</em></strong></span> <span class='ocrx_word' id='word_1_127' title='bbox 445 2055 500 2127; x_wconf 87' lang='grc' dir='ltr'><strong><em>διά</em></strong></span> <span class='ocrx_word' id='word_1_128' title='bbox 516 2059 553 2125; x_wconf 73' lang='grc' dir='ltr'><strong><em>δὲ</em></strong></span> <span class='ocrx_word' id='word_1_129' title='bbox 566 2055 645 2135; x_wconf 85' lang='grc' dir='ltr'><strong><em>τούς</em></strong></span> <span class='ocrx_word' id='word_1_130' title='bbox 657 2059 780 2147; x_wconf 71' lang='grc' dir='ltr'><strong><em>ῥᾳδίως</em></strong></span> <span class='ocrx_word' id='word_1_131' title='bbox 793 2054 855 2125; x_wconf 82' lang='grc' dir='ltr'><strong><em>τόν</em></strong></span> <span class='ocrx_word' id='word_1_132' title='bbox 868 2057 1017 2146; x_wconf 84' lang='grc' dir='ltr'><strong><em>πόλεμον</em></strong></span> <span class='ocrx_word' id='word_1_133' title='bbox 1032 2064 1192 2148; x_wconf 76' lang='grc' dir='ltr'><strong><em>αἱρουμέ-</em></strong></span> 
     </span>
     <span class='ocr_line' id='line_1_18' title="bbox 234 2155 1192 2245; baseline 0.002 -18"><span class='ocrx_word' id='word_1_134' title='bbox 234 2185 317 2239; x_wconf 87' lang='grc' dir='ltr'><strong><em>νους</em></strong></span> <span class='ocrx_word' id='word_1_135' title='bbox 328 2166 467 2237; x_wconf 87' lang='grc' dir='ltr'><strong><em>πολλαῖς</em></strong></span> <span class='ocrx_word' id='word_1_136' title='bbox 476 2155 541 2245; x_wconf 81' lang='grc' dir='ltr'><strong><em>ἤδη</em></strong></span> <span class='ocrx_word' id='word_1_137' title='bbox 555 2160 609 2225; x_wconf 77' lang='grc' dir='ltr'><strong><em>καί</em></strong></span> <span class='ocrx_word' id='word_1_138' title='bbox 620 2156 780 2243; x_wconf 83' lang='grc' dir='ltr'><strong><em>μεγάλαις</em></strong></span> <span class='ocrx_word' id='word_1_139' title='bbox 793 2172 983 2245; x_wconf 77' lang='grc' dir='ltr'><strong><em>συμφοραῖς</em></strong></span> <span class='ocrx_word' id='word_1_140' title='bbox 995 2163 1192 2244; x_wconf 77' lang='grc' dir='ltr'><strong><em>περιεπέσο-</em></strong></span> 
     </span>
     <span class='ocr_line' id='line_1_19' title="bbox 232 2249 1193 2345; baseline 0 -20"><span class='ocrx_word' id='word_1_141' title='bbox 232 2284 305 2345; x_wconf 91' lang='grc' dir='ltr'><strong><em>μεν.</em></strong></span> <span class='ocrx_word' id='word_1_142' title='bbox 329 2249 378 2325; x_wconf 81' lang='grc' dir='ltr'><strong><em>όν</em></strong></span> <span class='ocrx_word' id='word_1_143' title='bbox 392 2252 487 2343; x_wconf 81' lang='grc' dir='ltr'><strong><em>ἡμεῖς</em></strong></span> <span class='ocrx_word' id='word_1_144' title='bbox 502 2252 662 2342; x_wconf 77' lang='grc' dir='ltr'><strong><em>οὐδεμίαν</em></strong></span> <span class='ocrx_word' id='word_1_145' title='bbox 676 2254 869 2341; x_wconf 76' lang='grc' dir='ltr'><strong><em>ποιούμεθα</em></strong></span> <span class='ocrx_word' id='word_1_146' title='bbox 882 2262 1002 2342; x_wconf 78' lang='grc' dir='ltr'><strong><em>μνείαν</em></strong></span> <span class='ocrx_word' id='word_1_147' title='bbox 1016 2254 1090 2325; x_wconf 88' lang='grc' dir='ltr'><strong><em>ἀλλ’</em></strong></span> <span class='ocrx_word' id='word_1_148' title='bbox 1106 2260 1193 2325; x_wconf 76' lang='grc' dir='ltr'><strong><em>ἑτοί-</em></strong></span> 
     </span>
     <span class='ocr_line' id='line_1_20' title="bbox 232 2351 1221 2444; baseline 0.004 -21"><span class='ocrx_word' id='word_1_149' title='bbox 232 2382 302 2444; x_wconf 90' lang='grc' dir='ltr'><strong><em>μως</em></strong></span> <span class='ocrx_word' id='word_1_150' title='bbox 314 2360 442 2442; x_wconf 77' lang='grc' dir='ltr'><strong><em>δχομεν,</em></strong></span> <span class='ocrx_word' id='word_1_151' title='bbox 451 2356 557 2442; x_wconf 76' lang='grc' dir='ltr'><strong><em>μηδὲν</em></strong></span> <span class='ocrx_word' id='word_1_152' title='bbox 568 2359 615 2433; x_wconf 86' lang='grc' dir='ltr'><strong><em>είς</em></strong></span> <span class='ocrx_word' id='word_1_153' title='bbox 624 2351 865 2441; x_wconf 86' lang='grc' dir='ltr'><strong><em>τούμπροσθεν</em></strong></span> <span class='ocrx_word' id='word_1_154' title='bbox 874 2352 954 2442; x_wconf 83' lang='grc' dir='ltr'><strong><em>ἡμῖν</em></strong></span> <span class='ocrx_word' id='word_1_155' title='bbox 964 2353 1078 2435; x_wconf 88' lang='grc' dir='ltr'><strong><em>αύτοῖς</em></strong></span> <span class='ocrx_word' id='word_1_156' title='bbox 1086 2356 1221 2442; x_wconf 76' lang='grc' dir='ltr'><strong><em>πράτ-Ι)</em></strong></span> 
     </span>
     <span class='ocr_line' id='line_1_21' title="bbox 231 2453 1188 2543; baseline -0.002 -18"><span class='ocrx_word' id='word_1_157' title='bbox 231 2482 361 2541; x_wconf 89' lang='grc' dir='ltr'><strong><em>τοντες,</em></strong></span> <span class='ocrx_word' id='word_1_158' title='bbox 372 2454 517 2543; x_wconf 81' lang='grc' dir='ltr'><strong><em>τριήρεις</em></strong></span> <span class='ocrx_word' id='word_1_159' title='bbox 525 2461 680 2541; x_wconf 80' lang='grc' dir='ltr'><strong><em>πληροῦν</em></strong></span> <span class='ocrx_word' id='word_1_160' title='bbox 690 2456 746 2522; x_wconf 80' lang='grc' dir='ltr'><strong><em>καὶ</em></strong></span> <span class='ocrx_word' id='word_1_161' title='bbox 756 2453 935 2541; x_wconf 86' lang='grc' dir='ltr'><strong><em>χρημάτων</em></strong></span> <span class='ocrx_word' id='word_1_162' title='bbox 944 2454 1103 2542; x_wconf 82' lang='grc' dir='ltr'><strong><em>εἰσφοράς</em></strong></span> <span class='ocrx_word' id='word_1_163' title='bbox 1112 2479 1188 2523; x_wconf 89' lang='grc' dir='ltr'><strong><em>ποι-</em></strong></span> 
     </span>
     <span class='ocr_line' id='line_1_22' title="bbox 232 2545 1187 2642; baseline -0.001 -19"><span class='ocrx_word' id='word_1_164' title='bbox 232 2565 343 2625; x_wconf 83' lang='grc' dir='ltr'><strong><em>εῖσθαι</em></strong></span> <span class='ocrx_word' id='word_1_165' title='bbox 358 2558 413 2623; x_wconf 81' lang='grc' dir='ltr'><strong><em>καὶ</em></strong></span> <span class='ocrx_word' id='word_1_166' title='bbox 427 2562 570 2642; x_wconf 84' lang='grc' dir='ltr'><strong><em>βοηθεῖν</em></strong></span> <span class='ocrx_word' id='word_1_167' title='bbox 583 2556 639 2621; x_wconf 79' lang='grc' dir='ltr'><strong><em>καὶ</em></strong></span> <span class='ocrx_word' id='word_1_168' title='bbox 651 2560 810 2638; x_wconf 74' lang='grc' dir='ltr'><strong><em>πολεμεῖν</em></strong></span> <span class='ocrx_word' id='word_1_169' title='bbox 820 2545 870 2633; x_wconf 81' lang='grc' dir='ltr'><strong><em>οἷς</em></strong></span> <span class='ocrx_word' id='word_1_170' title='bbox 884 2548 928 2620; x_wconf 85' lang='grc' dir='ltr'><strong><em>ἀν</em></strong></span> <span class='ocrx_word' id='word_1_171' title='bbox 937 2553 1104 2640; x_wconf 79' lang='grc' dir='ltr'><strong><em>τύχωμεν,</em></strong></span> <span class='ocrx_word' id='word_1_172' title='bbox 1119 2551 1187 2622; x_wconf 83' lang='grc' dir='ltr'><strong><em>όσ·</em></strong></span> 
     </span>
    </p>

    <p class='ocr_par' dir='ltr' id='par_1_4' title="bbox 152 2650 1214 3536">
     <span class='ocr_line' id='line_1_23' title="bbox 152 2650 1186 2742; baseline -0.005 -17"><span class='ocrx_word' id='word_1_173' title='bbox 152 2656 158 2663; x_wconf 68' lang='grc'><strong>’</strong></span> <span class='ocrx_word' id='word_1_174' title='bbox 188 2676 218 2730; x_wconf 77' lang='grc' dir='ltr'><strong><em>ιε</em></strong></span> <span class='ocrx_word' id='word_1_175' title='bbox 231 2680 293 2739; x_wconf 87' lang='grc' dir='ltr'><strong><em>περ</em></strong></span> <span class='ocrx_word' id='word_1_176' title='bbox 312 2657 350 2722; x_wconf 75' lang='grc' dir='ltr'><strong><em>όν</em></strong></span> <span class='ocrx_word' id='word_1_177' title='bbox 364 2650 523 2742; x_wconf 78' lang='grc' dir='ltr'><strong><em>ἀλλοτρίᾳ</em></strong></span> <span class='ocrx_word' id='word_1_178' title='bbox 541 2660 582 2742; x_wconf 76' lang='grc' dir='ltr'><strong><em>τῇ</em></strong></span> <span class='ocrx_word' id='word_1_179' title='bbox 596 2652 691 2720; x_wconf 87' lang='grc' dir='ltr'><strong><em>πόλει</em></strong></span> <span class='ocrx_word' id='word_1_180' title='bbox 711 2651 976 2730; x_wconf 91' lang='grc' dir='ltr'><strong><em>κινδυνεύοντες.</em></strong></span> <span class='ocrx_word' id='word_1_181' title='bbox 1005 2651 1135 2720; x_wconf 87' lang='grc' dir='ltr'><strong><em>τούτων</em></strong></span> <span class='ocrx_word' id='word_1_182' title='bbox 1153 2658 1186 2720; x_wconf 84' lang='grc' dir='ltr'><strong><em>δ’</em></strong></span> 
     </span>
     <span class='ocr_line' id='line_1_24' title="bbox 230 2748 1188 2839; baseline 0 -18"><span class='ocrx_word' id='word_1_183' title='bbox 230 2752 340 2822; x_wconf 86' lang='grc' dir='ltr'><strong><em>αι’τιόν</em></strong></span> <span class='ocrx_word' id='word_1_184' title='bbox 361 2754 467 2839; x_wconf 80' lang='grc' dir='ltr'><strong><em>ἐστιν,</em></strong></span> <span class='ocrx_word' id='word_1_185' title='bbox 486 2751 555 2838; x_wconf 86' lang='grc' dir='ltr'><strong><em>ὅτι,</em></strong></span> <span class='ocrx_word' id='word_1_186' title='bbox 575 2757 748 2837; x_wconf 81' lang='grc' dir='ltr'><strong><em>προσῆκον</em></strong></span> <span class='ocrx_word' id='word_1_187' title='bbox 768 2748 856 2836; x_wconf 79' lang='grc' dir='ltr'><strong><em>ὑμᾶς</em></strong></span> <span class='ocrx_word' id='word_1_188' title='bbox 875 2748 997 2837; x_wconf 81' lang='grc' dir='ltr'><strong><em>ὁμοίως</em></strong></span> <span class='ocrx_word' id='word_1_189' title='bbox 1014 2748 1099 2837; x_wconf 73' lang='grc' dir='ltr'><strong><em>ὑπὲρ</em></strong></span> <span class='ocrx_word' id='word_1_190' title='bbox 1119 2759 1188 2822; x_wconf 76' lang='grc' dir='ltr'><strong><em>τόν</em></strong></span> 
     </span>
     <span class='ocr_line' id='line_1_25' title="bbox 230 2848 1185 2939; baseline 0.001 -20"><span class='ocrx_word' id='word_1_191' title='bbox 230 2858 355 2919; x_wconf 80' lang='grc' dir='ltr'><strong><em>κοινῶν</em></strong></span> <span class='ocrx_word' id='word_1_192' title='bbox 366 2848 478 2935; x_wconf 75' lang='grc' dir='ltr'><strong><em>ὥσπερ</em></strong></span> <span class='ocrx_word' id='word_1_193' title='bbox 489 2848 574 2936; x_wconf 71' lang='grc' dir='ltr'><strong><em>ὑπὲρ</em></strong></span> <span class='ocrx_word' id='word_1_194' title='bbox 585 2857 655 2918; x_wconf 76' lang='grc' dir='ltr'><strong><em>τόν</em></strong></span> <span class='ocrx_word' id='word_1_195' title='bbox 666 2854 763 2918; x_wconf 90' lang='grc' dir='ltr'><strong><em>ίδίων</em></strong></span> <span class='ocrx_word' id='word_1_196' title='bbox 772 2849 987 2937; x_wconf 78' lang='grc' dir='ltr'><strong><em>σπουδάζειν,</em></strong></span> <span class='ocrx_word' id='word_1_197' title='bbox 999 2849 1041 2918; x_wconf 90' lang='grc' dir='ltr'><strong><em>ού</em></strong></span> <span class='ocrx_word' id='word_1_198' title='bbox 1051 2849 1114 2939; x_wconf 78' lang='grc' dir='ltr'><strong><em>τὴν</em></strong></span> <span class='ocrx_word' id='word_1_199' title='bbox 1124 2852 1185 2920; x_wconf 82' lang='grc' dir='ltr'><strong><em>αύ·</em></strong></span> 
     </span>
     <span class='ocr_line' id='line_1_26' title="bbox 229 2945 1188 3041; baseline 0.002 -22"><span class='ocrx_word' id='word_1_200' title='bbox 229 2949 292 3039; x_wconf 77' lang='grc' dir='ltr'><strong><em>τὴν</em></strong></span> <span class='ocrx_word' id='word_1_201' title='bbox 305 2948 445 3037; x_wconf 85' lang='grc' dir='ltr'><strong><em>γνόμην</em></strong></span> <span class='ocrx_word' id='word_1_202' title='bbox 463 2955 551 3035; x_wconf 87' lang='grc' dir='ltr'><strong><em>ἔχετε</em></strong></span> <span class='ocrx_word' id='word_1_203' title='bbox 572 2952 648 3035; x_wconf 80' lang='grc' dir='ltr'><strong><em>περὶ</em></strong></span> <span class='ocrx_word' id='word_1_204' title='bbox 668 2947 798 3034; x_wconf 74' lang='grc' dir='ltr'><strong><em>αὐτῶν,</em></strong></span> <span class='ocrx_word' id='word_1_205' title='bbox 825 2945 899 3017; x_wconf 89' lang='grc' dir='ltr'><strong><em>ἀλλ’</em></strong></span> <span class='ocrx_word' id='word_1_206' title='bbox 917 2948 999 3018; x_wconf 86' lang='grc' dir='ltr'><strong><em>ὅταν</em></strong></span> <span class='ocrx_word' id='word_1_207' title='bbox 1019 2954 1083 3037; x_wconf 64' lang='grc' dir='ltr'><strong><em>μὲν</em></strong></span> <span class='ocrx_word' id='word_1_208' title='bbox 1102 2950 1188 3041; x_wconf 71' lang='grc' dir='ltr'><strong><em>ὑπὲρ</em></strong></span> 
     </span>
     <span class='ocr_line' id='line_1_27' title="bbox 229 3047 1188 3138; baseline 0.001 -20"><span class='ocrx_word' id='word_1_209' title='bbox 229 3057 298 3118; x_wconf 72' lang='grc' dir='ltr'><strong><em>τῶν</em></strong></span> <span class='ocrx_word' id='word_1_210' title='bbox 307 3052 403 3119; x_wconf 80' lang='grc' dir='ltr'><strong><em>ἰδίων</em></strong></span> <span class='ocrx_word' id='word_1_211' title='bbox 413 3048 635 3136; x_wconf 80' lang='grc' dir='ltr'><strong><em>βουλεύησθε,</em></strong></span> <span class='ocrx_word' id='word_1_212' title='bbox 647 3055 768 3136; x_wconf 83' lang='grc' dir='ltr'><strong><em>ζητεῖτε</em></strong></span> <span class='ocrx_word' id='word_1_213' title='bbox 777 3048 992 3134; x_wconf 86' lang='grc' dir='ltr'><strong><em>συμβούλους</em></strong></span> <span class='ocrx_word' id='word_1_214' title='bbox 1002 3047 1082 3130; x_wconf 83' lang='grc' dir='ltr'><strong><em>τούς</em></strong></span> <span class='ocrx_word' id='word_1_215' title='bbox 1093 3048 1188 3138; x_wconf 84' lang='grc' dir='ltr'><strong><em>ἀμει-</em></strong></span> 
     </span>
     <span class='ocr_line' id='line_1_28' title="bbox 229 3144 1214 3237; baseline 0.002 -21"><span class='ocrx_word' id='word_1_216' title='bbox 229 3176 293 3217; x_wconf 92' lang='grc' dir='ltr'><strong><em>νον</em></strong></span> <span class='ocrx_word' id='word_1_217' title='bbox 307 3154 519 3233; x_wconf 84' lang='grc' dir='ltr'><strong><em>φρονοῦντας</em></strong></span> <span class='ocrx_word' id='word_1_218' title='bbox 532 3144 632 3233; x_wconf 79' lang='grc' dir='ltr'><strong><em>ὑμῶν</em></strong></span> <span class='ocrx_word' id='word_1_219' title='bbox 647 3146 776 3232; x_wconf 70' lang='grc' dir='ltr'><strong><em>αύτοῐν,</em></strong></span> <span class='ocrx_word' id='word_1_220' title='bbox 800 3144 928 3216; x_wconf 82' lang='grc' dir='ltr'><strong><em>ὅτανδ’</em></strong></span> <span class='ocrx_word' id='word_1_221' title='bbox 946 3146 1032 3237; x_wconf 72' lang='grc' dir='ltr'><strong><em>ὑπὲρ</em></strong></span> <span class='ocrx_word' id='word_1_222' title='bbox 1046 3156 1104 3236; x_wconf 81' lang='grc' dir='ltr'><strong><em>τῆς</em></strong></span> <span class='ocrx_word' id='word_1_223' title='bbox 1122 3151 1214 3218; x_wconf 83' lang='grc' dir='ltr'><strong><em>πό-ο</em></strong></span> 
     </span>
     <span class='ocr_line' id='line_1_29' title="bbox 229 3245 1188 3334; baseline 0.001 -17"><span class='ocrx_word' id='word_1_224' title='bbox 229 3258 313 3327; x_wconf 88' lang='grc' dir='ltr'><strong><em>λεως</em></strong></span> <span class='ocrx_word' id='word_1_225' title='bbox 329 3245 576 3334; x_wconf 76' lang='grc' dir='ltr'><strong><em>ἐκκλησιάζητε,</em></strong></span> <span class='ocrx_word' id='word_1_226' title='bbox 600 3260 668 3327; x_wconf 88' lang='grc' dir='ltr'><strong><em>τοῖς</em></strong></span> <span class='ocrx_word' id='word_1_227' title='bbox 684 3247 747 3333; x_wconf 67' lang='grc' dir='ltr'><strong><em>μὲν</em></strong></span> <span class='ocrx_word' id='word_1_228' title='bbox 767 3246 932 3326; x_wconf 84' lang='grc' dir='ltr'><strong><em>τοιούτοις</em></strong></span> <span class='ocrx_word' id='word_1_229' title='bbox 947 3245 1113 3317; x_wconf 83' lang='grc' dir='ltr'><strong><em>ἀπιστεῖτε</em></strong></span> <span class='ocrx_word' id='word_1_230' title='bbox 1131 3251 1188 3319; x_wconf 77' lang='grc' dir='ltr'><strong><em>καὶ</em></strong></span> 
     </span>
     <span class='ocr_line' id='line_1_30' title="bbox 230 3345 1187 3437; baseline 0.001 -20"><span class='ocrx_word' id='word_1_231' title='bbox 230 3360 400 3436; x_wconf 87' lang='grc' dir='ltr'><strong><em>φθονεῖτε,</em></strong></span> <span class='ocrx_word' id='word_1_232' title='bbox 410 3346 490 3426; x_wconf 83' lang='grc' dir='ltr'><strong><em>τούς</em></strong></span> <span class='ocrx_word' id='word_1_233' title='bbox 501 3346 538 3417; x_wconf 70' lang='grc' dir='ltr'><strong><em>δὲ</em></strong></span> <span class='ocrx_word' id='word_1_234' title='bbox 546 3346 798 3435; x_wconf 86' lang='grc' dir='ltr'><strong><em>πονηροτάτους</em></strong></span> <span class='ocrx_word' id='word_1_235' title='bbox 807 3352 876 3414; x_wconf 79' lang='grc' dir='ltr'><strong><em>τῶν</em></strong></span> <span class='ocrx_word' id='word_1_236' title='bbox 886 3349 940 3415; x_wconf 73' lang='grc' dir='ltr'><strong><em>ἐπὶ</em></strong></span> <span class='ocrx_word' id='word_1_237' title='bbox 948 3345 986 3416; x_wconf 87' lang='grc' dir='ltr'><strong><em>τό</em></strong></span> <span class='ocrx_word' id='word_1_238' title='bbox 998 3356 1090 3437; x_wconf 77' lang='grc' dir='ltr'><strong><em>βῆμα</em></strong></span> <span class='ocrx_word' id='word_1_239' title='bbox 1098 3373 1187 3435; x_wconf 86' lang='grc' dir='ltr'><strong><em>παρ-</em></strong></span> 
     </span>
     <span class='ocr_line' id='line_1_31' title="bbox 229 3445 1186 3536; baseline -0.001 -19"><span class='ocrx_word' id='word_1_240' title='bbox 229 3450 352 3518; x_wconf 90' lang='grc' dir='ltr'><strong><em>ιόντων</em></strong></span> <span class='ocrx_word' id='word_1_241' title='bbox 360 3447 489 3517; x_wconf 76' lang='grc' dir='ltr'><strong><em>ἀσκεῖτε</em></strong></span> <span class='ocrx_word' id='word_1_242' title='bbox 499 3451 554 3517; x_wconf 74' lang='grc' dir='ltr'><strong><em>καί</em></strong></span> <span class='ocrx_word' id='word_1_243' title='bbox 563 3454 710 3535; x_wconf 88' lang='grc' dir='ltr'><strong><em>νομίζετε</em></strong></span> <span class='ocrx_word' id='word_1_244' title='bbox 722 3450 1005 3536; x_wconf 82' lang='grc' dir='ltr'><strong><em>δημοτικωτέρους</em></strong></span> <span class='ocrx_word' id='word_1_245' title='bbox 1012 3448 1098 3518; x_wconf 79' lang='grc' dir='ltr'><strong><em>εἶναι</em></strong></span> <span class='ocrx_word' id='word_1_246' title='bbox 1105 3445 1186 3528; x_wconf 87' lang='grc' dir='ltr'><strong><em>τούς</em></strong></span> 
     </span>
    </p>

    <p class='ocr_par' dir='ltr' id='par_1_5' title="bbox 204 3544 1185 3732">
     <span class='ocr_line' id='line_1_32' title="bbox 204 3544 1185 3641; baseline 0.001 -25"><span class='ocrx_word' id='word_1_247' title='bbox 204 3622 213 3641; x_wconf 66' lang='lat'><em>„</em></span> <span class='ocrx_word' id='word_1_248' title='bbox 228 3547 419 3635; x_wconf 85' lang='grc' dir='ltr'><strong><em>μεθύοντας</em></strong></span> <span class='ocrx_word' id='word_1_249' title='bbox 431 3552 500 3614; x_wconf 77' lang='grc' dir='ltr'><strong><em>τῶν</em></strong></span> <span class='ocrx_word' id='word_1_250' title='bbox 515 3545 696 3633; x_wconf 89' lang='grc' dir='ltr'><strong><em>νηφόντων</em></strong></span> <span class='ocrx_word' id='word_1_251' title='bbox 713 3548 769 3616; x_wconf 73' lang='grc' dir='ltr'><strong><em>καί</em></strong></span> <span class='ocrx_word' id='word_1_252' title='bbox 781 3544 862 3626; x_wconf 84' lang='grc' dir='ltr'><strong><em>τούς</em></strong></span> <span class='ocrx_word' id='word_1_253' title='bbox 875 3553 963 3615; x_wconf 85' lang='grc' dir='ltr'><strong><em>νούν</em></strong></span> <span class='ocrx_word' id='word_1_254' title='bbox 976 3545 1039 3616; x_wconf 90' lang='grc' dir='ltr'><strong><em>ούκ</em></strong></span> <span class='ocrx_word' id='word_1_255' title='bbox 1050 3553 1185 3635; x_wconf 65' lang='grc' dir='ltr'><strong><em>ἔχοντας</em></strong></span> 
     </span>
     <span class='ocr_line' id='line_1_33' title="bbox 229 3636 1185 3732; baseline 0 -19"><span class='ocrx_word' id='word_1_256' title='bbox 229 3651 296 3713; x_wconf 77' lang='grc' dir='ltr'><strong><em>τῶν</em></strong></span> <span class='ocrx_word' id='word_1_257' title='bbox 310 3636 350 3711; x_wconf 86' lang='grc' dir='ltr'><strong><em>εύ</em></strong></span> <span class='ocrx_word' id='word_1_258' title='bbox 366 3644 588 3729; x_wconf 86' lang='grc' dir='ltr'><strong><em>φρονούντων</em></strong></span> <span class='ocrx_word' id='word_1_259' title='bbox 602 3649 658 3713; x_wconf 80' lang='grc' dir='ltr'><strong><em>καί</em></strong></span> <span class='ocrx_word' id='word_1_260' title='bbox 667 3644 749 3724; x_wconf 83' lang='grc' dir='ltr'><strong><em>τούς</em></strong></span> <span class='ocrx_word' id='word_1_261' title='bbox 760 3644 802 3713; x_wconf 86' lang='grc' dir='ltr'><strong><em>τά</em></strong></span> <span class='ocrx_word' id='word_1_262' title='bbox 815 3652 873 3732; x_wconf 81' lang='grc' dir='ltr'><strong><em>τῆς</em></strong></span> <span class='ocrx_word' id='word_1_263' title='bbox 887 3644 1017 3726; x_wconf 87' lang='grc' dir='ltr'><strong><em>πόλεως</em></strong></span> <span class='ocrx_word' id='word_1_264' title='bbox 1027 3649 1185 3731; x_wconf 86' lang='grc' dir='ltr'><strong><em>διανεμο-</em></strong></span> 
     </span>
    </p>
   </div>
   <div class='ocr_carea' id='block_1_4' title="bbox 0 0 1434 4334">
    <p class='ocr_par' dir='ltr' id='par_1_6' title="bbox 0 0 1434 4334">
     <span class='ocr_line' id='line_1_34' title="bbox 0 0 1434 4334; baseline 0 5"><span class='ocrx_word' id='word_1_265' title='bbox 0 0 1434 4334; x_wconf 95' lang='lat' dir='ltr'><strong><em> </em></strong></span> 
     </span>
    </p>
   </div>
  </div>
 </body>
</html>
