2859 4334
536 337 778 399 ΒΟΤΣΙΡΙΣ.
1106 333 1125 393 7

122 523 159 573 25
175 526 249 568 πων
262 498 457 585 ὠφελοῦσιν.
484 500 538 566 καὶ
548 496 614 583 γάρ
624 495 686 586 τήν
696 496 803 585 ἀρχὴν
814 504 848 566 οί
855 500 916 567 τόν
927 502 1037 587 φόβον
1047 496 1129 587 ἡμῖν

176 600 434 685 ἐνεργασάμενοι
459 602 585 667 τοῦτον
607 607 706 666 αίτιοι
726 599 884 684 γεγόνασι
905 607 965 665 τοῦ
981 601 1024 685 μη
1042 623 1129 664 παυ-

175 697 299 766 τάιτασι
315 702 494 783 θηριωδῶς
511 702 699 765 διακεῖσθαι
714 696 798 782 πρὸς
811 694 985 784 ἀλλήλους.
1009 701 1156 765 ἐκεῖνοιτ

175 803 294 863 τοίνυν
315 794 421 875 οὕτως
441 794 542 883 ἀγίως
562 800 637 881 περὶ
660 804 762 862 ταῦτα
783 798 837 864 καὶ
851 804 980 882 σεμνῶς
996 802 1129 881 ἐχουσιν

83 897 86 903 ’
177 893 332 963 ὥστεκαὶ.
348 894 428 975 τούς
444 895 566 981 ὅρκους
583 898 796 979 πιστοτέρους
814 894 897 963 εἶναι
914 894 993 977 τοὺς
1009 898 1046 962 ἐν
1061 908 1130 970 τοῖς

176 999 315 1063 ἐκείνων
336 1000 436 1080 ίεροῖς
457 990 478 1080 ή
499 994 578 1073 τούς
592 991 681 1080 παρά
697 1009 765 1072 τοῖς
780 991 892 1072 ἀλλοις
906 1000 1130 1072 καθεστῶτας,

176 1096 232 1163 καὶ
252 1102 319 1161 τῶν
340 1092 586 1179 ἁμαρτημάτων
609 1095 750 1160 ἕκαστον
775 1103 906 1160 οῖεσθαι
931 1097 1129 1176 παραχρῆμα

177 1196 300 1263 διόσειν
315 1199 421 1284 δίκην,
427 1192 500 1262 ἀλλ’
515 1192 556 1261 οὐ
571 1194 741 1279 διαλήσειν
755 1191 815 1260 τόν
829 1191 980 1278 παρόντα
994 1194 1129 1278 χρόνον,

176 1290 252 1360 οὐδ’
270 1299 315 1370 είς
336 1290 415 1370 τούς
430 1297 548 1369 παῖδας
569 1290 870 1378 ἀναβληθήσεσθαι
889 1290 947 1369 τὰς
962 1298 1129 1376 τιμωρίας.

126 1404 162 1455 26
177 1395 233 1459 καὶ
247 1389 340 1458 ταῦτ’
355 1392 489 1469 εἰκότως
504 1392 715 1471 δοξάζουσιν·
735 1390 859 1469 πολλάς
873 1389 937 1477 γάρ
952 1389 1132 1467 αὐτοῖςκαὶ

176 1488 392 1567 παντοδαπάς
407 1488 561 1576 ἀσκήσεις
575 1498 631 1577 τῆς
646 1488 817 1576 ὁσιότητος
831 1493 957 1569 ἐκεῖνος
970 1493 1158 1583 κατέστηδ

177 1613 247 1675 σεν,
264 1590 355 1667 ὅστις
370 1592 424 1657 καὶ
438 1598 505 1657 τῶν
519 1590 613 1672 ζῶων
626 1597 694 1657 τῶν
709 1588 789 1676 παρ’
802 1588 881 1676 ἡμῖν
895 1614 1132 1675 καταφρονου·

176 1694 289 1778 μένων
303 1695 393 1757 ἐστιν
407 1687 429 1757 ἀ
443 1692 600 1777 σέβεσθαι
616 1693 670 1758 καὶ
686 1698 784 1776 τιμᾶν
799 1693 1053 1775 ἐνομοθέτησεν,
1069 1684 1132 1754 οὐκ

176 1788 314 1877 ἀγνοῶν
336 1788 397 1877 τήν
418 1791 565 1875 δύναμιν
586 1788 714 1871 αὐτῶν,
742 1788 814 1857 ἀλλ’
837 1788 905 1875 ἀμα
927 1790 989 1874 μὲν
1008 1791 1131 1867 ἐθίζειν

176 1890 331 1975 οίόμενος
346 1894 416 1957 δεῖν
432 1887 491 1957 τδυ
507 1888 606 1975 ὄχλον
621 1890 775 1974 ἐμμένειν
790 1886 892 1954 ἅπασι
908 1902 975 1965 τοῖς
985 1884 1052 1955 ὑπό
1063 1892 1131 1952 τῶν

127 2001 161 2055 27
178 1987 352 2074 ἀρχόντων
363 1991 697 2074 παραγγελλομένοις,
716 1984 783 2072 ἅμα
796 1988 831 2053 δὲ
843 1985 1047 2071 βουλόμενος
1059 1998 1131 2051 πεῖ-

176 2116 242 2173 ραν
266 2089 452 2174 λαμβάνειν
473 2090 509 2155 ἐν
532 2101 599 2165 τοῖς
621 2100 795 2171 φανεροῖς,
824 2083 942 2170 ήντινα
965 2085 1040 2166 περὶ
1064 2088 1132 2149 τῶν

177 2185 322 2273 ἀφανῶν
336 2188 490 2254 διάνοιαν
505 2193 648 2272 ἔχουσιν.
670 2185 799 2269 ἐνόμιζε
809 2182 874 2269 γάρ
889 2180 968 2261 τοὺς
978 2182 1041 2268 μέυ
1051 2182 1132 2249 τοό-

176 2310 245 2353 των
260 2282 507 2370 ὀλιγωροῦντας
520 2282 621 2369 τυχόν
636 2287 691 2351 καὶ
705 2291 773 2350 τῶν
787 2282 949 2367 μειζόνων
960 2302 1158 2367 καταφρο·ο

178 2382 313 2469 νήσειν,
339 2378 418 2459 τούς
441 2379 471 2448 δ’
495 2383 547 2449 ἐπὶ
567 2381 705 2448 πάντων
729 2378 850 2465 ὁμοίως
870 2384 1071 2465 ἐμμένοντας
1092 2386 1132 2468 τή

178 2482 268 2560 τάξει
291 2487 432 2566 βεβαίως
454 2486 590 2547 ἔσεσθαι
611 2477 672 2564 τήν
693 2475 805 2545 αὑτῶν
827 2476 1000 2565 εὐσέβειαν
1021 2481 1132 2545 ἐπιδε-

180 2583 382 2666 δειγμὲνους.

127 2696 164 2748 ῖ8
264 2676 444 2763 (ια’.)Ἕχοι
457 2676 490 2744 δ’
501 2676 544 2745 ἀν
555 2705 603 2755 τις
614 2676 657 2764 μή
671 2677 829 2745 σπεύδειν
845 2675 1038 2762 ὡρμημένος
1049 2685 1129 2743 πολ-

179 2775 221 2846 λά
237 2780 292 2845 καὶ
306 2776 485 2863 θαυμαστά
501 2780 575 2861 περὶ
590 2786 647 2864 τής
661 2776 831 2862 ὁσιότητος
846 2775 957 2843 αὐτῶν
972 2781 1131 2859 διελθεῖν,

179 2874 223 2962 ἣν
234 2874 311 2943 οὔτε
320 2875 423 2961 μόνος
432 2876 508 2944 οὔτε
519 2885 649 2961 πρῶτος
658 2875 723 2963 ἐγῶ
733 2879 888 2962 τυγχάνω
897 2874 1132 2959 καθεωρακῶς,

179 2972 264 3044 ἀλλά
279 2976 395 3042 πολλοὶ
410 2978 465 3043 καὶ
479 2982 546 3043 τῶν
561 2974 668 3043 όντων
680 2979 812 3043 καὶτῶν
823 2977 1132 3062 προγεγενημένων,
1149 2982 1199 3037 227

181 3066 230 3141 ῶν
251 3076 306 3141 καὶ
325 3075 533 3159 Πυθαγόρας
554 3074 571 3142 ὁ
592 3076 722 3161 Σάμιός
741 3079 848 3143 ἐστιν·
870 3074 907 3155 ὃς
922 3074 1133 3162 ’ἀφικόμενος

181 3180 227 3252 είς
241 3181 415 3257 Αἴγυπτον
432 3176 486 3241 καὶ
503 3173 654 3261 μαθητής
672 3178 811 3244 ἐκείνων
825 3178 1006 3262 γενόμενος
1024 3176 1086 3261 τήν
1101 3170 1131 3239 τ’

180 3276 287 3357 ἀλλην
303 3280 507 3358 φιλοσοφίαν
522 3282 650 3360 πρῶτος
665 3280 710 3353 είς
725 3273 973 3361 τοδςἝλληνας
989 3275 1133 3357 ἐκόμισε,

181 3375 236 3439 καὶ
253 3368 293 3437 τά
311 3374 387 3455 περὶ
403 3370 460 3449 τάς
477 3380 599 3451 θυσίας
615 3376 669 3441 καὶ
686 3372 744 3452 τάς
760 3373 926 3460 ἁγιστείας
941 3372 999 3452 τάς
1014 3376 1050 3439 ἐν
1067 3385 1134 3449 τοῖς

180 3476 283 3551 ἱεροῖς
297 3472 557 3556 ἐπιφανέστερον
575 3482 642 3541 τῶν
657 3470 769 3541 ἀλλων
784 3474 1007 3550 ἐσπούδασεν,
1030 3469 1133 3557 ἡγού-

182 3596 298 3654 μενος,
324 3576 354 3637 εί
372 3574 426 3637 καὶ
447 3574 550 3656 μηδὲν
571 3571 661 3663 αὐτῷ
678 3571 733 3639 διά
749 3582 853 3640 ταῦτα
869 3575 972 3639 πλέον
987 3578 1133 3655 γίγνοιτο
