<?xml version="1.0" encoding="UTF-8"?>
<!DOCTYPE html PUBLIC "-//W3C//DTD XHTML 1.0 Transitional//EN"
    "http://www.w3.org/TR/xhtml1/DTD/xhtml1-transitional.dtd">
<html xmlns="http://www.w3.org/1999/xhtml" xml:lang="en" lang="en">
 <head>
  <title>
</title>
<meta http-equiv="Content-Type" content="text/html;charset=utf-8" />
  <meta name='ocr-system' content='tesseract 3.04.00' />
  <meta name='ocr-capabilities' content='ocr_page ocr_carea ocr_par ocr_line ocrx_word'/>
</head>
<body>
  <div class='ocr_page' id='page_1' title='image "./orationes00isgoog_0173.png"; bbox 0 0 2859 4334; ppageno 0'>
   <div class='ocr_carea' id='block_1_1' title="bbox 467 400 1074 465">
    <p class='ocr_par' dir='ltr' id='par_1_1' title="bbox 467 400 1074 465">
     <span class='ocr_line' id='line_1_1' title="bbox 467 400 1074 465; baseline 0.01 -6"><span class='ocrx_word' id='word_1_1' title='bbox 467 400 733 461; x_wconf 78' lang='grc' dir='ltr'><em>ΦΙΛΙΠΠΟΣ.</em></span> <span class='ocrx_word' id='word_1_2' title='bbox 1031 401 1074 465; x_wconf 77' lang='grc'><strong><em>99</em></strong></span> 
     </span>
    </p>
   </div>
   <div class='ocr_carea' id='block_1_2' title="bbox 145 557 1124 3585">
    <p class='ocr_par' dir='ltr' id='par_1_2' title="bbox 145 557 1124 3585">
     <span class='ocr_line' id='line_1_2' title="bbox 153 557 1076 651; baseline 0.003 -23"><span class='ocrx_word' id='word_1_3' title='bbox 153 585 211 636; x_wconf 85' lang='grc' dir='ltr'><strong><em>τους</em></strong></span> <span class='ocrx_word' id='word_1_4' title='bbox 222 569 295 647; x_wconf 81' lang='grc' dir='ltr'><strong><em>μετὰ</em></strong></span> <span class='ocrx_word' id='word_1_5' title='bbox 309 568 468 649; x_wconf 75' lang='grc' dir='ltr'><strong><em>Θηβαίων</em></strong></span> <span class='ocrx_word' id='word_1_6' title='bbox 480 567 526 639; x_wconf 88' lang='grc' dir='ltr'><strong><em>είς</em></strong></span> <span class='ocrx_word' id='word_1_7' title='bbox 537 557 602 646; x_wconf 87' lang='grc' dir='ltr'><strong><em>τήν</em></strong></span> <span class='ocrx_word' id='word_1_8' title='bbox 617 557 732 628; x_wconf 74' lang='grc' dir='ltr'><strong><em>αὑτων</em></strong></span> <span class='ocrx_word' id='word_1_9' title='bbox 746 560 975 651; x_wconf 76' lang='grc' dir='ltr'><strong><em>είσβαλόντας,</em></strong></span> <span class='ocrx_word' id='word_1_10' title='bbox 990 561 1076 646; x_wconf 81' lang='grc' dir='ltr'><strong><em>πρὸς</em></strong></span> 
     </span>
     <span class='ocr_line' id='line_1_3' title="bbox 151 655 1074 752; baseline 0.002 -23"><span class='ocrx_word' id='word_1_11' title='bbox 151 655 194 738; x_wconf 71' lang='grc' dir='ltr'><strong><em>οὓς</em></strong></span> <span class='ocrx_word' id='word_1_12' title='bbox 210 656 465 748; x_wconf 86' lang='grc' dir='ltr'><strong><em>ήναγκάσθησαν</em></strong></span> <span class='ocrx_word' id='word_1_13' title='bbox 486 659 759 728; x_wconf 76' lang='grc' dir='ltr'><strong><em>διακινδυνεύειν</em></strong></span> <span class='ocrx_word' id='word_1_14' title='bbox 778 657 842 730; x_wconf 85' lang='grc' dir='ltr'><strong><em>οῦκ</em></strong></span> <span class='ocrx_word' id='word_1_15' title='bbox 862 664 900 730; x_wconf 87' lang='grc' dir='ltr'><strong><em>έν</em></strong></span> <span class='ocrx_word' id='word_1_16' title='bbox 922 670 962 752; x_wconf 79' lang='grc' dir='ltr'><strong><em>τῇ</em></strong></span> <span class='ocrx_word' id='word_1_17' title='bbox 981 661 1074 752; x_wconf 74' lang='grc' dir='ltr'><strong><em>χώρη</em></strong></span> 
     </span>
     <span class='ocr_line' id='line_1_4' title="bbox 150 755 1075 849; baseline 0.008 -26"><span class='ocrx_word' id='word_1_18' title='bbox 150 762 203 844; x_wconf 79' lang='grc' dir='ltr'><strong><em>τερλ</em></strong></span> <span class='ocrx_word' id='word_1_19' title='bbox 216 765 277 826; x_wconf 85' lang='grc' dir='ltr'><strong><em>τῦν</em></strong></span> <span class='ocrx_word' id='word_1_20' title='bbox 294 766 434 845; x_wconf 71' lang='grc' dir='ltr'><strong><em>καρπῶν</em></strong></span> <span class='ocrx_word' id='word_1_21' title='bbox 448 755 520 827; x_wconf 86' lang='grc' dir='ltr'><strong><em>ἀλλ’</em></strong></span> <span class='ocrx_word' id='word_1_22' title='bbox 538 761 576 826; x_wconf 89' lang='grc' dir='ltr'><strong><em>έν</em></strong></span> <span class='ocrx_word' id='word_1_23' title='bbox 596 761 681 848; x_wconf 87' lang='grc' dir='ltr'><strong><em>μέση</em></strong></span> <span class='ocrx_word' id='word_1_24' title='bbox 696 765 737 849; x_wconf 80' lang='grc' dir='ltr'><strong><em>τῇ</em></strong></span> <span class='ocrx_word' id='word_1_25' title='bbox 752 759 848 830; x_wconf 88' lang='grc' dir='ltr'><strong><em>πόλει</em></strong></span> <span class='ocrx_word' id='word_1_26' title='bbox 860 759 946 848; x_wconf 82' lang='grc' dir='ltr'><strong><em>πρὸς</em></strong></span> <span class='ocrx_word' id='word_1_27' title='bbox 963 761 1075 844; x_wconf 79' lang='grc' dir='ltr'><strong><em>αὐτοῖς</em></strong></span> 
     </span>
     <span class='ocr_line' id='line_1_5' title="bbox 147 856 1077 946; baseline 0.005 -22"><span class='ocrx_word' id='word_1_28' title='bbox 147 872 198 936; x_wconf 75' lang='grc' dir='ltr'><strong><em>τοῖς</em></strong></span> <span class='ocrx_word' id='word_1_29' title='bbox 208 856 342 946; x_wconf 79' lang='grc' dir='ltr'><strong><em>ἀρχείοις</em></strong></span> <span class='ocrx_word' id='word_1_30' title='bbox 352 860 428 944; x_wconf 81' lang='grc' dir='ltr'><strong><em>περί</em></strong></span> <span class='ocrx_word' id='word_1_31' title='bbox 437 862 570 927; x_wconf 79' lang='grc' dir='ltr'><strong><em>παίδων</em></strong></span> <span class='ocrx_word' id='word_1_32' title='bbox 579 859 635 927; x_wconf 80' lang='grc' dir='ltr'><strong><em>καί</em></strong></span> <span class='ocrx_word' id='word_1_33' title='bbox 649 866 823 945; x_wconf 77' lang='grc' dir='ltr'><strong><em>γυναικῶν</em></strong></span> <span class='ocrx_word' id='word_1_34' title='bbox 835 868 991 930; x_wconf 89' lang='grc' dir='ltr'><strong><em>τοιοῦτον</em></strong></span> <span class='ocrx_word' id='word_1_35' title='bbox 1001 867 1077 931; x_wconf 83' lang='grc' dir='ltr'><strong><em>κίν-</em></strong></span> 
     </span>
     <span class='ocr_line' id='line_1_6' title="bbox 147 954 1124 1045; baseline 0.004 -22"><span class='ocrx_word' id='word_1_36' title='bbox 147 962 246 1045; x_wconf 87' lang='grc' dir='ltr'><strong><em>δυνον,</em></strong></span> <span class='ocrx_word' id='word_1_37' title='bbox 265 954 303 1025; x_wconf 81' lang='grc' dir='ltr'><strong><em>ὃν</em></strong></span> <span class='ocrx_word' id='word_1_38' title='bbox 315 956 362 1045; x_wconf 86' lang='grc' dir='ltr'><strong><em>μή</em></strong></span> <span class='ocrx_word' id='word_1_39' title='bbox 378 957 656 1044; x_wconf 73' lang='grc' dir='ltr'><strong><em>κατορθώσαντες</em></strong></span> <span class='ocrx_word' id='word_1_40' title='bbox 668 959 733 1045; x_wconf 77' lang='grc' dir='ltr'><strong><em>μέν</em></strong></span> <span class='ocrx_word' id='word_1_41' title='bbox 747 956 855 1041; x_wconf 86' lang='grc' dir='ltr'><strong><em>εῦθῦς</em></strong></span> <span class='ocrx_word' id='word_1_42' title='bbox 866 958 1078 1040; x_wconf 73' lang='grc' dir='ltr'><strong><em>ἀπώλλυντο,</em></strong></span> <span class='ocrx_word' id='word_1_43' title='bbox 1089 981 1124 1038; x_wconf 70' lang='grc' dir='ltr'><strong><em>ετ</em></strong></span> 
     </span>
     <span class='ocr_line' id='line_1_7' title="bbox 145 1054 1077 1145; baseline 0.002 -21"><span class='ocrx_word' id='word_1_44' title='bbox 145 1058 314 1145; x_wconf 79' lang='grc' dir='ltr'><strong><em>νικήσαντες</em></strong></span> <span class='ocrx_word' id='word_1_45' title='bbox 323 1054 355 1125; x_wconf 89' lang='grc' dir='ltr'><strong><em>δ’</em></strong></span> <span class='ocrx_word' id='word_1_46' title='bbox 369 1055 471 1125; x_wconf 75' lang='grc' dir='ltr'><strong><em>οῦδὲν</em></strong></span> <span class='ocrx_word' id='word_1_47' title='bbox 482 1064 611 1145; x_wconf 83' lang='grc' dir='ltr'><strong><em>μᾶλλον</em></strong></span> <span class='ocrx_word' id='word_1_48' title='bbox 624 1055 873 1145; x_wconf 75' lang='grc' dir='ltr'><strong><em>ἀπηλλαγμένοι</em></strong></span> <span class='ocrx_word' id='word_1_49' title='bbox 883 1067 952 1127; x_wconf 80' lang='grc' dir='ltr'><strong><em>τῶν</em></strong></span> <span class='ocrx_word' id='word_1_50' title='bbox 963 1065 1077 1127; x_wconf 80' lang='grc' dir='ltr'><strong><em>κακῶν</em></strong></span> 
     </span>
     <span class='ocr_line' id='line_1_8' title="bbox 145 1152 1077 1245; baseline 0.004 -23"><span class='ocrx_word' id='word_1_51' title='bbox 145 1162 223 1241; x_wconf 80' lang='grc' dir='ltr'><strong><em>εἰσιν,</em></strong></span> <span class='ocrx_word' id='word_1_52' title='bbox 237 1152 318 1225; x_wconf 84' lang='grc' dir='ltr'><strong><em>ἀλλά</em></strong></span> <span class='ocrx_word' id='word_1_53' title='bbox 331 1163 559 1242; x_wconf 78' lang='grc' dir='ltr'><strong><em>πολεμοῦνται</em></strong></span> <span class='ocrx_word' id='word_1_54' title='bbox 573 1157 636 1242; x_wconf 77' lang='grc' dir='ltr'><strong><em>μὲν</em></strong></span> <span class='ocrx_word' id='word_1_55' title='bbox 647 1153 713 1223; x_wconf 81' lang='grc' dir='ltr'><strong><em>ὑπὸ</em></strong></span> <span class='ocrx_word' id='word_1_56' title='bbox 729 1163 798 1224; x_wconf 81' lang='grc' dir='ltr'><strong><em>τῶν</em></strong></span> <span class='ocrx_word' id='word_1_57' title='bbox 808 1153 871 1245; x_wconf 86' lang='grc' dir='ltr'><strong><em>τήν</em></strong></span> <span class='ocrx_word' id='word_1_58' title='bbox 884 1158 998 1244; x_wconf 77' lang='grc' dir='ltr'><strong><em>χώραν</em></strong></span> <span class='ocrx_word' id='word_1_59' title='bbox 1013 1154 1077 1225; x_wconf 86' lang='grc' dir='ltr'><strong><em>αῦ-</em></strong></span> 
     </span>
     <span class='ocr_line' id='line_1_9' title="bbox 145 1251 1077 1341; baseline 0.004 -22"><span class='ocrx_word' id='word_1_60' title='bbox 145 1263 193 1322; x_wconf 82' lang='grc' dir='ltr'><strong><em>ιῦν</em></strong></span> <span class='ocrx_word' id='word_1_61' title='bbox 205 1255 476 1341; x_wconf 72' lang='grc' dir='ltr'><strong><em>περιοικούντων,</em></strong></span> <span class='ocrx_word' id='word_1_62' title='bbox 487 1253 707 1322; x_wconf 81' lang='grc' dir='ltr'><strong><em>ἀπιστοῦνται</em></strong></span> <span class='ocrx_word' id='word_1_63' title='bbox 719 1252 750 1322; x_wconf 89' lang='grc' dir='ltr'><strong><em>δ’</em></strong></span> <span class='ocrx_word' id='word_1_64' title='bbox 764 1251 826 1341; x_wconf 83' lang='grc' dir='ltr'><strong><em>ὑφ’</em></strong></span> <span class='ocrx_word' id='word_1_65' title='bbox 840 1253 1002 1323; x_wconf 79' lang='grc' dir='ltr'><strong><em>ἁπάντων</em></strong></span> <span class='ocrx_word' id='word_1_66' title='bbox 1007 1263 1077 1323; x_wconf 88' lang='grc' dir='ltr'><strong><em>Πε-</em></strong></span> 
     </span>
     <span class='ocr_line' id='line_1_10' title="bbox 145 1349 1077 1440; baseline 0.001 -21"><span class='ocrx_word' id='word_1_67' title='bbox 145 1359 367 1440; x_wconf 76' lang='grc' dir='ltr'><strong><em>λοποννησίων,</em></strong></span> <span class='ocrx_word' id='word_1_68' title='bbox 399 1361 578 1440; x_wconf 84' lang='grc' dir='ltr'><strong><em>μισοῦνται</em></strong></span> <span class='ocrx_word' id='word_1_69' title='bbox 602 1349 633 1420; x_wconf 86' lang='grc' dir='ltr'><strong><em>δ’</em></strong></span> <span class='ocrx_word' id='word_1_70' title='bbox 655 1349 723 1421; x_wconf 78' lang='grc' dir='ltr'><strong><em>ὑπὸ</em></strong></span> <span class='ocrx_word' id='word_1_71' title='bbox 750 1360 812 1421; x_wconf 88' lang='grc' dir='ltr'><strong><em>τοῦ</em></strong></span> <span class='ocrx_word' id='word_1_72' title='bbox 834 1354 988 1440; x_wconf 79' lang='grc' dir='ltr'><strong><em>πλήθους</em></strong></span> <span class='ocrx_word' id='word_1_73' title='bbox 1008 1359 1077 1420; x_wconf 83' lang='grc' dir='ltr'><strong><em>τῦν</em></strong></span> 
     </span>
     <span class='ocr_line' id='line_1_11' title="bbox 145 1447 1077 1539; baseline -0.002 -19"><span class='ocrx_word' id='word_1_74' title='bbox 145 1453 297 1539; x_wconf 67' lang='grc' dir='ltr'><strong><em>Ελλήνων,</em></strong></span> <span class='ocrx_word' id='word_1_75' title='bbox 312 1449 452 1538; x_wconf 78' lang='grc' dir='ltr'><strong><em>ἄγονται</em></strong></span> <span class='ocrx_word' id='word_1_76' title='bbox 463 1453 563 1520; x_wconf 72' lang='grc' dir='ltr'><strong><em>δὲκαὶ</em></strong></span> <span class='ocrx_word' id='word_1_77' title='bbox 577 1454 804 1538; x_wconf 79' lang='grc' dir='ltr'><strong><em>φέρονταικαὶ</em></strong></span> <span class='ocrx_word' id='word_1_78' title='bbox 818 1458 875 1538; x_wconf 83' lang='grc' dir='ltr'><strong><em>τῆς</em></strong></span> <span class='ocrx_word' id='word_1_79' title='bbox 886 1447 1008 1530; x_wconf 84' lang='grc' dir='ltr'><strong><em>νυκτός</em></strong></span> <span class='ocrx_word' id='word_1_80' title='bbox 1022 1453 1077 1518; x_wconf 80' lang='grc' dir='ltr'><strong><em>καί</em></strong></span> 
     </span>
     <span class='ocr_line' id='line_1_12' title="bbox 145 1546 1077 1637; baseline -0.002 -19"><span class='ocrx_word' id='word_1_81' title='bbox 145 1558 180 1636; x_wconf 65' lang='grc' dir='ltr'><strong><em>τῆς</em></strong></span> <span class='ocrx_word' id='word_1_82' title='bbox 192 1549 313 1636; x_wconf 81' lang='grc' dir='ltr'><strong><em>ἡμέρας</em></strong></span> <span class='ocrx_word' id='word_1_83' title='bbox 326 1547 393 1619; x_wconf 79' lang='grc' dir='ltr'><strong><em>ὑπὸ</em></strong></span> <span class='ocrx_word' id='word_1_84' title='bbox 416 1558 485 1619; x_wconf 78' lang='grc' dir='ltr'><strong><em>τῶν</em></strong></span> <span class='ocrx_word' id='word_1_85' title='bbox 507 1556 648 1619; x_wconf 83' lang='grc' dir='ltr'><strong><em>οίκετῦν</em></strong></span> <span class='ocrx_word' id='word_1_86' title='bbox 667 1556 738 1618; x_wconf 78' lang='grc' dir='ltr'><strong><em>τῶν</em></strong></span> <span class='ocrx_word' id='word_1_87' title='bbox 759 1554 932 1636; x_wconf 77' lang='grc' dir='ltr'><strong><em>σφετέρων</em></strong></span> <span class='ocrx_word' id='word_1_88' title='bbox 952 1546 1077 1637; x_wconf 82' lang='grc' dir='ltr'><strong><em>αὐτῶν,</em></strong></span> 
     </span>
     <span class='ocr_line' id='line_1_13' title="bbox 145 1642 1081 1735; baseline 0 -21"><span class='ocrx_word' id='word_1_89' title='bbox 145 1646 242 1716; x_wconf 84' lang='grc' dir='ltr'><strong><em>ῦδένα</em></strong></span> <span class='ocrx_word' id='word_1_90' title='bbox 263 1647 299 1717; x_wconf 68' lang='grc' dir='ltr'><strong><em>δὲ</em></strong></span> <span class='ocrx_word' id='word_1_91' title='bbox 317 1649 445 1735; x_wconf 83' lang='grc' dir='ltr'><strong><em>χρόνον</em></strong></span> <span class='ocrx_word' id='word_1_92' title='bbox 470 1653 702 1718; x_wconf 89' lang='grc' dir='ltr'><strong><em>διαλείπουσιν</em></strong></span> <span class='ocrx_word' id='word_1_93' title='bbox 722 1642 744 1734; x_wconf 87' lang='grc' dir='ltr'><strong><em>ή</em></strong></span> <span class='ocrx_word' id='word_1_94' title='bbox 767 1647 1005 1732; x_wconf 80' lang='grc' dir='ltr'><strong><em>στρατεύοντες</em></strong></span> <span class='ocrx_word' id='word_1_95' title='bbox 1025 1650 1081 1714; x_wconf 89' lang='grc' dir='ltr'><strong><em>έπί</em></strong></span> 
     </span>
     <span class='ocr_line' id='line_1_14' title="bbox 146 1742 1107 1834; baseline 0.005 -22"><span class='ocrx_word' id='word_1_96' title='bbox 146 1743 241 1833; x_wconf 84' lang='grc' dir='ltr'><strong><em>ιναςή</em></strong></span> <span class='ocrx_word' id='word_1_97' title='bbox 253 1748 434 1834; x_wconf 79' lang='grc' dir='ltr'><strong><em>μαχόμενοι</em></strong></span> <span class='ocrx_word' id='word_1_98' title='bbox 445 1748 529 1831; x_wconf 89' lang='grc' dir='ltr'><strong><em>πρός</em></strong></span> <span class='ocrx_word' id='word_1_99' title='bbox 538 1772 633 1825; x_wconf 89' lang='grc' dir='ltr'><strong><em>τινας</em></strong></span> <span class='ocrx_word' id='word_1_100' title='bbox 642 1742 665 1833; x_wconf 85' lang='grc' dir='ltr'><strong><em>ή</em></strong></span> <span class='ocrx_word' id='word_1_101' title='bbox 675 1752 885 1833; x_wconf 78' lang='grc' dir='ltr'><strong><em>βοηθοῦντες</em></strong></span> <span class='ocrx_word' id='word_1_102' title='bbox 894 1761 964 1828; x_wconf 73' lang='grc' dir='ltr'><strong><em>τοῖς</em></strong></span> <span class='ocrx_word' id='word_1_103' title='bbox 972 1744 1107 1817; x_wconf 60' lang='lat' dir='ltr'><strong><em>&amp;nol-b</em></strong></span> 
     </span>
     <span class='ocr_line' id='line_1_15' title="bbox 146 1843 1079 1933; baseline 0 -19"><span class='ocrx_word' id='word_1_104' title='bbox 146 1845 408 1933; x_wconf 79' lang='grc' dir='ltr'><strong><em>υμένοιςαῦτῦν.</em></strong></span> <span class='ocrx_word' id='word_1_105' title='bbox 430 1843 467 1914; x_wconf 83' lang='grc' dir='ltr'><strong><em>τό</em></strong></span> <span class='ocrx_word' id='word_1_106' title='bbox 479 1847 516 1914; x_wconf 77' lang='grc' dir='ltr'><strong><em>δέ</em></strong></span> <span class='ocrx_word' id='word_1_107' title='bbox 525 1851 683 1933; x_wconf 79' lang='grc' dir='ltr'><strong><em>μέγιστον</em></strong></span> <span class='ocrx_word' id='word_1_108' title='bbox 693 1851 763 1911; x_wconf 77' lang='grc' dir='ltr'><strong><em>τῶν</em></strong></span> <span class='ocrx_word' id='word_1_109' title='bbox 777 1853 907 1914; x_wconf 79' lang='grc' dir='ltr'><strong><em>κακῶν·</em></strong></span> <span class='ocrx_word' id='word_1_110' title='bbox 932 1845 1079 1925; x_wconf 87' lang='grc' dir='ltr'><strong><em>δεδιότες</em></strong></span> 
     </span>
     <span class='ocr_line' id='line_1_16' title="bbox 146 1942 1079 2033; baseline 0 -21"><span class='ocrx_word' id='word_1_111' title='bbox 146 1944 183 2030; x_wconf 86' lang='grc' dir='ltr'><strong><em>ἀρ</em></strong></span> <span class='ocrx_word' id='word_1_112' title='bbox 204 1952 411 2030; x_wconf 87' lang='grc' dir='ltr'><strong><em>διατελοῦσι,</em></strong></span> <span class='ocrx_word' id='word_1_113' title='bbox 438 1943 484 2033; x_wconf 88' lang='grc' dir='ltr'><strong><em>μή</em></strong></span> <span class='ocrx_word' id='word_1_114' title='bbox 508 1953 650 2033; x_wconf 76' lang='grc' dir='ltr'><strong><em>Θηβαῖοι</em></strong></span> <span class='ocrx_word' id='word_1_115' title='bbox 668 1945 909 2031; x_wconf 81' lang='grc' dir='ltr'><strong><em>διαλυσάμενοι</em></strong></span> <span class='ocrx_word' id='word_1_116' title='bbox 932 1943 971 2013; x_wconf 84' lang='grc' dir='ltr'><strong><em>τά</em></strong></span> <span class='ocrx_word' id='word_1_117' title='bbox 994 1942 1079 2029; x_wconf 79' lang='grc' dir='ltr'><strong><em>πρὸς</em></strong></span> 
     </span>
     <span class='ocr_line' id='line_1_17' title="bbox 145 2042 1078 2132; baseline -0.003 -17"><span class='ocrx_word' id='word_1_118' title='bbox 145 2052 257 2128; x_wconf 55' lang='grc' dir='ltr'><strong><em>’τοκέας</em></strong></span> <span class='ocrx_word' id='word_1_119' title='bbox 280 2047 384 2116; x_wconf 81' lang='grc' dir='ltr'><strong><em>πόλιν</em></strong></span> <span class='ocrx_word' id='word_1_120' title='bbox 406 2046 651 2125; x_wconf 80' lang='grc' dir='ltr'><strong><em>ἐπανελθόντες</em></strong></span> <span class='ocrx_word' id='word_1_121' title='bbox 675 2050 824 2132; x_wconf 79' lang='grc' dir='ltr'><strong><em>μείζοσιν</em></strong></span> <span class='ocrx_word' id='word_1_122' title='bbox 846 2042 972 2124; x_wconf 88' lang='grc' dir='ltr'><strong><em>αῦτοῦς</em></strong></span> <span class='ocrx_word' id='word_1_123' title='bbox 991 2064 1078 2132; x_wconf 85' lang='grc' dir='ltr'><strong><em>συμ-</em></strong></span> 
     </span>
     <span class='ocr_line' id='line_1_18' title="bbox 145 2144 1078 2234; baseline -0.001 -21"><span class='ocrx_word' id='word_1_124' title='bbox 145 2158 238 2232; x_wconf 80' lang='grc' dir='ltr'><strong><em>οραῑς</em></strong></span> <span class='ocrx_word' id='word_1_125' title='bbox 254 2147 461 2234; x_wconf 78' lang='grc' dir='ltr'><strong><em>περιβόλωσι</em></strong></span> <span class='ocrx_word' id='word_1_126' title='bbox 471 2153 540 2214; x_wconf 82' lang='grc' dir='ltr'><strong><em>τῶν</em></strong></span> <span class='ocrx_word' id='word_1_127' title='bbox 553 2144 722 2227; x_wconf 84' lang='grc' dir='ltr'><strong><em>πρότερον</em></strong></span> <span class='ocrx_word' id='word_1_128' title='bbox 735 2147 980 2230; x_wconf 88' lang='grc' dir='ltr'><strong><em>γεγενημένων.</em></strong></span> <span class='ocrx_word' id='word_1_129' title='bbox 1003 2145 1078 2212; x_wconf 87' lang='grc' dir='ltr'><strong><em>καί·</em></strong></span> 
     </span>
     <span class='ocr_line' id='line_1_19' title="bbox 145 2233 1076 2321; baseline -0.003 -19"><span class='ocrx_word' id='word_1_130' title='bbox 145 2262 170 2302; x_wconf 79' lang='grc' dir='ltr'><strong><em>ιι</em></strong></span> <span class='ocrx_word' id='word_1_131' title='bbox 182 2249 255 2314; x_wconf 88' lang='grc' dir='ltr'><strong><em>πῶς</em></strong></span> <span class='ocrx_word' id='word_1_132' title='bbox 267 2237 310 2302; x_wconf 88' lang='grc' dir='ltr'><strong><em>οῦ</em></strong></span> <span class='ocrx_word' id='word_1_133' title='bbox 323 2236 387 2321; x_wconf 82' lang='grc' dir='ltr'><strong><em>χρή</em></strong></span> <span class='ocrx_word' id='word_1_134' title='bbox 398 2237 546 2319; x_wconf 70' lang='grc' dir='ltr'><strong><em>νομιζειν</em></strong></span> <span class='ocrx_word' id='word_1_135' title='bbox 554 2234 634 2310; x_wconf 79' lang='grc' dir='ltr'><strong><em>τοὺς</em></strong></span> <span class='ocrx_word' id='word_1_136' title='bbox 642 2234 729 2299; x_wconf 73' lang='grc' dir='ltr'><strong><em>οὕτω</em></strong></span> <span class='ocrx_word' id='word_1_137' title='bbox 739 2233 970 2316; x_wconf 85' lang='grc' dir='ltr'><strong><em>διακειμένους</em></strong></span> <span class='ocrx_word' id='word_1_138' title='bbox 980 2233 1076 2314; x_wconf 84' lang='grc' dir='ltr'><strong><em>ἀσμέ-</em></strong></span> 
     </span>
     <span class='ocr_line' id='line_1_20' title="bbox 145 2327 1076 2416; baseline -0.005 -17"><span class='ocrx_word' id='word_1_139' title='bbox 145 2359 198 2410; x_wconf 90' lang='grc' dir='ltr'><strong><em>ους</em></strong></span> <span class='ocrx_word' id='word_1_140' title='bbox 220 2332 266 2398; x_wconf 77' lang='grc' dir='ltr'><strong><em>ἂν</em></strong></span> <span class='ocrx_word' id='word_1_141' title='bbox 290 2333 376 2398; x_wconf 79' lang='grc' dir='ltr'><strong><em>ἰδεῖν</em></strong></span> <span class='ocrx_word' id='word_1_142' title='bbox 399 2330 640 2397; x_wconf 83' lang='grc' dir='ltr'><strong><em>ἐπιστατοῦντα</em></strong></span> <span class='ocrx_word' id='word_1_143' title='bbox 660 2338 721 2413; x_wconf 80' lang='grc' dir='ltr'><strong><em>της</em></strong></span> <span class='ocrx_word' id='word_1_144' title='bbox 743 2332 876 2416; x_wconf 77' lang='grc' dir='ltr'><strong><em>εἰρήνης</em></strong></span> <span class='ocrx_word' id='word_1_145' title='bbox 896 2327 1076 2415; x_wconf 82' lang='grc' dir='ltr'><strong><em>ἀξιόχρεων</em></strong></span> 
     </span>
     <span class='ocr_line' id='line_1_21' title="bbox 145 2426 1076 2516; baseline -0.003 -22"><span class='ocrx_word' id='word_1_146' title='bbox 145 2433 224 2516; x_wconf 85' lang='grc' dir='ltr'><strong><em>ιδρα</em></strong></span> <span class='ocrx_word' id='word_1_147' title='bbox 242 2429 302 2495; x_wconf 79' lang='grc' dir='ltr'><strong><em>καί</em></strong></span> <span class='ocrx_word' id='word_1_148' title='bbox 318 2429 510 2514; x_wconf 76' lang='grc' dir='ltr'><strong><em>δυνάμενον</em></strong></span> <span class='ocrx_word' id='word_1_149' title='bbox 522 2429 680 2494; x_wconf 88' lang='grc' dir='ltr'><strong><em>διαλῦσαι</em></strong></span> <span class='ocrx_word' id='word_1_150' title='bbox 693 2429 773 2504; x_wconf 82' lang='grc' dir='ltr'><strong><em>τοὺς</em></strong></span> <span class='ocrx_word' id='word_1_151' title='bbox 786 2426 968 2503; x_wconf 74' lang='grc' dir='ltr'><strong><em>ἐνεστῶτος</em></strong></span> <span class='ocrx_word' id='word_1_152' title='bbox 980 2426 1076 2492; x_wconf 83' lang='grc' dir='ltr'><strong><em>πολέ-</em></strong></span> 
     </span>
     <span class='ocr_line' id='line_1_22' title="bbox 145 2528 1101 2607; baseline -0.002 -1"><span class='ocrx_word' id='word_1_153' title='bbox 145 2553 198 2606; x_wconf 69' lang='lat' dir='ltr'><strong><em>we</em></strong></span> <span class='ocrx_word' id='word_1_154' title='bbox 220 2528 353 2607; x_wconf 74' lang='grc' dir='ltr'><strong><em>αῦτοῑει</em></strong></span> <span class='ocrx_word' id='word_1_155' title='bbox 1087 2548 1101 2584; x_wconf 79' lang='lat'><strong>⁰</strong></span> 
     </span>
     <span class='ocr_line' id='line_1_23' title="bbox 193 2620 1076 2713; baseline -0.006 -23"><span class='ocrx_word' id='word_1_156' title='bbox 193 2623 270 2713; x_wconf 87' lang='grc' dir='ltr'><strong><em>(κ’.)</em></strong></span> <span class='ocrx_word' id='word_1_157' title='bbox 285 2622 459 2708; x_wconf 83' lang='grc' dir='ltr'><strong><em>Ἀργείους</em></strong></span> <span class='ocrx_word' id='word_1_158' title='bbox 477 2624 594 2688; x_wconf 90' lang='grc' dir='ltr'><strong><em>τοίνυν</em></strong></span> <span class='ocrx_word' id='word_1_159' title='bbox 612 2623 699 2699; x_wconf 86' lang='grc' dir='ltr'><strong><em>ίδοις</em></strong></span> <span class='ocrx_word' id='word_1_160' title='bbox 716 2620 760 2687; x_wconf 76' lang='grc' dir='ltr'><strong><em>δν</em></strong></span> <span class='ocrx_word' id='word_1_161' title='bbox 777 2623 818 2687; x_wconf 77' lang='grc' dir='ltr'><strong><em>τοὶ</em></strong></span> <span class='ocrx_word' id='word_1_162' title='bbox 831 2622 893 2703; x_wconf 68' lang='grc' dir='ltr'><strong><em>μὲν</em></strong></span> <span class='ocrx_word' id='word_1_163' title='bbox 905 2626 1076 2706; x_wconf 86' lang='grc' dir='ltr'><strong><em>παραπλη-</em></strong></span> 
     </span>
     <span class='ocr_line' id='line_1_24' title="bbox 145 2718 1076 2806; baseline -0.005 -19"><span class='ocrx_word' id='word_1_164' title='bbox 145 2725 191 2800; x_wconf 87' lang='grc' dir='ltr'><strong><em>’ως</em></strong></span> <span class='ocrx_word' id='word_1_165' title='bbox 203 2731 281 2799; x_wconf 78' lang='grc' dir='ltr'><strong><em>τοῖς</em></strong></span> <span class='ocrx_word' id='word_1_166' title='bbox 296 2718 481 2806; x_wconf 80' lang='grc' dir='ltr'><strong><em>εἰρημένοις</em></strong></span> <span class='ocrx_word' id='word_1_167' title='bbox 494 2721 710 2806; x_wconf 79' lang='grc' dir='ltr'><strong><em>πράττοντας,</em></strong></span> <span class='ocrx_word' id='word_1_168' title='bbox 723 2719 765 2784; x_wconf 80' lang='grc' dir='ltr'><strong><em>τὰ</em></strong></span> <span class='ocrx_word' id='word_1_169' title='bbox 779 2718 817 2784; x_wconf 78' lang='grc' dir='ltr'><strong><em>δὲ</em></strong></span> <span class='ocrx_word' id='word_1_170' title='bbox 825 2727 939 2802; x_wconf 79' lang='grc' dir='ltr'><strong><em>χεῖρον</em></strong></span> <span class='ocrx_word' id='word_1_171' title='bbox 947 2718 1076 2783; x_wconf 86' lang='grc' dir='ltr'><strong><em>τούτων</em></strong></span> 
     </span>
     <span class='ocr_line' id='line_1_25' title="bbox 148 2811 1075 2902; baseline -0.005 -17"><span class='ocrx_word' id='word_1_172' title='bbox 148 2838 264 2897; x_wconf 89' lang='grc' dir='ltr'><strong><em>οντας·</em></strong></span> <span class='ocrx_word' id='word_1_173' title='bbox 284 2823 470 2902; x_wconf 87' lang='grc' dir='ltr'><strong><em>πολεμοῦσι</em></strong></span> <span class='ocrx_word' id='word_1_174' title='bbox 488 2812 550 2898; x_wconf 68' lang='grc' dir='ltr'><strong><em>μέν</em></strong></span> <span class='ocrx_word' id='word_1_175' title='bbox 568 2817 642 2901; x_wconf 77' lang='grc' dir='ltr'><strong><em>γὰρ,</em></strong></span> <span class='ocrx_word' id='word_1_176' title='bbox 662 2813 695 2894; x_wconf 81' lang='grc' dir='ltr'><strong><em>ἐξ</em></strong></span> <span class='ocrx_word' id='word_1_177' title='bbox 714 2811 817 2899; x_wconf 82' lang='grc' dir='ltr'><strong><em>οὗπερ</em></strong></span> <span class='ocrx_word' id='word_1_178' title='bbox 835 2815 897 2898; x_wconf 82' lang='grc' dir='ltr'><strong><em>τήν</em></strong></span> <span class='ocrx_word' id='word_1_179' title='bbox 914 2817 1014 2880; x_wconf 89' lang='grc' dir='ltr'><strong><em>πόλιν</em></strong></span> <span class='ocrx_word' id='word_1_180' title='bbox 1027 2817 1075 2881; x_wconf 61' lang='grc' dir='ltr'><strong><em>ολ</em></strong></span> 
     </span>
     <span class='ocr_line' id='line_1_26' title="bbox 146 2913 1075 3002; baseline -0.004 -20"><span class='ocrx_word' id='word_1_181' title='bbox 146 2927 217 3002; x_wconf 86' lang='grc' dir='ltr'><strong><em>ῦσι,</em></strong></span> <span class='ocrx_word' id='word_1_182' title='bbox 238 2915 329 3002; x_wconf 86' lang='grc' dir='ltr'><strong><em>πρὸς</em></strong></span> <span class='ocrx_word' id='word_1_183' title='bbox 342 2918 421 2992; x_wconf 90' lang='grc' dir='ltr'><strong><em>τοὺς</em></strong></span> <span class='ocrx_word' id='word_1_184' title='bbox 435 2913 590 2999; x_wconf 84' lang='grc' dir='ltr'><strong><em>ὁμόρους,</em></strong></span> <span class='ocrx_word' id='word_1_185' title='bbox 609 2915 720 2997; x_wconf 82' lang='grc' dir='ltr'><strong><em>ὥσπερ</em></strong></span> <span class='ocrx_word' id='word_1_186' title='bbox 735 2913 1003 2996; x_wconf 88' lang='grc' dir='ltr'><strong><em>Λακεδαιμόνιοι,</em></strong></span> <span class='ocrx_word' id='word_1_187' title='bbox 1022 2936 1075 2978; x_wconf 87' lang='grc' dir='ltr'><strong><em>το-</em></strong></span> 
     </span>
     <span class='ocr_line' id='line_1_27' title="bbox 146 3008 1075 3095; baseline -0.003 -16"><span class='ocrx_word' id='word_1_188' title='bbox 146 3023 235 3079; x_wconf 90' lang='grc' dir='ltr'><strong><em>ῦτον</em></strong></span> <span class='ocrx_word' id='word_1_189' title='bbox 251 3013 295 3078; x_wconf 74' lang='grc' dir='ltr'><strong><em>δὲ</em></strong></span> <span class='ocrx_word' id='word_1_190' title='bbox 308 3010 543 3095; x_wconf 88' lang='grc' dir='ltr'><strong><em>διαφέρουσιν,</em></strong></span> <span class='ocrx_word' id='word_1_191' title='bbox 557 3011 639 3076; x_wconf 82' lang='grc' dir='ltr'><strong><em>ὅσον</em></strong></span> <span class='ocrx_word' id='word_1_192' title='bbox 652 3009 774 3076; x_wconf 75' lang='grc' dir='ltr'><strong><em>ἐκείνοι</em></strong></span> <span class='ocrx_word' id='word_1_193' title='bbox 788 3008 850 3091; x_wconf 70' lang='grc' dir='ltr'><strong><em>μεν</em></strong></span> <span class='ocrx_word' id='word_1_194' title='bbox 862 3010 947 3095; x_wconf 88' lang='grc' dir='ltr'><strong><em>πρὸς</em></strong></span> <span class='ocrx_word' id='word_1_195' title='bbox 956 3009 1075 3092; x_wconf 83' lang='grc' dir='ltr'><strong><em>ήττους</em></strong></span> 
     </span>
     <span class='ocr_line' id='line_1_28' title="bbox 146 3104 1075 3195; baseline -0.003 -21"><span class='ocrx_word' id='word_1_196' title='bbox 146 3122 231 3194; x_wconf 82' lang='grc' dir='ltr'><strong><em>τῶν,</em></strong></span> <span class='ocrx_word' id='word_1_197' title='bbox 252 3105 354 3176; x_wconf 82' lang='grc' dir='ltr'><strong><em>οὗτοι</em></strong></span> <span class='ocrx_word' id='word_1_198' title='bbox 372 3109 411 3175; x_wconf 78' lang='grc' dir='ltr'><strong><em>δὲ</em></strong></span> <span class='ocrx_word' id='word_1_199' title='bbox 427 3109 513 3193; x_wconf 89' lang='grc' dir='ltr'><strong><em>πρὸς</em></strong></span> <span class='ocrx_word' id='word_1_200' title='bbox 529 3108 713 3195; x_wconf 86' lang='grc' dir='ltr'><strong><em>κρείττους·</em></strong></span> <span class='ocrx_word' id='word_1_201' title='bbox 734 3105 751 3172; x_wconf 84' lang='grc' dir='ltr'>ὃ</span> <span class='ocrx_word' id='word_1_202' title='bbox 768 3107 888 3183; x_wconf 82' lang='grc' dir='ltr'><strong><em>πάντες</em></strong></span> <span class='ocrx_word' id='word_1_203' title='bbox 902 3104 944 3170; x_wconf 80' lang='grc' dir='ltr'><strong><em>ἀν</em></strong></span> <span class='ocrx_word' id='word_1_204' title='bbox 958 3104 1075 3187; x_wconf 85' lang='grc' dir='ltr'><strong><em>ὁμολο-</em></strong></span> 
     </span>
     <span class='ocr_line' id='line_1_29' title="bbox 145 3200 1075 3290; baseline -0.005 -18"><span class='ocrx_word' id='word_1_205' title='bbox 145 3225 249 3273; x_wconf 86' lang='grc' dir='ltr'><strong><em>σειαν</em></strong></span> <span class='ocrx_word' id='word_1_206' title='bbox 268 3204 432 3290; x_wconf 89' lang='grc' dir='ltr'><strong><em>μέγιστον</em></strong></span> <span class='ocrx_word' id='word_1_207' title='bbox 450 3201 537 3271; x_wconf 82' lang='grc' dir='ltr'><strong><em>εἷναι</em></strong></span> <span class='ocrx_word' id='word_1_208' title='bbox 554 3216 622 3270; x_wconf 85' lang='grc' dir='ltr'><strong><em>τῶν</em></strong></span> <span class='ocrx_word' id='word_1_209' title='bbox 639 3214 760 3269; x_wconf 80' lang='grc' dir='ltr'><strong><em>κακῶν.</em></strong></span> <span class='ocrx_word' id='word_1_210' title='bbox 793 3203 880 3269; x_wconf 78' lang='grc' dir='ltr'><strong><em>οὕτω</em></strong></span> <span class='ocrx_word' id='word_1_211' title='bbox 895 3203 933 3268; x_wconf 75' lang='grc' dir='ltr'><strong><em>δὲ</em></strong></span> <span class='ocrx_word' id='word_1_212' title='bbox 945 3204 987 3267; x_wconf 80' lang='grc' dir='ltr'><strong><em>τὰ</em></strong></span> <span class='ocrx_word' id='word_1_213' title='bbox 998 3200 1075 3288; x_wconf 76' lang='grc' dir='ltr'><strong><em>περὶ</em></strong></span> 
     </span>
     <span class='ocr_line' id='line_1_30' title="bbox 145 3297 1075 3387; baseline 0.001 -22"><span class='ocrx_word' id='word_1_214' title='bbox 145 3331 158 3365; x_wconf 80' lang='grc' dir='ltr'><strong><em>ι</em></strong></span> <span class='ocrx_word' id='word_1_215' title='bbox 178 3308 344 3387; x_wconf 86' lang='grc' dir='ltr'><strong><em>πόλεμον</em></strong></span> <span class='ocrx_word' id='word_1_216' title='bbox 363 3302 556 3387; x_wconf 80' lang='grc' dir='ltr'><strong><em>ἀτυχοῦσιν,</em></strong></span> <span class='ocrx_word' id='word_1_217' title='bbox 579 3299 654 3367; x_wconf 79' lang='grc' dir='ltr'><strong><em>ὥστ’</em></strong></span> <span class='ocrx_word' id='word_1_218' title='bbox 679 3300 796 3384; x_wconf 66' lang='grc' dir='ltr'><strong><em>ὀλίγον</em></strong></span> <span class='ocrx_word' id='word_1_219' title='bbox 815 3302 889 3366; x_wconf 85' lang='grc' dir='ltr'><strong><em>δεῖν</em></strong></span> <span class='ocrx_word' id='word_1_220' title='bbox 905 3297 983 3365; x_wconf 89' lang='grc' dir='ltr'><strong><em>καθ’</em></strong></span> <span class='ocrx_word' id='word_1_221' title='bbox 1002 3299 1075 3366; x_wconf 77' lang='grc' dir='ltr'><strong><em>ἕκα-</em></strong></span> 
     </span>
     <span class='ocr_line' id='line_1_31' title="bbox 145 3395 1103 3484; baseline -0.009 -17"><span class='ocrx_word' id='word_1_222' title='bbox 145 3427 182 3468; x_wconf 79' lang='grc' dir='ltr'><strong><em>ιν</em></strong></span> <span class='ocrx_word' id='word_1_223' title='bbox 202 3403 275 3467; x_wconf 83' lang='grc' dir='ltr'><strong><em>τὸν</em></strong></span> <span class='ocrx_word' id='word_1_224' title='bbox 296 3398 455 3466; x_wconf 76' lang='grc' dir='ltr'><strong><em>ἐνιαυτὸν</em></strong></span> <span class='ocrx_word' id='word_1_225' title='bbox 472 3397 678 3483; x_wconf 91' lang='grc' dir='ltr'><strong><em>τεμνομένην</em></strong></span> <span class='ocrx_word' id='word_1_226' title='bbox 691 3396 746 3463; x_wconf 80' lang='grc' dir='ltr'><strong><em>καὶ</em></strong></span> <span class='ocrx_word' id='word_1_227' title='bbox 760 3395 1000 3484; x_wconf 84' lang='grc' dir='ltr'><strong><em>πορθουμένην</em></strong></span> <span class='ocrx_word' id='word_1_228' title='bbox 1013 3399 1103 3482; x_wconf 76' lang='grc' dir='ltr'><strong><em>τήνᾶ</em></strong></span> 
     </span>
     <span class='ocr_line' id='line_1_32' title="bbox 145 3494 1073 3585; baseline -0.003 -22"><span class='ocrx_word' id='word_1_229' title='bbox 145 3510 215 3565; x_wconf 84' lang='grc' dir='ltr'><strong><em>τῶν</em></strong></span> <span class='ocrx_word' id='word_1_230' title='bbox 237 3499 361 3585; x_wconf 84' lang='grc' dir='ltr'><strong><em>χώραν</em></strong></span> <span class='ocrx_word' id='word_1_231' title='bbox 381 3507 592 3582; x_wconf 79' lang='grc' dir='ltr'><strong><em>περιορῶσιν.</em></strong></span> <span class='ocrx_word' id='word_1_232' title='bbox 625 3494 700 3561; x_wconf 78' lang='grc' dir='ltr'><strong><em>ὅδε</em></strong></span> <span class='ocrx_word' id='word_1_233' title='bbox 716 3496 852 3562; x_wconf 85' lang='grc' dir='ltr'><strong><em>πάντων</em></strong></span> <span class='ocrx_word' id='word_1_234' title='bbox 870 3495 1073 3562; x_wconf 87' lang='grc' dir='ltr'><strong><em>δεινότατον·</em></strong></span> 
     </span>
    </p>
   </div>
   <div class='ocr_carea' id='block_1_3' title="bbox 145 3592 1070 3748">
    <p class='ocr_par' dir='ltr' id='par_1_3' title="bbox 145 3592 1070 3748">
     <span class='ocr_line' id='line_1_33' title="bbox 145 3592 1070 3681; baseline -0.003 -21"><span class='ocrx_word' id='word_1_235' title='bbox 145 3620 177 3660; x_wconf 77' lang='grc' dir='ltr'><strong><em>εν</em></strong></span> <span class='ocrx_word' id='word_1_236' title='bbox 191 3597 270 3681; x_wconf 80' lang='grc' dir='ltr'><strong><em>γὰρ</em></strong></span> <span class='ocrx_word' id='word_1_237' title='bbox 288 3595 327 3660; x_wconf 86' lang='grc' dir='ltr'><strong><em>οί</em></strong></span> <span class='ocrx_word' id='word_1_238' title='bbox 337 3593 489 3678; x_wconf 89' lang='grc' dir='ltr'><strong><em>πολέμιοι</em></strong></span> <span class='ocrx_word' id='word_1_239' title='bbox 502 3595 680 3659; x_wconf 86' lang='grc' dir='ltr'><strong><em>διαλίπωσι</em></strong></span> <span class='ocrx_word' id='word_1_240' title='bbox 688 3602 797 3670; x_wconf 88' lang='grc' dir='ltr'><strong><em>κακῶς</em></strong></span> <span class='ocrx_word' id='word_1_241' title='bbox 806 3592 1070 3669; x_wconf 85' lang='grc' dir='ltr'><strong><em>αῦτοῦςποιοῦν-</em></strong></span> 
     </span>
     <span class='ocr_line' id='line_1_34' title="bbox 878 3695 914 3748; baseline 0 -20"><span class='ocrx_word' id='word_1_242' title='bbox 878 3695 914 3748; x_wconf 63' lang='lat' dir='ltr'><strong><em>q*</em></strong></span> 
     </span>
    </p>
   </div>
   <div class='ocr_carea' id='block_1_4' title="bbox 0 0 1434 4334">
    <p class='ocr_par' dir='ltr' id='par_1_4' title="bbox 0 0 1434 4334">
     <span class='ocr_line' id='line_1_35' title="bbox 0 0 1434 4334; baseline 0 1"><span class='ocrx_word' id='word_1_243' title='bbox 0 0 1434 4334; x_wconf 95' lang='lat' dir='ltr'><strong><em> </em></strong></span> 
     </span>
    </p>
   </div>
  </div>
 </body>
</html>
