2859 4334
495 390 802 448 ΠΛΑΤΑΙΚΟΣ.
1083 380 1125 445 93

173 545 266 615 τοῦτ’
283 546 466 632 ἀνανδρίας
488 552 541 615 καὶ
559 556 720 635 πονηρίας
744 541 869 635 ἦλθον,
894 547 973 615 ὥστ’
992 547 1125 634 ὤμοσαν

174 642 196 731 ἡ
212 646 280 731 μὴν
292 645 539 733 ἀκολουθήσειν
555 645 625 732 μετ’
639 650 777 715 ἐκείνων
789 645 842 732 ἐφ’
856 646 943 732 ὑμᾶς
957 646 1036 725 τούς
1052 652 1123 714 δια-

173 748 349 838 σηόσαντας
373 744 435 831 τὴν
460 747 560 814 πόλιν
585 744 713 813 αὐτῶν·
748 746 833 831 ὑπὲρ
851 740 899 815 άν
920 748 1035 824 δόντες
1057 762 1153 825 τοῑςε

172 855 270 922 θεολς
287 850 384 930 δίκην
405 848 459 913 καὶ
482 853 539 930 της
554 850 721 928 Καδμείας
736 854 1005 932 καταληφθείσης
1020 844 1125 933 ἡναγ-

174 946 355 1030 κάσθησαν
384 943 508 1011 ἐνθάδε
543 958 757 1028 καταφυγεῖν.
798 942 882 1011 ὅθεν
914 948 967 1011 καὶ
991 943 1123 1031 μάλιστ’

125 1060 160 1113 29
176 1046 386 1123 ἐπεδείξαντο
401 1042 463 1129 τὴν
478 1042 591 1111 αὐτῶν
607 1041 774 1111 ἀπιστίαν
798 1047 965 1122 σωθέντες
979 1044 1044 1131 γάρ
1060 1046 1126 1111 πά-

175 1150 232 1208 λιν
248 1139 302 1207 διά
317 1148 375 1226 τῆς
396 1140 556 1228 ὑμετέρας
576 1143 751 1226 δυνάμεως
772 1144 826 1209 καλ
843 1143 1063 1222 κατελθόντες
1079 1149 1126 1220 εἰς

174 1238 239 1326 τὴν
254 1237 367 1307 αὐτῶν
382 1239 504 1307 οὐδένα
518 1243 642 1325 χρόνον
671 1243 847 1326 ’νέμειναν,
859 1240 933 1311 ἀλλ’
959 1240 1064 1319 εὐθὺς
1080 1246 1125 1317 είς
1142 1245 1194 1299 ³0²

177 1345 409 1425 Λακεδαίμονα
426 1346 578 1426 πρέσβεις
589 1339 801 1424 ἀπέστελλον,
814 1343 938 1425 ἕτοιμοι
950 1341 1126 1408 δουλεύειν

176 1437 272 1516 ὄντες
286 1442 341 1505 καὶ
363 1442 468 1524 μηδὲν
492 1454 600 1507 κινεῖν
620 1448 687 1505 τῶν
711 1442 875 1523 πρότερον
898 1439 983 1524 πρὸς
1003 1437 1126 1515 αὐτοὺς

177 1537 455 1623 ὡμολογημένων.
485 1543 539 1605 καὶ
560 1546 593 1605 τί
611 1544 663 1605 δεῖ
679 1548 918 1624 μακρολογεῖν·
953 1546 982 1607 εί
1001 1538 1066 1626 γάρ
1081 1536 1125 1623 μὴ

176 1637 399 1721 προσέταττον
415 1640 534 1704 ἐκεῖνοι
549 1639 628 1714 τούς
643 1663 676 1703 τε
688 1638 876 1723 φεύγοντας
887 1639 1126 1722 καταδέχεσθαι

177 1738 234 1804 καὶ
250 1734 329 1813 τούς
343 1734 539 1821 αὐτόχειρας
550 1738 719 1822 ἐξείργειν,
736 1734 835 1803 οὐδὲν
850 1732 894 1803 ἀν
906 1738 1053 1805 έκοόλυεν
1065 1734 1126 1803 αὐ-

177 1835 259 1914 τούς
273 1833 354 1920 μετά
378 1843 445 1902 τῶν
461 1834 669 1921 ἠδικηκότων
690 1833 744 1920 ἐφ’
762 1833 849 1921 ὑμτὶς
863 1834 942 1914 τούς
954 1833 1128 1921 εὐεργέτας

179 1937 429 2021 στρατεύεσθαι.

126 2057 163 2107 30
265 2037 346 2120 (ιγ’.)
368 2037 433 2103 Καὶ
454 2043 599 2101 τοιοῦτοι
622 2037 683 2118 μὲν
704 2034 822 2099 νεωστὶ
844 2035 918 2113 περὶ
946 2030 1007 2116 την
1027 2032 1127 2100 πόλιν

180 2133 280 2219 τήνδε
295 2137 523 2219 γεγενημένοι,
538 2131 574 2199 τό
591 2133 626 2199 δὲ
642 2131 786 2200 παλαιόν
801 2129 930 2217 ἀπάσης
945 2129 1151 2218 τηςἙλλά-λ)

180 2236 239 2309 δος
260 2231 420 2314 προδόται
445 2231 680 2316 καταστάντες,
707 2229 801 2298 αὐτοὶ
823 2232 884 2317 μὲν
911 2230 996 2314 ὑπὲρ
1022 2230 1128 2309 οὕτως

180 2332 344 2398 ἑκουσίων
356 2335 410 2399 καλ
421 2334 576 2417 μεγάλων
588 2329 801 2417 ἀδικημάτων
813 2330 1128 2416 συγγυσέμηςτυχεῑυ

182 2427 390 2516 ἠξιώθησαν,
411 2428 490 2517 ἡμῖν
513 2428 544 2496 δ’
563 2429 646 2512 ὑπὲρ
666 2422 714 2498 τόν
736 2428 1015 2516 ἠναγκάσθημεν,
1031 2426 1129 2496 οὐδε-

179 2538 261 2612 μίαν
273 2535 359 2613 έχειυ
371 2538 497 2597 ολουται
511 2535 592 2614 δεῖν,
606 2527 689 2596 ἀλλά
701 2535 868 2612 τολμῶσιν
883 2526 976 2605 ὄντες
988 2536 1128 2615 Θηβαῖοι

180 2626 395 2711 λακωνισμόν
401 2626 713 2712 ε’τέροιςόνειδίζειν,
726 2626 784 2704 οὓς
796 2628 917 2704 πάντες
928 2637 1024 2712 ἴσμεν
1037 2636 1128 2695 πλεῖ-

180 2747 262 2793 στον
276 2728 400 2810 χρόνον
416 2731 689 2813 Λακεδαιμονίοις
704 2727 965 2804 δεδουλευκότας
979 2729 1033 2794 καὶ
1044 2751 1109 2811 προ
1121 2767 1128 2777 -

180 2826 375 2910 θυμότερον
390 2824 474 2909 ὑπὲρ
491 2836 548 2912 τῆς
563 2831 701 2894 ἐκείνων
715 2824 818 2911 ἀρχῆς
830 2822 851 2912 ἢ
864 2834 920 2911 της
932 2823 1046 2892 αὐτῶν
1061 2845 1128 2891 σω-

128 2938 160 2988 31
181 2931 297 3008 τηρίας
319 2926 598 3012 πεπολεμηκότας.
623 2934 719 3003 ποίας
740 2924 804 3012 γάρ
827 2932 976 3011 είσβολης
998 2923 1130 2993 ἀπελεύ-

181 3034 323 3109 φθησαυ
338 3032 405 3092 τῶν
420 3031 466 3102 είς
480 3026 605 3111 ταύτην
620 3025 683 3112 τὴν
703 3027 815 3110 χάραν
836 3026 1087 3109 γεγενημένους
1107 3019 1155 3110 ἦν

182 3131 283 3192 τίνων
299 3123 360 3190 οὐκ
376 3128 509 3209 έχθίους
521 3123 600 3209 ὑμῖν
611 3127 666 3193 καὶ
677 3126 931 3208 δυσμενέστεροι
945 3127 1130 3191 διετέλεσαν

182 3224 295 3301 ὄντες·
310 3223 371 3292 οὐκ
387 3229 423 3292 έν
440 3233 486 3316 τῷ
501 3233 687 3313 Δεκελεικῷ
707 3227 838 3312 πολέμῳ
850 3224 1017 3291 πλειόνων
1032 3233 1131 3292 αἰτιοι

182 3330 297 3390 κακῶν
312 3325 466 3408 ἐγένοντο
481 3330 548 3390 τῶν
560 3322 671 3391 ἀλλων
686 3332 753 3389 τῶν
764 3322 1074 3405 συνεισβαλόντωυς
1090 3318 1131 3388 οὐ

182 3423 466 3506 δυστυχησάντων
483 3422 579 3507 ὑμῶν
599 3424 697 3507 μόνοι
719 3430 786 3487 τῶν
808 3421 992 3506 συμμάχων
1012 3428 1130 3488 ἔθεντο

183 3517 245 3605 την
261 3528 385 3604 ψῆφον,
405 3520 449 3599 ὡς
465 3521 525 3607 χρὴ
542 3519 603 3605 τη’ν
619 3547 653 3587 τε
670 3519 768 3588 πόλιν
784 3522 1129 3601 ἐξανδραποδίσασθαι

183 3622 236 3686 καλ
253 3617 316 3703 τη“υ
330 3619 441 3703 χώραν
453 3619 581 3687 ἀνεῖναι
594 3619 782 3704 μηλόβοτον
794 3616 903 3698 ὥσπερ
921 3614 955 3683 τό
970 3624 1131 3699 Κρισαῖον
