2859 4334
420 407 536 467 ΠΕΡΙ
550 405 894 479 ΑΝΤΙΔΟΣΕΩΣ.
1076 399 1133 465 157

181 571 374 652 τυράννων,
397 572 487 655 λόγῳ
503 573 618 645 πείσας
632 563 712 644 τοὺς
723 563 969 651 Ἀμφικτύονας
983 570 1134 633 δανεῖσαι

180 676 252 735 τοῖν
262 674 323 734 τοῦ
334 674 421 735 θεοῦ
431 667 610 753 χρημάτων
621 662 722 755 αύτῷ,
735 664 839 732 τόντε
851 670 961 754 δῆμον
970 664 1134 752 κατήγαγε

180 770 240 835 καί
263 764 342 847 τούς
365 768 556 851 τυράννους
579 767 710 851 ἐξέβαλε
740 767 794 832 καὶ
823 761 885 850 τῆν
909 769 1135 851 δημοκρατίαν

182 868 316 951 ἐκείνην
332 870 509 951 κατέστησε
523 862 585 950 τήν
600 870 709 932 αἰτίαν
733 877 801 941 τοίς
808 860 943 949 Ἕλλησι
958 870 1026 931 τῶν
1041 869 1135 949 μεγί·

99 977 162 1029 υ33
182 985 274 1031 στων
289 961 430 1049 ἀγαθῶν
446 965 649 1050 γενομένην·
672 965 724 1032 ἐπὶ
739 965 775 1031 δὲ
790 963 898 1053 τούτῳ
912 969 1135 1050 Θεμιστοκλῆς

181 1060 318 1148 ήγεμάυ
333 1068 430 1154 ἐντῷ
444 1068 577 1153 πολέμῳ
593 1070 637 1152 τῷ
653 1070 808 1152 Περσικῷ
822 1062 1021 1149 γενόμενος,
1048 1082 1134 1147 συμ-

183 1160 371 1247 βουλεύσας
390 1176 458 1240 τολς
475 1162 656 1250 προγόνοις
670 1158 767 1247 ἡμῶν
782 1164 929 1229 ἐκλιπεῖν
945 1159 1008 1248 τήν
1023 1162 1134 1246 πόλιν,

182 1256 204 1328 ό
221 1267 268 1337 τίς
283 1255 327 1327 ἀν
344 1257 414 1339 οίός
428 1258 457 1327 τ’
476 1264 607 1347 ἐγίνετο
622 1274 732 1329 πείσαι
747 1258 792 1347 μή
805 1258 890 1328 πολύ
907 1267 952 1348 τῷ
964 1260 1053 1349 λόγῳ
1064 1265 1134 1327 διε-

182 1358 333 1443 νεγκώνς
355 1366 401 1437 είς
422 1357 513 1426 τοῦτ’
536 1359 649 1427 αὐτῶν
672 1358 710 1426 τά
733 1360 910 1445 πράγματα
931 1358 1133 1445 προήγαγεν,

184 1452 269 1522 ὥστ’Ἰ
283 1452 396 1540 ὀλίγας
410 1454 535 1544 ἡμέρας
551 1455 731 1525 ἀνάστατοι
743 1459 920 1543 γευόμενοι
930 1456 1041 1546 πολύν
1054 1456 1133 1543 χρό·

101 1570 163 1623 234
179 1554 244 1621 νον
259 1555 416 1625 δεσπόται
426 1564 493 1641 τῶν
503 1554 671 1643 Ἑλλήνων
683 1560 900 1643 κατέστησαν·
923 1554 959 1623 τό
973 1559 1008 1624 δὲ
1020 1564 1134 1624 τελεν-
1157 1617 1159 1620 .

183 1666 279 1721 ταϊον
294 1660 459 1740 Περικλῆς
475 1657 530 1723 καί
548 1652 747 1741 δημαγωγός
759 1650 808 1721 τόν
819 1651 947 1740 ἀγαθός
958 1656 1013 1722 καί
1024 1654 1133 1740 ῥήτωρ

184 1748 320 1835 ἀριστος
336 1748 443 1831 οὕτως
469 1751 632 1839 ἐκόσμησε
657 1750 720 1838 τήν
744 1752 844 1820 πόλιν
870 1754 1013 1830 καὶτοῖς
1034 1756 1135 1837 ίεροῑς

126 1924 127 1927 ¹
185 1848 240 1917 καὶ
258 1862 325 1927 τοῖς
340 1846 534 1936 ἀναθήμασι
552 1852 606 1917 καὶ
626 1866 693 1930 τοῖς
715 1850 828 1929 ἀλλοις
849 1850 975 1917 άπασιν
993 1847 1069 1917 ὥστ’
1087 1856 1134 1918 ἔτι

183 1950 239 2014 καί
260 1954 326 2014 νῦν
340 1946 425 2027 ,τούς
447 1950 770 2034 είσαφικνουμένους
793 1954 838 2027 είς
862 1946 969 2036 αύτήν
988 1955 1134 2034 νομίζειν

182 2042 228 2130 μῆ
243 2044 350 2128 μόνον
367 2044 481 2130 ἀρχειν
495 2044 591 2125 ἀξίαν
609 2044 693 2113 εἶναι
708 2045 959 2136 τῶνἙλλήνων
978 2043 1062 2114 ἀλλά
1078 2051 1133 2115 καὶ

183 2149 251 2209 τιον
266 2140 382 2233 ἀλλων
392 2140 563 2229 ἁπάντων,
578 2147 633 2211 καὶ
648 2142 732 2229 πρός
746 2145 877 2222 τούτοις
893 2151 938 2223 είς
953 2143 1015 2231 τῆν
1030 2143 1133 2230 ἀκρό-
1156 2142 1166 2155 ’

108 2256 167 2309 235
181 2248 281 2307 πολιν
296 2237 358 2309 οὐκ
382 2240 505 2307 ἐλάττω
519 2248 650 2327 μυρίων
673 2242 847 2308 ταλάντων
862 2238 1058 2329 ἀνήνεγκεν.
1079 2246 1134 2310 καὶ

183 2338 315 2405 τούτων
334 2342 402 2430 τῶν
419 2337 554 2422 ἀνδρῶν
575 2348 643 2406 τῶν
664 2345 844 2425 τηλικαῦτα
858 2343 1133 2426 διαπραξαμένων

184 2434 294 2517 οὐδεὶς
312 2438 424 2523 λόγων
443 2436 623 2525 ἠμέλησεν,
646 2436 730 2506 ἀλλά
754 2436 902 2525 τοσούτῳ
922 2446 1052 2523 μάλλον
1065 2446 1133 2507 τῶν
1154 2447 1200 2501 109

183 2536 295 2630 ἀλλων
312 2540 496 2623 προσέσχον
511 2536 622 2615 αὐτοῖς
648 2536 707 2603 τόν
724 2543 821 2621 νοῦν,
837 2533 920 2603 ὥστε
934 2537 1056 2605 Σόλων
1070 2539 1133 2624 μὲν

183 2643 251 2703 τῶν
259 2632 345 2719 Ιἑπτά
364 2644 533 2722 σοφιστῶν
545 2636 671 2723 ἐκλήθη
683 2638 737 2724 καὶ
748 2635 874 2720 ταύτην
888 2640 961 2720 ἔσχε
972 2635 1034 2722 τήν
1045 2638 1132 2703 ἐπω-

182 2740 309 2820 νυμίαν
330 2731 397 2820 τήν
417 2741 483 2801 νύν
498 2731 740 2819 ἀτιμαζομένην
761 2737 816 2800 καὶ
832 2736 1035 2819 κρινομένην
1049 2732 1129 2818 παρ’

183 2831 275 2918 ὑμῖν,
290 2840 454 2918 Περικλῆς
466 2832 502 2899 δὲ
516 2837 614 2900 όυολυ
629 2834 758 2918 ἐγένετο
773 2831 936 2919 μαθητής,
949 2830 1111 2919 Ἀυαξαγό
1120 2880 1136 2896 .

182 2958 247 3017 ρου
261 2956 296 2998 τε
311 2938 372 3026 τοῦ
390 2936 617 3023 Κλαζομενίου
633 2934 688 2999 καὶ
702 2933 870 3018 Δάμωνος
884 2939 945 2999 τοῦ
956 2928 1029 2999 κατ’
1047 2935 1134 3001 ἐκεῖ·

181 3057 244 3099 νον
265 3026 326 3098 τόν
347 3030 471 3115 χρόνον
497 3030 756 3118 φρονιμωτάτου
778 3031 937 3111 δόξαντος
957 3029 1041 3099 εἶναι
1064 3041 1132 3100 πολι·

109 3140 165 3194 2³6
182 3136 337 3223 πολιτῶν.
362 3122 440 3197 ὥστ’
459 3133 612 3198 ἐκτίνων
628 3128 825 3214 ἀντιςὺμίν
842 3132 1048 3214 σαφέστερον
1060 3133 1135 3204 Ιἑπι-

182 3234 343 3321 όείξειεν,
364 3220 407 3306 ὥς
433 3226 493 3313 οὐχ
514 3233 551 3296 αί
568 3228 728 3313 δυνάμεις
751 3232 787 3294 αι’
805 3233 873 3294 τῶν
900 3227 1010 3311 λόγων
1030 3224 1132 3296 κακο-

182 3326 377 3412 πράγμονας
399 3325 478 3403 τούς
500 3325 705 3410 ἀνθρώπους
728 3333 900 3407 ποιούσας
925 3325 998 3395 ἀλλ’
1017 3332 1049 3395 οί
1060 3353 1122 3394 τοι·
1155 3416 1158 3422 ¹

181 3419 290 3511 αύτην
315 3420 377 3511 τήν
401 3424 507 3510 φύσιν
526 3430 675 3512 ἔχοντες,
700 3430 777 3495 οἵαν
802 3449 865 3511 περ
890 3420 909 3492 ό
933 3424 1130 3512 κατήγορος,

181 3538 357 3617 πονηροῖς,
374 3523 477 3614 οἶμαι,
495 3528 550 3594 καὶ
568 3541 638 3607 τοῖς
658 3526 769 3612 λόγοις
787 3528 844 3593 καί
863 3538 934 3605 τοῖς
956 3526 1128 3615 πράγμασι

181 3625 347 3714 χρεόμενοι
364 3630 590 3696 διατελοῦσιν(
