2859 4334
283 372 327 433 οε
566 379 962 451 ιεοκελνουειιι)

239 552 273 606 3²
287 542 420 615 πεδίονς
453 537 531 605 ὥστ’
555 544 584 605 εἰ
608 537 863 621 Λακεδαιμόνιοι
887 535 948 622 τὴν
971 536 1076 624 αὐτὴν
1097 538 1234 624 γνιόμην

286 640 383 721 ἔσχον
400 644 574 724 Θηβαίοις,
602 633 702 701 οὐδὲν
727 630 770 700 άν
795 637 918 703 ἐκώλυε
942 634 1021 714 τούς
1042 636 1142 703 ἅπασι
1168 651 1257 715 τολςλ

278 731 434 819 Ἓλλησιν
460 739 587 811 αίτίους
613 741 670 818 της
699 740 861 819 σωτηρίας
885 739 1089 819 γενομένους
1112 732 1234 812 αύτούς
1332 808 1333 811 ¹

290 830 352 898 ὑπό
368 831 609 918 τῶνἙλλήνων
625 834 969 917 ἐξανδραποδισθῆναι
986 834 1039 899 καλ
1055 847 1126 909 ταῖς
1141 850 1230 917 μεγι-

286 952 378 1008 σταις
392 945 582 1015 συμφοραῖς
595 945 795 1013 περιπεσεῖν.
819 937 924 997 καίτοι
939 939 1013 998 τίνα
1031 929 1231 1015 τηλικαύτην

286 1026 478 1113 εὐεργεσίαν
490 1034 597 1112 ἔχοιεν
607 1023 651 1093 άν
664 1034 778 1109 εἰπεῖν,
791 1026 861 1113 ἥτις
872 1027 968 1113 ἱκανὴ
975 1028 1149 1114 γενήσεται
1160 1032 1230 1095 δια·
1333 1048 1334 1057 ’

285 1133 381 1193 λῦσαι
401 1125 462 1211 την
482 1132 608 1212 ἔχθραν
629 1122 690 1211 την
712 1130 747 1192 ἐκ
770 1129 900 1191 τούτων
917 1131 1051 1203 δικαίως
1065 1123 1109 1191 άν
1125 1123 1229 1207 ὑπάρ-

284 1246 411 1310 χουσαν
428 1225 511 1305 πρὸς
526 1222 663 1301 αύτούς,

235 1341 269 1395 λλ
368 1326 449 1403 (ιδ’.)
475 1325 614 1401 Τούτοις
628 1324 689 1408 μὲν
704 1317 769 1388 οόν
782 1321 892 1401 οὐδεὶς
909 1325 1007 1408 λόγος
1022 1322 1230 1391 ὑπολείπεται

285 1430 465 1508 τηλικαῦτα
480 1421 517 1489 τό
535 1425 678 1506 μέγεθος
695 1423 944 1507 ἐξημαρτηκόσι,
960 1437 1027 1498 τοῖς
1039 1426 1074 1489 δὲ
1087 1444 1231 1505 συναχο-

287 1520 400 1603 ρεύειν
414 1523 632 1607 βουλομένοις
648 1524 773 1598 ἐκεῖνος
787 1523 898 1605 μόνος,
918 1518 961 1598 ως
974 1527 1039 1586 νῦν
1050 1519 1142 1607 μὲνὴ
1158 1530 1255 1588 θοι-τ

288 1626 367 1685 ωτία
385 1629 588 1703 προπολεμεῖ
607 1626 664 1704 της
681 1617 841 1704 ὑμετέρας
860 1622 984 1705 χωρας,
1007 1616 1050 1705 ἢν
1066 1621 1100 1685 δὲ
1117 1622 1231 1687 διαλύ-

287 1726 394 1802 σησθε
409 1715 471 1804 τὴν
489 1716 572 1799 πρός
586 1718 726 1793 τούτους
738 1724 863 1800 φιλίαν,
879 1716 1059 1801 ἀσύμφορα
1070 1732 1138 1795 τοῖς
1149 1740 1231 1802 συμ-

287 1814 402 1900 μάχοις
414 1815 651 1898 διαπράξεσθε·
663 1817 811 1901 μεγάλην
823 1814 886 1899 γάρ
899 1822 1034 1883 ἐσεσθαι
1047 1814 1107 1900 τὴν
1115 1814 1231 1901 βοπην,

288 1921 317 1980 εί
336 1913 417 2000 μετά
441 1919 713 1999 Λακεδαιμονίων
734 1912 754 1999 ἡ
777 1916 906 1981 τούτων
933 1917 1106 2001 γενήσεται
1128 1916 1230 1990 πόλις.

239 2030 274 2082 34
286 2016 365 2099 (ιε’.)
385 2013 466 2100 Ἐμώ
480 2013 511 2081 δ’
528 2014 606 2082 ούτε
618 2030 685 2091 τοῖς
696 2016 880 2098 συμμάχοις
890 2013 1034 2100 ἡγουμαι
1053 2023 1234 2082 λυσιτελεῖν
1248 2026 1290 2079 303

288 2113 365 2192 τούς
376 2112 638 2196 ἀσθενεστέρους
649 2128 717 2190 τοῖς
732 2118 893 2195 κρείττοσι
906 2115 1091 2195 δουλεύειν,
1105 2117 1157 2179 καὶ
1171 2108 1233 2197 γάρ
1337 2122 1338 2131 ’

288 2211 348 2278 τόν
363 2213 575 2295 παρελθόντα
591 2212 715 2298 χρόνον
733 2210 817 2291 ὑπὲρ
832 2212 962 2275 τούτων
974 2212 1233 2295 ἐπολεμήσαμεν,

289 2309 366 2377 ούτε
377 2319 545 2398 Θηβαίους
557 2316 602 2386 είς
616 2317 714 2376 τοῦτο
727 2315 845 2394 μανίας
860 2308 951 2393 ἥξειν
970 2307 1048 2375 ὥστ’
1065 2309 1233 2375 ἀποστάν·
1338 2370 1339 2373 ,

289 2437 346 2486 τας
360 2418 417 2495 τῆς
431 2416 616 2495 συμμαχίας
631 2413 905 2492 Λακεδαιμονίοις
921 2408 1080 2475 ἐνδώσειν
1096 2407 1159 2494 τὴν
1173 2412 1234 2475 πό-

288 2517 353 2590 λιν,
370 2505 430 2592 ούχ
446 2505 491 2584 ὡς
511 2509 679 2574 πιστεύων
695 2520 762 2582 τοῖς
780 2506 909 2572 τούτων
923 2505 1060 2591 ἤθεσιν,
1076 2504 1151 2573 ἀλλ’
1170 2503 1232 2572 οἶδ’

288 2605 339 2672 ότι
355 2606 613 2691 γιγνώσκουσιν,
627 2603 671 2682 ὡς
683 2610 780 2671 δυοῖν
791 2606 938 2688 θάτερον
950 2603 1135 2690 ἀναγκαῖόν
1148 2609 1235 2671 ἐστιν

288 2702 410 2789 αὐτοῖς,
425 2702 446 2789 ἢ
462 2707 621 2787 μένοντας
633 2701 863 2792 ἀποθνῄσκειν
875 2707 927 2770 καλ
940 2706 1089 2788 πάσχειν,
1107 2699 1160 2769 οἶά
1174 2719 1260 2785 περὶ)

288 2806 463 2887 ἐποίησαν.
489 2797 510 2886 ἦ
527 2802 715 2885 φεύγοντας
728 2798 867 2883 άπορεῑν
882 2806 1018 2868 καὶτῶν
1036 2804 1179 2867 ἐλπίδων
1195 2798 1234 2867 ἁ-

241 2912 273 2964 35
288 2906 404 2966 πασῶν
419 2903 624 2985 ἐστερῆσθαι.
647 2900 772 2981 πότερα
784 2898 847 2984 γάρ
864 2898 903 2965 τά
915 2898 999 2983 πρός
1011 2897 1088 2976 τούς
1100 2906 1234 2975 πολίτας
1338 2964 1339 2969 ,

288 2996 400 3074 αύτοῑς
418 3003 482 3081 ἔχει
499 3005 616 3080 καλῶς,
635 2990 683 3064 ὧν
697 2996 776 3076 τούς
796 3000 856 3083 μὲν
878 2998 1142 3075 ἀποκτείναντες,
1157 2996 1234 3073 τούς

288 3098 318 3166 δ’
336 3101 372 3165 ἐκ
387 3106 443 3183 τῆς
458 3096 585 3175 πόλεως
605 3101 801 3183 ἐκβαλόντες
819 3099 1020 3185 διηρπάκασι
1034 3102 1093 3176 τάς
1108 3096 1233 3179 ούσίας,

287 3194 309 3285 ἢ
327 3196 366 3264 τά
383 3195 466 3279 πρός
481 3195 559 3275 τούς
574 3197 695 3275 ἄλλους
710 3198 888 3283 Βοιωτούς,
905 3191 953 3267 τόν
965 3197 1027 3265 ούκ
1043 3196 1157 3284 άρχειν
1172 3197 1233 3284 μό-

288 3326 350 3364 νον
366 3297 488 3374 ἀδίκως
505 3299 737 3381 ἐπιχειροῦσιν.
754 3297 837 3366 ἀλλά
849 3306 917 3365 τῶν
927 3302 989 3384 μὲν
1000 3298 1039 3365 τά
1051 3314 1139 3381 τείχη
1157 3324 1231 3363 κατ-

241 3412 273 3464 36
289 3398 464 3479 εσκάφασι,
476 3403 542 3461 τῶν
554 3398 589 3462 δέ
602 3399 655 3463 καλ
667 3396 728 3482 την
739 3400 852 3483 χώραν
862 3396 1141 3483 άπεστερήκασινς
1151 3394 1231 3463 ἀλλά

288 3496 356 3581 μην
372 3492 446 3561 οὐδ’
464 3497 516 3561 ἐπὶ
532 3493 593 3579 την
611 3492 775 3578 ὑμετέραν
797 3498 897 3563 πόλιν
915 3493 989 3561 οἷόν
1003 3493 1032 3561 τ’
1050 3492 1162 3571 αύτοῑς
1177 3498 1233 3560 ε’π-

288 3602 444 3660 ανελθεῖν
461 3596 565 3669 ἐστὶν,
586 3590 629 3676 ἢν
647 3592 736 3658 οὕτω
754 3602 901 3678 συνεχως
922 3593 1130 3678 φανήσονται
1147 3618 1257 3676 προ-ε
