2859 4334
314 394 357 458 84
597 398 777 457 ΙΣΟΚΡΑ
788 396 844 455 ΤΟ
854 398 914 455 ΥΣ
931 397 994 469 (13)

315 559 490 643 ονμένους,
503 563 537 624 οἳ
544 564 721 642 ποιητικοῦ
732 555 925 640 πράγματος
934 558 1140 641 τεταγμένην
1150 556 1267 641 τέχνην

316 656 524 740 παράδειγμα
539 658 698 739 φέροντες
712 656 873 740 λεληθασι
886 661 974 739 σφᾶς
989 652 1121 733 αὐτούς.
1146 661 1194 733 τίς
1203 653 1268 740 γὰρ

317 751 380 821 οὐκ
391 754 460 821 οἶδε
472 752 560 840 πλὴν
571 755 711 837 τούτων,
722 750 771 819 ότι
783 751 820 819 τό
832 752 895 836 μὲν
905 760 973 819 τοῖν
985 753 1189 838 γραμμάτων
1200 750 1268 818 ιἰιιι-

319 876 424 937 νητως
444 858 509 936 ἔχει
530 854 584 918 καί
604 860 696 938 μένει
714 849 797 918 κατὰ
814 849 952 932 ταύτόν,
980 850 1063 919 ὥστε
1078 866 1147 930 τοῖς
1159 849 1270 925 αὐτοῖς

318 951 368 1019 ἀεὶ
382 952 457 1034 περὶ
471 957 538 1017 τῦν
553 947 665 1017 αὐτων
678 975 843 1036 χρωμενοι
858 955 1086 1035 διατελοῦμεν,
1101 948 1138 1017 τό
1153 949 1189 1017 δὲ
1203 956 1269 1015 των

317 1052 429 1137 λόγων
445 1056 512 1115 πᾶν
526 1046 727 1117 τούναντίον
739 1053 927 1116 πέπονθεν·
947 1045 1064 1133 τὸγὰρ
1080 1046 1142 1133 ὑφ’
1156 1050 1294 1128 ἑτέρονδ
1340 1056 1342 1159 η

318 1149 424 1235 ῥηθὲν
443 1155 489 1239 τῷ
504 1151 634 1234 λέγοντι
654 1145 725 1232 μετ’
741 1150 870 1215 ἐκεῖνον
892 1143 952 1231 οῦχ
973 1143 1096 1230 ὁμοίως
1107 1145 1270 1231 χρήσιμόν

317 1252 424 1331 ἐστιν,
444 1244 518 1313 ἀλλ’
533 1238 632 1324 οὗτος
647 1244 732 1314 εἶναι
747 1250 841 1312 δοκεῖ
850 1243 1103 1328 τεχνικωτατος,
1120 1241 1213 1321 ὅστις
1229 1238 1270 1309 σἰν

317 1344 415 1425 ἀξίως
430 1346 491 1430 μέν
506 1347 584 1432 λέγη
600 1352 667 1410 τῶν
681 1344 899 1429 πραγμάτων,
914 1342 1020 1427 μηδὲν
1030 1342 1066 1409 δὲ
1077 1349 1146 1409 τῶν
1160 1340 1271 1409 αὐτῶν

274 1452 305 1506 13
318 1458 386 1522 τοῖς
401 1443 514 1521 ἄλλοις
535 1442 701 1525 εὑρίσκειν
725 1443 873 1527 δύνηται.
903 1443 1060 1527 μέγιστον
1081 1443 1116 1507 δὲ
1134 1454 1270 1525 σημεῖον

319 1552 377 1626 της
397 1540 635 1627 ἀνομοιότητος
657 1539 786 1609 αὐτόν·
808 1536 887 1619 τοῦς
903 1540 965 1625 μὲν
984 1538 1048 1624 γάρ
1070 1540 1193 1624 λόγους
1214 1535 1272 1623 οὐχ

320 1637 437 1708 οἷόντε
449 1648 556 1718 καλῶς
566 1647 664 1725 ἔχειν,
676 1636 720 1725 ἦν
727 1637 771 1725 μή
780 1645 847 1706 των
857 1644 984 1720 καιροίν
992 1639 1047 1704 καὶ
1057 1645 1120 1703 τοῦ
1128 1636 1273 1717 πρεπόν-
1341 1666 1342 1679 2

323 1760 388 1812 τως
395 1734 520 1801 καὶτοῦ
534 1740 657 1811 καινῶς
667 1732 780 1822 [ἔχειν]
788 1736 1009 1821 μετάσχωσιν,
1023 1748 1094 1813 τοῖς
1107 1733 1145 1801 δέ
1159 1733 1268 1822 γράμ-

323 1832 951 1921 μασινοῦδενόςτοῦτωνπροσεδέησεν.
972 1830 1289 1921 ὥσδόίχραόμενοιε

323 1935 815 2023 τοίςτοιοότειςπαραδείγμασι
822 1936 909 2006 πολό
916 1933 959 2004 διν
967 1934 1269 2022 δικαιότερονᾶπο-

322 2034 473 2122 τίνοιενῆ
487 2036 873 2125 λαμβάνοιενάργόριον,
886 2034 935 2106 ότι
948 2040 1074 2125 πολλῆς
1082 2041 1271 2125 ἐπιμελείας

316 2128 410 2199 αὐτοὶ
428 2132 582 2217 δεόμενοι
597 2135 769 2200 παιδεύειν
785 2131 863 2211 τοῦς
878 2131 1001 2211 ἄλλους
1017 2138 1252 2220 ἐπιχειροῦσιν.

273 2246 303 2295 14
400 2232 469 2316 (η’.)
490 2238 531 2299 Et
552 2233 587 2299 δὲ
605 2236 653 2299 δεῖ
674 2230 719 2317 μὴ
739 2232 845 2317 μόνον
862 2247 1059 2317 κατηγορεῖν
1073 2241 1142 2300 τῶν
1160 2232 1272 2300 ἄλλων

316 2328 400 2397 ἀλλὰ
422 2332 477 2395 καὶ
499 2327 560 2416 τὴν
585 2334 732 2416 ἐμαυτοῦ
754 2337 899 2416 δηλῶσαι
925 2333 1096 2416 διάνοιαν,
1124 2331 1271 2419 ἡγοῦμαι
1284 2341 1318 2394 λῖῖ

316 2429 442 2505 πάντας
467 2426 511 2494 άν
536 2455 593 2515 μοι
613 2429 692 2509 τοῦς
711 2424 751 2498 εὖ
773 2438 984 2516 φρονοῦντας
1004 2447 1193 2513 συνειπεῖν,
1221 2431 1270 2499 ὅτι

316 2533 432 2598 πολλοὶ
453 2531 515 2613 μὲν
535 2538 602 2596 τῶν
617 2533 921 2617 φιλοσοφησάντων
938 2536 1066 2600 ίδιῦται
1083 2535 1271 2600 διετέλεσαν

317 2627 427 2710 ὄντες,
455 2626 549 2695 ἄλλοι
571 2631 610 2696 δέ
630 2656 718 2707 τινες
740 2627 853 2697 οὐδενὶ
875 2632 1007 2697 πώποτε
1028 2629 1271 2715 συγγενόμενοι

317 2733 384 2794 τῶν
398 2734 568 2811 σοφιστῶν
582 2728 635 2794 καὶ
650 2732 760 2817 λέγειν
775 2732 827 2796 καὶ
842 2730 1078 2798 πολιτεύεσθαι
1094 2731 1198 2797 δεινοὶ
1214 2756 1271 2813 γε·

316 2827 467 2911 γόνασιν.
490 2831 525 2892 αί
537 2825 678 2912 μὲνγὰρ
694 2828 854 2914 δυνάμεις
868 2830 922 2896 καὶ
935 2836 1003 2895 των
1013 2830 1124 2914 λόγων
1139 2833 1272 2897 καὶτῶν

318 2923 429 2993 ἄλλων
451 2930 558 3010 ἔργων
578 2924 738 2993 ἁπάντων
753 2929 872 3006 ἐντοῖς
887 2925 1047 3012 εὐφυέσιν
1062 2931 1272 3013 ἐγγίγνονται

274 3037 304 3086 15
319 3028 373 3090 καί
397 3037 464 3101 τοῖς
489 3027 564 3109 περὶ
588 3023 645 3103 τάς
669 3028 838 3111 ἐμπειρίας
862 3029 1162 3114 γεγυμνασμένοις·
1192 3025 1212 3111 ἡ
1237 3028 1272 3094 δὲ

317 3127 489 3201 παίδευσις
505 3122 582 3202 τούς
596 3124 658 3210 μὲν
669 3127 843 3205 τοιούτους
853 3129 1109 3212 τεχνικωτέρους
1121 3129 1175 3193 καὶ
1186 3124 1272 3210 πρός

317 3219 354 3288 τό
372 3226 477 3306 ζητεῖν
489 3218 740 3309 εὐπορωτέρους
751 3228 921 3312 ἐποίησεν·
941 3220 990 3304 οἷς
999 3222 1064 3312 γάρ
1075 3230 1142 3292 νῦν
1153 3227 1294 3309 ἐντυγ-Ι)

318 3319 457 3405 χάνουσι
468 3322 698 3406 πλανώμενοι,
712 3321 807 3389 ταῦτ’
822 3326 854 3404 ἐξ
866 3326 1075 3409 ἑτοιμοτέρων
1086 3324 1273 3410 λαμβάνειν

318 3416 441 3496 αὐτοῦς
461 3421 626 3505 ἐδίδαξεν,
647 3418 727 3499 τοῦς
746 3423 782 3489 δὲ
804 3425 1063 3506 καταδεεστέραν
1083 3419 1145 3507 τὴν
1166 3422 1273 3505 φύσιν

318 3525 453 3603 ἔχοντας
468 3516 654 3605 ἀγωνιστὰς
666 3523 729 3605 μὲν
743 3518 895 3608 ἇγαθοῦς
905 3518 927 3610 ἢ
939 3520 1049 3607 λόγων
1061 3518 1200 3607 ποιητάς
1211 3519 1272 3587 οὐκ

318 3615 363 3684 άν
377 3617 620 3686 ἆτοτελέσειεν.
640 3618 764 3697 αὐτοῦς
779 3620 810 3687 δ’
829 3616 873 3688 δν
889 3620 1001 3689 αὑτοῖν
1017 3623 1204 3707 προαγάγοι
1218 3624 1270 3690 καῖ
