2859 4334
456 449 830 510 ΠΛΝΗΓΤΡΙΚΟΣ.
1078 447 1118 510 51

134 631 161 683 θ
250 613 336 698 (ιδ)
362 616 438 678 Τῶν
457 614 575 676 τοίνυν
588 607 647 684 τὰς
665 606 872 692 πανηγύρεις
891 612 1119 694 ααταστησάν-

171 734 234 774 των
254 710 389 786 δικαίως
410 709 680 792 ἐπαινουμένων,
701 701 754 772 ὅτι
768 712 924 774 τοιοῦτον
941 713 1021 786 έθος
1040 704 1120 793 ἡμῖν

172 809 357 888 παρέδοσαν
381 802 466 872 ῶστε
490 804 732 887 σπεισαμένους
753 804 809 870 καὶ
831 800 889 882 τάς
916 808 1037 889 έχθρας
1062 801 1134 882 τάς

171 907 380 990 ἐνεστηκυίας
391 902 656 986 διαλυσαμένους
667 907 848 968 συνελθελν
860 907 906 980 είς
915 898 1050 988 ταύτδν,
1065 902 1121 970 καὶ

170 1000 247 1088 μετά
270 998 365 1069 ταῦτ’
389 998 487 1085 εάχάς
507 999 563 1066 καὶ
586 1002 710 1076 θυσίας
735 996 850 1078 κοινάς
873 1003 1121 1086 ποιησαμένους

171 1099 427 1186 ἀναμνησθῆναι
439 1099 502 1184 μὲν
515 1103 573 1182 τῆς
583 1101 779 1182 συγγενείας
792 1103 850 1182 τῆς
861 1096 945 1182 πρὸς
954 1095 1120 1186 ἀλλήλους

169 1197 395 1285 ὑπαρχούσης,
417 1195 659 1282 εύμενεστέρως
674 1191 707 1262 δ’
724 1199 771 1273 τίς
785 1192 845 1262 τὸν
859 1194 980 1264 λοιπὸν
995 1196 1120 1283 χρόνον

169 1302 362 1384 διατεθῆναι
376 1293 460 1380 πρὸς
473 1294 560 1381 ἡμᾶς
573 1289 709 1380 αύτούς,
724 1295 779 1362 καὶ
792 1292 850 1372 τάς
860 1319 896 1361 τε
909 1293 1052 1374 παλαιάς
1066 1299 1145 1374 ξεν

133 1413 159 1464 ιλ
169 1403 236 1475 νίας
246 1392 508 1462 ἀνανεῶσασθαι
517 1394 574 1460 καὶ
583 1389 703 1470 καινάς
712 1392 826 1477 έτέρας
836 1393 1052 1480 ποιήσασθαι,
1064 1391 1119 1462 nal

169 1495 243 1580 μήτε
264 1505 336 1568 τοῖς
355 1489 501 1568 ίδιω’ταις
520 1490 602 1575 μήτε
621 1502 691 1568 τοῖς
710 1493 920 1574 διενεγκοῦσα
936 1491 1119 1576 τὴνφύσιν

168 1589 270 1676 ἀργὸν
287 1587 372 1657 εἶναι
392 1585 455 1674 τήν
473 1585 664 1674 διατριβήν,
689 1585 764 1656 ἀλλ’
781 1585 1037 1674 ἀθροισθέντων
1050 1595 1119 1655 τῶν
1174 1611 1227 1680 gs
1245 1582 1250 1592 ’

121 1738 125 1744 -
163 1688 329 1776 Ἐλλήνων
338 1689 536 1774 ἐγγενέσθαι
546 1699 615 1763 τοις
625 1685 687 1770 μὲν
698 1688 926 1764 ἐπιδείξασθαι
936 1683 995 1764 τάς
1004 1679 1118 1755 αὑτῶν

166 1784 335 1870 εύτυχίας,
352 1793 423 1861 τοῖς
436 1779 476 1849 δδ
487 1780 683 1850 θεάσασθαι
698 1777 842 1859 τούτους
860 1779 944 1867 πρὸς
954 1781 1119 1870 ἀλλήλους

166 1883 445 1972 ἀγωνιζομένους,
460 1887 514 1952 καί
523 1886 725 1970 μηδετέρους
737 1878 879 1967 ἀθύμως
893 1883 1032 1970 διάγειν,
1048 1879 1117 1952 ἀλλ’

166 1986 340 2070 ἑκατέρους
353 1989 458 2069 ἔχειν,
475 1977 530 2069 ἐφ’
547 1976 596 2060 οἷς
611 1989 894 2068 φιλοτιμηθῶσιν,
913 1986 948 2049 οί
958 1987 1020 2068 μέν
1035 1981 1143 2054 &aava

163 2077 738 2168 λδωσιτοάςάθλητάςαάτῶνένεκα
749 2087 947 2166 πονοῦντας,
955 2079 1026 2150 οἶδ’
1035 2079 1118 2149 ὅταν

165 2183 419 2265 ἐνθυμηθῶσιν,
442 2177 494 2246 ὅτι
506 2177 630 2256 πάντες
643 2181 697 2246 έπδ
709 2177 772 2265 τήν
787 2183 953 2266 σφετέραν
967 2190 1118 2268 θεωρίαν

163 2277 523 2366 ήκουσι,-τοσούτων
534 2281 652 2344 τοίνυν
661 2273 804 2363 ἀγαθῶν
815 2275 871 2344 διά
882 2274 941 2356 τάς
951 2278 1117 2359 συνόδους

163 2374 242 2460 ἡμῖν
255 2376 469 2460 γιγνομένων
484 2371 560 2442 οὐδ’
577 2377 615 2442 έν
627 2374 759 2452 τούτοις
774 2371 796 2459 ἡ
814 2375 909 2454 πόλις
923 2372 1019 2462 ἡμῶν
1033 2374 1116 2444 ἀπε-

120 2471 153 2544 ’45
165 2480 298 2559 λείφθη.
315 2476 370 2540 καὶ
381 2471 446 2558 γάρ
457 2472 608 2559 θεάματα
620 2481 755 2540 πλεῖστα
767 2476 821 2541 καὶ
832 2475 990 2542 κάλλιστα
1002 2479 1118 2559 κέκτη-

165 2599 229 2659 ται,
248 2569 289 2639 τά
305 2570 368 2656 μέν
378 2585 449 2650 ταῖς
463 2572 627 2650 δαπάναις
642 2569 912 2659 ὑπερβάλλοντα,
929 2571 968 2640 τά
985 2573 1021 2640 δὲ
1036 2569 1118 2639 κατά

165 2669 218 2749 τάς
238 2673 358 2755 τέχνας
379 2666 641 2756 εὐδοκιμοῦντα,
662 2669 703 2738 τά
720 2669 751 2738 δ’
769 2669 970 2756 ἀμφοτέροις
987 2671 1119 2748 τούτοις

165 2771 383 2854 διαφέροντα·
401 2770 456 2836 καὶ
470 2766 507 2835 τὸ
522 2775 652 2853 πλῆθος
666 2775 734 2837 τῶν
749 2772 1057 2856 είσαφικνουμένων
1072 2765 1142 2847 ῶςρ

163 2866 248 2951 ἡμᾶς
275 2867 439 2934 τοσοῦτόν
465 2869 573 2951 έστιν,
601 2866 679 2934 ὥστ’
702 2878 736 2936 ελ
751 2894 783 2935 τι
804 2869 841 2936 έν
861 2874 906 2955 τῷ
926 2868 1117 2955 πλησιάζειν

164 2967 322 3051 αλλήλοις
343 2961 477 3051 ἀγαθόν
498 2968 582 3051 έστι,
604 2971 659 3034 καὶ
679 2963 780 3035 τοῦθ’
796 2963 855 3034 ἀπ’
872 2964 975 3055 αὐτῆς
990 2993 1117 3054 περιει-

162 3072 304 3151 λῆφθαι.
335 3062 419 3148 πρὸς
433 3064 470 3132 δέ
486 3065 619 3142 τούτοις
633 3068 689 3133 καὶ
704 3070 818 3151 φιλίας
832 3059 944 3150 εὑρεῖν
959 3065 1117 3134 πιστοτά-

161 3190 218 3241 τας
239 3163 297 3230 καὶ
325 3170 521 3242 συνουσίαις
543 3165 693 3250 ἐντυχεῖν
716 3164 1031 3243 παντοδαπωτάταις
1051 3165 1116 3250 μα’-

160 3273 258 3331 λιστα
274 3259 355 3347 παρ’
374 3259 455 3349 ήμτν
473 3267 575 3348 ἔστιν,
597 3268 645 3331 ἔτι
663 3261 693 3329 δ’
705 3259 838 3348 ἀγῶνας
854 3267 938 3332 ίδεῑν
953 3261 998 3350 μή
1010 3264 1116 3349 μόνον

160 3364 283 3448 τύχους
296 3362 351 3428 καὶ
364 3360 478 3447 ῥύμης
488 3358 572 3429 ἀλλά
584 3363 638 3429 καὶ
648 3359 760 3446 λόγων
771 3363 827 3429 καὶ
836 3359 971 3447 γνῶμης
982 3363 1037 3430 καὶ
1046 3369 1116 3429 τῶν
1130 3385 1165 3439 5⁰

160 3459 274 3530 ἀλλων
296 3465 405 3546 ἔργων
426 3458 602 3547 ἁπάντων,
628 3463 684 3530 καὶ
705 3461 837 3528 τούτων
857 3453 948 3528 ἀθλα
969 3462 1114 3547 μέγιστα.

119 3569 147 3622 46
161 3556 247 3640 πρὸς
267 3557 334 3644 γάρ
355 3553 405 3636 οἷς
425 3556 509 3644 αύτή
526 3567 656 3646 τίθησι,
680 3558 829 3638 καὶτοὺς
846 3558 969 3638 ἀλλους
986 3559 1116 3627 διδόναι

159 3661 421 3724 συναναπείθει·
442 3654 483 3723 τά
500 3656 565 3742 γάρ
580 3656 642 3743 ὑφ’
659 3656 756 3744 ἡμῶν
774 3661 933 3740 κριθέντα
949 3659 1116 3781 ηοσαύτην

935 3756 953 3806 4
1108 3770 1113 3778 .
