2859 4334
285 371 349 437 258
571 371 955 446 1ΣοΚΡΑΤοΤΣ()

286 535 440 622 πλήθους
450 538 658 616 προεστῶσιν
668 530 748 599 οὔτε
758 545 826 610 τοῖς
836 528 1081 618 τάςμοναρχίας
1093 535 1233 615 ἔχουσιν·

286 631 366 704 ούδλ
379 629 445 718 γάρ
460 633 635 720 συμφέρον
648 627 728 698 ούδὲ
742 633 871 712 πρέπον
882 632 949 698 ἐστὶ
963 643 1030 707 τοῖς
1041 635 1153 716 μεῖζον
1170 635 1236 696 των
1345 639 1346 696 λ

286 729 399 800 ἀλλων
413 737 602 818 φρονοῦσιν
617 723 690 796 οὔτ’
707 725 821 807 αὐτοῖς
832 730 950 811 ἐρίζειν
963 725 1047 812 πρός
1058 727 1136 806 τούς
1146 743 1257 813 σνμψι

288 831 567 916 πολιτευομένους
583 827 661 897 οὔτε
674 841 743 908 τολς
754 826 868 906 ἀλλοις
878 829 1066 912 ἐπιτρέπειν
1077 822 1161 910 πρός
1174 823 1235 892 αὑ-

258 925 367 1008 ετούς
382 926 578 1014 ἀντιλέγειν.
599 927 726 1014 ταύτην
742 927 804 1014 μέν
818 920 883 994 οὖν
898 923 961 995 ούκ
975 923 1112 1014 ἀγαπᾶν
1127 948 1165 995 σε
1176 924 1237 1014 τήν

289 1026 482 1117 διατριβήν,
506 1038 741 1114 προαιρεῖσθαι
768 1028 804 1096 δὲ
831 1025 894 1114 τὴν
917 1030 1073 1097 παιδείαν
1085 1023 1149 1114 τὴν
1164 1027 1238 1111 περὶ
1346 1033 1347 1038 ’

289 1125 369 1208 τούς
381 1128 515 1214 λόγους,
530 1123 579 1206 οἷς
593 1127 753 1214 χράμεθα
764 1127 837 1212 περὶ
849 1124 907 1205 τάς
920 1125 1053 1210 πράξεις
1065 1123 1124 1204 τάς
1134 1145 1238 1210 προσ-

289 1226 476 1306 πιπτούσας
497 1224 578 1294 καθ’
606 1228 750 1312 ἑκάστην
774 1223 836 1312 τήν
850 1223 978 1312 ἡμέραν
1010 1227 1064 1293 παλ
1088 1222 1169 1312 μεθ’
1194 1216 1239 1291 όν

290 1324 525 1414 βουλευόμεθα
546 1327 621 1411 περὶ
640 1331 710 1394 τοῖν
726 1332 867 1394 κοινῶν·
890 1322 930 1393 δι’
950 1321 995 1412 ἣν
1009 1331 1076 1392 νῦν
1089 1351 1126 1392 τε
1141 1323 1251 1403 δοξά-“

292 1429 357 1506 ζειν
368 1425 444 1504 περὶ
458 1431 525 1491 τῶν
538 1423 731 1510 μελλόντων
747 1425 909 1508 ἐπιεικῶς,
923 1437 991 1501 τοῖς
1005 1419 1030 1492 τ’
1046 1420 1242 1508 ἀρχομένοις

292 1521 510 1607 προστάττειν
526 1518 590 1589 ούκ
606 1518 767 1608 ἀνοήτως,
798 1522 887 1590 ἀδελ
898 1521 1055 1606 πράττειν
1072 1520 1264 1602 έκάστους,ῦ

293 1621 477 1708 ἐπιστήσει,
501 1623 576 1706 περλ
605 1621 641 1689 δέ
661 1628 730 1688 τῶν
743 1629 857 1690 καλῶν
882 1623 936 1690 καὶ
951 1624 1091 1690 δικαίων
1105 1621 1161 1688 καὶ
1176 1626 1242 1687 τόν

291 1720 422 1798 τούτοις
439 1722 601 1788 ἐναντίων
617 1717 730 1804 ὀρθῶς
744 1727 883 1807 κρίνειν,
898 1718 982 1802 πρός
997 1720 1034 1788 δέ
1047 1720 1181 1797 τούτοις
1196 1747 1244 1786 τι-

292 1825 359 1905 μᾶν
381 1819 489 1885 τεκαὶ
512 1819 674 1901 κολάζειν,
694 1815 738 1896 ὡς
758 1817 930 1906 προσῆκόν
949 1820 1037 1886 ἐστιν
1059 1821 1242 1900 ἑκατέρους.
1348 1871 1349 1880 ,

266 1929 482 2002 σσωφρονεῑς
498 1907 564 1983 οὖν
580 1925 646 1984 νῦν
659 1925 764 1984 ταῦτα
779 1925 941 2004 μελετῶν·
964 1919 1097 1994 ἐλπίδας
1113 1915 1181 2002 γάρ
1201 1921 1244 2005 τῷ

294 2041 329 2082 τε
340 2017 436 2099 πατρλ
450 2018 504 2082 καλ
515 2030 583 2093 τοις
595 2013 708 2094 ἄλλοις
720 2019 882 2102 παρέχεις,
901 2013 956 2104 ὡς,
968 2012 1012 2084 ἀν
1023 2013 1246 2104 πρεσβύτερος

296 2114 476 2202 γενόμενος
504 2117 658 2208 ἐμμείνης
680 2117 828 2200 τούτοις,
854 2124 1015 2186 τοσοῦτον
1036 2119 1188 2199 προέξεις
1210 2122 1247 2201 τη

297 2212 458 2332 φρομήσει
473 2220 541 2281 τῶν
558 2211 680 2301 ἀλλων,
693 2215 775 2284 ὅσον
786 2243 849 2303 περ
860 2214 878 2284 ὁ
890 2215 997 2304 πατήρ
1012 2237 1075 2282 σου
1091 2215 1247 2300 διενήνο-
1349 2307 1350 2312 ¹

295 2339 353 2398 χεν
370 2336 536 2380 απαντων.

760 2497 786 2551 6.

506 2598 618 2660 ΤΟΙΣ
634 2599 849 2662 ΙΑΣΟΝΟΣ
863 2598 1041 2660 ΠΑΙΣΙΝ.

387 2707 457 2786 (α’.)
476 2699 695 2796 Ἀπήγγειλέ
706 2714 755 2786 τίς
769 2733 827 2796 μοι
836 2715 904 2775 τῶν
916 2705 1199 2794 πρεσβευσάντων
1211 2703 1257 2785 ὡς
1268 2717 1309 2773 417

303 2802 398 2890 ὑμᾶς,
415 2803 465 2873 ότι
480 2810 676 2885 καλέσαντες
697 2804 802 2874 αὐτόν
817 2804 900 2874 ἀνευ
914 2814 981 2875 τῶν
997 2805 1109 2886 ἀλλων
1123 2805 1253 2893 ἐρωτή-

303 2901 385 2970 σαιά
402 2910 432 2973 εί
445 2912 620 2993 πεισθείην
631 2902 674 2991 ἀν
689 2905 899 2994 ἀποδημῆσαι
916 2909 971 2975 καὶ
988 2911 1156 2988 διατρῖψαι
1173 2906 1255 2992 παρ’
1268 2922 1312 2975 λιι

302 3000 393 3087 ὑμῖν.
415 3001 480 3089 ἐγω
496 3001 528 3070 δ’
546 3006 643 3072 ἕνεκα
657 3007 719 3090 μέν
733 3011 790 3091 τῆς
804 3002 947 3084 Ἰάσονος
962 3007 1017 3073 καὶ
1031 3012 1254 3085 Πολυαλκοῦς

302 3106 409 3180 ξενίας
422 3098 527 3186 ἡδέως
549 3097 592 3170 ἀν
606 3099 790 3189 ἀφικοίμην
808 3101 852 3182 ἀς
878 3101 977 3192 ὑμᾶς·
1011 3101 1101 3191 οἶμαι
1120 3100 1187 3190 γάρ
1207 3099 1255 3172 ἀν

302 3197 364 3286 τήν
380 3196 513 3285 ὁμιλίαν
522 3199 584 3288 τήν
594 3202 782 3289 γενομένην
792 3202 918 3272 άπασιν
928 3202 1007 3292 ἡμῖν
1018 3219 1253 3290 συνενεγκεῖν·

277 3295 389 3366 λάλλά
405 3297 469 3384 γάρ
487 3301 651 3386 ἐμποδίζει
665 3327 706 3386 με
724 3301 842 3389 πολλά,
856 3303 996 3391 μάλιστα
1008 3300 1116 3390 μὲντό
1131 3301 1177 3390 μή
1190 3305 1256 3370 δύ·

304 3406 428 3463 νασθαι
442 3405 634 3466 πλανᾶσθαι
660 3401 714 3467 καὶ
737 3398 773 3468 ιδ
796 3401 841 3488 μή
862 3407 1002 3486 πρέπειν
1017 3406 1255 3483 έπιξενοῦσθαι

304 3509 372 3572 τοῖς
387 3497 604 3583 τηλικούτοις,
621 3496 732 3567 ἔπειθ’
749 3498 800 3567 ὅτι
811 3501 933 3580 πάντες
944 3507 978 3570 σι’
987 3503 1176 3590 πυθόμενοι
1191 3501 1255 3586 τήν

305 3590 492 3678 ἀποδημίαν
507 3599 640 3672 δικαίως
655 3595 698 3662 ἀν
708 3623 776 3683 μου
787 3603 1087 3688 καταφρονήσειαν,
1102 3610 1133 3670 εί
1146 3616 1281 3690 προη-λ)
