2859 4334
467 338 858 397 ΤΡΑΠΕΖΙΤΙΚΟΣ.
1070 334 1131 400 201

77 562 79 579 ,
141 491 294 583 εομηδέν
312 491 403 563 εἷναί
417 519 482 582 μοι.
519 486 580 561 καί
593 492 695 562 ταῦθ’
716 491 762 573 (ός
780 491 821 562 ού
840 491 885 563 δι’
901 490 1047 582 ἀπορίαν
1060 496 1132 581 ἐγί-

188 622 306 683 γνετο,
329 588 407 663 ἀλλ’
426 600 483 664 ἵνα
507 604 724 682 πιστευθείην
747 593 806 664 ἀπ’
828 599 983 683 ἐκείνων,
1008 599 1157 686 όᾳδίωςε

77 684 78 695 ¹
187 696 372 785 γνώσεσθε.
402 698 536 783 πρῶτον
550 696 613 783 μὲν
627 694 693 784 γὰρ
706 693 791 784 ύμῖν
804 695 977 785 μάρτυρας
991 700 1133 786 παρέξο-

187 826 248 886 μαι
263 797 346 877 τούς
364 798 496 877 είδότας
514 795 622 865 πολλοί
639 823 695 883 μοι
711 796 851 885 χρήματ’
867 800 905 867 ἐκ
921 802 983 867 τοῦ
998 798 1134 870 Πόντον

189 901 412 987 κομισθέντα,
437 905 548 969 ἔπειτα
573 898 611 969 δὲ
628 896 708 978 τούς
726 898 876 986 δρῶντός
892 926 934 986 με
950 905 993 989 τῇ
1011 902 1134 971 τούτου

188 1002 332 1091 τραπέζη
351 1000 535 1089 χριόμενον,
555 1006 602 1069 ἔτι
619 999 657 1067 δὲ
675 996 754 1086 παρ’
777 991 825 1069 τόν
845 999 1054 1091 ίχρυσοι’νησ’Ι
1071 1001 1132 1072 ἀπ’

143 1116 175 1165 41
192 1107 322 1173 ἐκεῖνον
339 1103 400 1171 τὸν
417 1102 540 1190 χρόνον
559 1103 661 1170 πλέον
676 1097 697 1189 ἣ
711 1109 841 1189 χιλίους
856 1108 1029 1191 στατῆρας.
1049 1106 1133 1192 πρὸς
1143 1127 1192 1177 εστ

190 1205 231 1274 δδ
243 1204 374 1284 τούτοις
387 1207 547 1291 είσφορᾶς
561 1201 643 1291 ἡμῖν
655 1211 921 1291 προσταχθείσης
939 1206 995 1273 καὶ
1014 1207 1136 1289 ἑτέρων

190 1306 405 1393 ἐπιγραφέων
417 1306 609 1393 γενομένων
628 1304 693 1390 ίγά
708 1314 865 1374 πλείστου
878 1305 1054 1392 είσήνεγκα
1067 1312 1137 1377 τῶν

191 1409 310 1492 ξένων,
324 1404 428 1486 αύτός
440 1403 480 1475 δ’
496 1407 645 1497 αἱρεθεὶς
661 1410 795 1499 ἐμαυτῷ
809 1406 872 1494 μὲν
888 1409 1060 1495 ἐπέγραψα
1074 1408 1136 1495 τὴν

191 1516 352 1597 μεγίστην
366 1508 545 1595 είσφοράν,
564 1505 652 1595 ὑπὲρ
667 1514 846 1589 Πασίωνος
864 1506 897 1575 δ’
914 1508 1055 1598 ἐδεόμην
1069 1515 1136 1579 τῶν

192 1612 485 1697 συνεπιμραφίων,
503 1612 623 1696 λέγων,
641 1606 692 1677 ὅτι
704 1623 774 1689 τοῖς
789 1612 880 1696 ἐμοῖς
894 1608 1038 1699 χρήμασι
1052 1638 1136 1698 τυμ-

192 1712 284 1799 χάνει
302 1710 482 1800 χρεόμενος.
519 1717 580 1780 καί
594 1736 651 1797 μοι
668 1709 815 1798 ἀνάβητε
831 1711 1008 1801 μάρτυρες.

533 1820 797 1883 ΜΑΡΤῬΡΕΣ.

146 1925 182 1975 42
270 1913 361 2003 (κδ.)
380 1908 495 1985 Αύτδν
518 1920 637 1982 τοίνυν
661 1911 816 1984 Πασίων’
835 1919 931 2008 ’ἔργῳ
957 1916 1139 2004 παρέξομαι

191 2016 323 2097 τούτοις
337 2017 655 2104 σνμμαρτυροῦντα.
681 2014 811 2085 όλκάδα
825 2014 902 2103 μάρ,
921 2016 975 2102 ἐφ’
991 2008 1014 2107 ᾖ
1028 2018 1163 2092 πολλάα

192 2116 334 2207 χρήματ’
343 2109 385 2206 ἦν
401 2116 641 2204 ἐμώδεδωκτδς,
655 2118 764 2204 ἔφηνέ
773 2145 822 2197 τις
832 2115 878 2197 τός
891 2108 999 2188 οὖσαν
1012 2116 1138 2205 ἀνδρὸς

193 2227 336 2309 Δηλίου.
363 2217 653 2307 ἀμφισβητοῦντος
668 2217 700 2287 δ’
713 2220 797 2305 ἐμού
808 2221 866 2287 καὶ
879 2220 1057 2291 καθέλκειν
1064 2218 1136 2303 ἀξι-

192 2326 313 2402 οὖντος
327 2317 414 2389 οὕτω
427 2318 488 2407 τὴν
501 2318 629 2408 βουλίην
642 2321 800 2387 διέθεσαν
815 2325 850 2388 οί
859 2322 1060 2409 βουλόμενοι
1073 2343 1138 2391 συ-

191 2437 389 2510 κοφαντεῐν,
407 2419 491 2490 ὥστε
508 2421 546 2489 τό
564 2420 627 2508 μὲν
642 2426 779 2509 πρῶτον
792 2423 882 2508 παρὰ
896 2422 1017 2510 μικρόν
1029 2414 1138 2509 ἦλθον

192 2523 325 2613 ἄκριτος
343 2520 544 2608 ἀποθανεῖν,
563 2525 785 2601 τελευτῶντες
805 2520 835 2590 δ’
855 2526 1061 2611 ἐπείσθησαν
1080 2527 1137 2613 ίμ-

147 2644 182 2693 43
192 2623 318 2715 μυητάς
332 2621 413 2712 παρ’
426 2626 509 2711 ἐμοῦ
518 2624 689 2703 δέξασθαι.
717 2625 773 2691 καὶ
784 2623 1018 2713 Φίλιπποςμὲν
1027 2624 1076 2694 α’όν
1082 2653 1139 2714 μοι

192 2730 288 2812 ξένος
306 2724 484 2815 πατρικός,
502 2725 640 2813 κληθείς
659 2727 715 2794 καλ
734 2723 948 2815 ύπακούσας,
967 2730 1082 2807 δείσας
1098 2728 1137 2797 τό

192 2831 332 2918 μέγεθος
346 2824 407 2896 τοῦ
421 2825 586 2896 κινδύνου
601 2825 709 2895 ἀπιών
726 2824 844 2918 ᾤχετο·
864 2833 1004 2898 Πασίων
1018 2825 1133 2917 δ”Αρ-
1148 2861 1164 2902 α

192 2927 373 3018 χὲστρατόν
389 2956 445 3018 μοι
463 2929 524 2998 τδν
541 2926 610 2997 ἀπὸ
624 2931 682 3014 τῆς
696 2928 855 3016 τραπεζης
870 2926 953 2998 ἑπτά
967 2928 1139 2999 ταλάντων

192 3030 361 3119 ἐγγυητὴν
385 3032 562 3118 παρέσχεν.
604 3037 711 3099 καίτοι
735 3037 767 3100 εί
781 3035 910 3119 μικρῶν
928 3027 1138 3120 ἀπεστερεῖτο

193 3134 249 3204 καὶ
264 3131 369 3221 μηδὲν
383 3129 456 3221 ᾔδει
469 3129 506 3220 μ’
523 3131 649 3201 ἐνθάδε
661 3132 876 3220 κεκτημένον,
894 3129 958 3201 ούκ
972 3127 1015 3201 διν
1029 3132 1138 3221 δήπου

148 3234 365 3305 σιτοσούτων
382 3233 560 3322 χρημάτων
580 3233 743 3322 ἐγγυητής
766 3259 833 3320 μου
859 3234 1010 3322 κατέστη.
1052 3232 1137 3303 ἀλλά

192 3342 318 3425 δῆλον,
336 3334 387 3404 ὅτι
403 3336 464 3416 τάς
481 3334 545 3424 μὲν
561 3341 753 3422 τριακοσίας
772 3335 923 3423 δραχμὰς
943 3334 1139 3405 ίνεκάλεσεν

192 3440 267 3528 ἐμοὶ
286 3436 515 3526 χαριζόμενος,
537 3440 606 3505 τόν
625 3434 658 3504 δ’
679 3436 761 3505 ἑπτά
780 3436 955 3505 ταλάντων
974 3437 1139 3525 ἐγγυητής

191 3568 247 3629 μοι
267 3538 396 3625 ἐγένεθ’
414 3532 604 3626 ἡγούμενος
622 3544 736 3607 πίστιν
754 3542 840 3625 ἔχειν
860 3536 981 3624 ίκανήν
999 3536 1036 3607 τὸ
1053 3563 1139 3626 χρυ·

193 3649 268 3713 σίον
276 3640 313 3710 τό
322 3639 401 3730 παρ’
411 3638 505 3733 αύτῷ
521 3648 686 3727 κείμενον.
713 3636 759 3719 ὥς
771 3638 834 3726 μὲν
847 3645 967 3708 τοίνυν
979 3631 1023 3728 ἦν
1036 3640 1076 3708 τί
1085 3666 1141 3728 μοι
