2859 4334
436 414 915 501 ιιιιυικιννιιιοετωῑ.
1090 435 1152 500 ιω

127 618 184 672 258
284 599 374 680 (κς’.*
386 602 458 685 κε’.)
494 602 555 669 Καὶ
571 607 606 668 τί
624 605 677 668 δεῖ
693 602 817 668 τούτου
837 601 1040 687 θαυμάζειν,
1063 595 1152 665 ὅπου

201 701 256 767 καί
276 706 344 766 τῶν
367 700 443 784 περὶ
462 697 521 777 τάς
541 703 652 781 ἔριδας
672 701 930 782 σπουδαζόντων
960 706 1047 768 ἔνιοί
1063 724 1152 777 τινες
1169 720 1216 775 ιιι

201 795 323 883 ὁμοίως
336 804 572 884 βλασφημοῦσι
587 801 662 880 περὶ
676 804 745 865 τῶν
755 800 867 885 λόγων
882 807 949 867 τῶν
961 805 1085 866 κοινῶν
1096 800 1151 865 καί

200 903 269 964 τῶν
286 903 456 984 χρησίμων
473 896 583 978 ὥσπερ
600 902 634 964 οί
646 899 849 983 φαυλότατοι
864 906 932 966 τῶν
945 896 1150 980 ἀνθράκων,

201 993 265 1064 ούκ
280 993 483 1081 ἀγνοοῦντες
496 993 558 1082 τήν
569 998 716 1083 δύναμιν
730 995 854 1082 αὐτῶν,
871 995 945 1065 οὐδ’
962 995 1013 1065 ὅτι
1024 996 1148 1082 τάχιστ’

201 1091 246 1162 άν
261 1088 355 1164 ούτοι
370 1094 450 1175 τούς
464 1099 657 1183 χρωμένους
671 1094 892 1183 ὠφελήσειαν,
908 1094 983 1164 ἄλλ’
1000 1099 1150 1175 ἐλπίζον-

201 1219 270 1279 τες,
291 1191 335 1282 ήν
355 1196 495 1273 τούτους
518 1197 740 1281 διαβάλλωσι,
762 1194 841 1273 τούς
855 1194 968 1262 αὑτων
983 1196 1150 1277 ἐντιμοτέ-

127 1320 183 1374 259
202 1319 283 1376 ρους
297 1294 457 1382 ποιήσειν.
481 1298 556 1379 περὶ
573 1287 622 1361 άν
637 1300 824 1381 δυνηθείην
843 1296 906 1381 μὲν
920 1293 964 1362 ἂν
980 1304 1058 1371 ίσως
1076 1298 1150 1359 δια-

202 1400 362 1479 λεχθῆναι
383 1392 470 1464 πολύ
491 1394 692 1480 πικρότερον
711 1391 860 1481 ή’κεῐυοι
876 1397 951 1477 περὶ
966 1393 1072 1479 ἡμῶν,
1089 1391 1150 1458 ού-

202 1494 336 1575 δέτερου
362 1491 395 1561 δ’
422 1492 511 1579 οἶμαι
537 1499 624 1579 δεῖν,
650 1492 731 1563 οὔθ’
758 1492 873 1582 ὅμοιος
887 1502 1063 1582 γίγνεσθαι
1084 1506 1152 1570 τοῖς

201 1589 269 1658 ὑπὸ
281 1598 341 1659 τοῦ
348 1592 486 1677 φθόνου
495 1597 767 1680 διεφθαρμένοις,
779 1594 856 1661 οὔτε
867 1598 984 1680 ψέγειν
995 1592 1075 1671 τούς
1085 1619 1150 1679 μη-

201 1692 260 1759 δὲν
276 1695 338 1777 μὲν
360 1690 466 1760 κακόν
487 1691 565 1771 τούς
587 1694 1027 1779 συνόνταςέργαζομένους,
1051 1684 1151 1779 ἦττον

203 1788 235 1857 δ’
259 1794 381 1875 ἑτέρων
403 1792 588 1876 εὐεργετεῖν
608 1797 826 1878 δυναμένους.
850 1790 891 1859 ού
911 1789 979 1879 μὴν
996 1790 1079 1859 άλλά
1095 1818 1151 1877 μι-

203 1890 269 1973 κρά
284 1916 322 1976 γε
336 1892 572 1979 μνησθήσομαι
598 1878 672 1974 uzol
695 1889 824 1972 αὐτῶν,
849 1891 990 1977 μάλιστα
1016 1890 1078 1975 μέν
1100 1888 1151 1957 ὅτι

203 1990 352 2060 κάκεῖνοι
366 1993 441 2073 περὶ
455 1990 567 2077 ἡμῶν,
586 1989 699 2059 ἔπειθ’
718 1989 809 2070 ὅπως
824 1986 867 2058 άν
883 1989 976 2077 ὑμεῖς
990 1992 1151 2076 σαφέστε-

203 2118 266 2175 ρον
281 2092 403 2168 εἰδότες
417 2088 479 2177 τήν
493 2092 639 2178 δύναμιν
654 2088 767 2159 αὐτῶν
777 2090 866 2159 οὕτω
877 2093 1055 2177 διακέησθε
1067 2087 1151 2172 πρός

131 2198 185 2251 260
200 2190 360 2269 ἑκάστους
373 2188 479 2277 ἡμῶν,
496 2190 607 2273 ὥσπερ
625 2193 757 2260 δίκαιόν
775 2195 852 2275 ἐστι,
868 2190 953 2273 πρὸς
967 2194 1004 2257 δὲ
1020 2191 1152 2266 τούτοις

202 2292 260 2357 ἵνα
275 2293 329 2357 καὶ
344 2296 442 2357 τοῦτο
458 2291 586 2377 ποιήσω
600 2287 761 2376 φανερόν,
777 2288 828 2357 ὅτι
843 2292 917 2372 περὶ
929 2286 1007 2366 τούς
1023 2296 1151 2355 πολιτι-

204 2386 286 2466 κούς
305 2389 427 2474 λόγους
448 2388 541 2477 ἡμεῖς
566 2388 676 2472 ὄντες,
703 2388 763 2468 ούς
788 2392 908 2458 ἐκεῖνοι
936 2392 1040 2475 φασίν
1067 2386 1151 2455 εἶναι

206 2488 512 2574 φιλαπεχθήμονας,
529 2486 615 2556 πολύ
627 2490 804 2572 πραότεροι
819 2488 1028 2575 τυγχάνομεν
1040 2483 1152 2553 αὐτῶν

204 2582 315 2661 ὅντες·
340 2589 374 2651 οἱ
387 2585 449 2670 μὲν
464 2584 528 2671 γάρ
544 2585 599 2653 άεί
612 2614 642 2653 τι
659 2590 733 2667 περὶ
745 2584 842 2673 ήμῶν
863 2594 1018 2671 φλαῦρον
1032 2588 1151 2670 λέγου-

203 2704 269 2767 σιν,
286 2680 350 2767 έγεδ
366 2683 398 2751 δ’
414 2683 515 2753 οὐδὲν
525 2680 569 2752 άν
578 2695 702 2771 εἴποιμι
712 2692 877 2770 τοιοῦτον,
890 2683 974 2754 ἀλλὰ
987 2699 1056 2761 ταις
1069 2681 1150 2767 άλη-

133 2802 183 2854 λθι
203 2789 312 2861 θείαις
330 2785 493 2870 χρήσομαι
514 2786 590 2867 περὶ
612 2782 734 2851 αύτων.
757 2781 903 2870 ἡγουμαι
917 2782 981 2870 γάρ
998 2786 1053 2850 καὶ
1075 2778 1152 2858 τούς

204 2886 243 2950 έν
256 2896 324 2959 τοῖς
334 2884 511 2965 ,ἐριστικοῖς
522 2882 632 2967 λόγοις
642 2883 906 2960 δυναστεύοντας
920 2885 975 2951 καλ
989 2878 1067 2959 τούς
1077 2883 1151 2962 περὶ

206 2978 271 3067 τήν
283 2978 507 3068 άστρολογίαν
520 2977 577 3047 καὶ
589 2974 652 3064 τήν
668 2984 875 3065 γεωμετρίαν
888 2977 946 3044 καὶ
959 2973 1000 3043 τά
1014 2976 1151 3043 τοιαῦτα

206 3079 734 3169 τάνμαθημάτωνδιατρίβοντας
747 3076 787 3146 ού
802 3077 962 3165 βλάπτειν
975 3075 1049 3146 ἀλλ’
1060 3076 1150 3163 ὠφε-
1163 3104 1209 3152 ιιι

207 3191 280 3251 mv
304 3179 385 3262 τούς
409 3179 593 3266 συνόντας,
618 3178 742 3248 ἐλάττω
765 3179 827 3267 μὲν
852 3168 900 3247 ὧν
917 3176 1152 3265 ύπισχούυται,

145 3302 198 3353 262
210 3282 357 3353 πλείωδ’
368 3275 792 3363 ύντοτςάλλοιςδοκούσιν.
811 3285 850 3349 οί
859 3279 922 3368 μὲν
932 3279 1152 3366 γάρπλεῑστοι

207 3380 1151 3471 τάνάνθρύπωυύπειλήφασινάδολεσχίανκαίμικρολο·
1201 3401 1206 3411 ·

208 3492 289 3571 γίαν
297 3484 384 3554 εἶναι
393 3484 885 3572 τὰτοιαῦτατῶνμαθημάτων·
903 3477 1148 3569 ούδλνγάραύ·

207 3583 357 3655 τῶνούτ’
370 3588 501 3656 ἐπὶτῶν
511 3591 608 3654 ἰδίων
615 3582 687 3652 οὔτ’
698 3587 753 3654 ἐπὶ
763 3588 962 3653 τύυκοινάν
973 3581 1060 3651 εἶναι
1068 3582 1148 3671 χρή-

208 3708 319 3775 σιμον,
333 3686 409 3757 ἀλλ’
422 3686 499 3755 οὐδ’
514 3690 550 3755 ἐν
560 3700 634 3764 ταῖς
644 3694 774 3773 μυείαις
783 3683 909 3754 ούδένα
918 3685 1041 3773 χρόνον
1051 3687 1149 3772 ἐμμέ

931 3793 990 3846 ll*
