2859 4334
304 353 368 418 ειε
579 358 982 440 mmmmm)

305 522 412 595 ζῶσαν
427 516 530 585 άπασι
546 532 614 597 τοῖς
628 526 797 601 παροῦσιν
811 520 991 601 ἐπέδειξαν.
1016 520 1103 591 ὥσθ’
1117 527 1257 591 έπτακο

305 623 387 683 σίων
401 617 464 701 μὲν
479 620 701 701 δικαζόντων,
727 619 894 704 τεττάρων
909 623 945 689 δέ
962 624 1017 690 καὶ
1034 626 1114 690 δέκα
1129 648 1259 708 μαρτν-
1347 633 1349 706 Ι

305 716 482 803 ρησάντων
503 715 589 800 άπερ
613 710 728 800 οὗτος,
751 716 912 804 οὐδεμίαν
936 728 1052 807 ψῆφον
1066 725 1259 807 μετέλαβον.
1347 711 1348 776 Ῑ

304 821 363 882 καί
374 840 431 901 μοι
446 816 541 884 κάλει
556 817 685 883 τούτων
699 817 880 902 μάρτυρας.

657 921 914 983 ΜΑΡΤνεεΣ.
1347 911 1348 934 ¹

256 1039 289 1090 55
388 1014 480 1100 (νβ’.)
512 1020 568 1093 Τίς
596 1006 660 1081 οὖν
680 1009 725 1079 ἀν
746 1010 844 1093 ἀξίως
869 1013 1007 1082 δόναιτο
1032 1027 1258 1105 κατηγορήσω
1347 973 1349 1024 ⁸

305 1117 372 1177 τῶν
388 1111 494 1202 τοότηι
509 1113 772 1197 πεπραγμένωνς
786 1104 807 1198 ἢ
822 1118 872 1191 τίς
882 1106 927 1178 ἀν
938 1110 1052 1195 εὑρεῖν
1066 1121 1135 1201 ἔχοι
1146 1119 1258 1201 παρά·
1347 1063 1349 1192 δ

305 1213 422 1298 δειγμα
437 1217 548 1298 μεῖζον
562 1209 691 1289 ἀδικίας
703 1213 758 1280 καὶ
769 1220 995 1297 συκοφαντίας
1008 1218 1061 1283 καὶ
1073 1224 1281 1303 πονηρίαςςδ
1347 1207 1348 1248 ss

305 1315 378 1379 ἔνια
395 1309 538 1397 μὲνγὰρ
554 1318 621 1379 τῶν
636 1308 853 1396 ἀδικημάτων
864 1308 928 1378 οὐκ
945 1308 990 1381 ἀν
1003 1311 1084 1382 ὅλον
1098 1313 1161 1382 τόν
1178 1317 1258 1399 τρό-

306 1436 370 1477 πον
388 1411 547 1496 δηλώσειε
562 1417 629 1478 τῶν
646 1407 891 1495 ἀδικησάντων,
909 1414 944 1479 ἐκ
960 1412 995 1479 δὲ
1010 1420 1078 1481 τόν
1091 1416 1257 1481 τοιούτων

307 1516 415 1595 ἔργων
430 1508 559 1577 ἅπαντα
575 1507 636 1577 τόν
650 1517 727 1596 βίον
741 1517 808 1578 τόν
825 1512 1122 1596 ἐξαμαρτανόντων
1135 1516 1257 1603 ῥᾴδιον

256 1630 289 1684 56
307 1614 454 1677 κατιδεῖν
468 1611 565 1676 ἐστίν.
589 1607 679 1688 ὅστις
693 1606 758 1694 γάρ
774 1607 853 1687 τούς
864 1615 986 1689 ζῶντας
997 1612 1160 1679 τεθνάναι
1170 1639 1258 1697 μαρ-
1347 1601 1348 1666 ἦ

305 1724 413 1797 τυρεῖ,
443 1716 533 1787 τίνος
555 1704 599 1777 ἀν
613 1706 694 1793 ὑμῖν
709 1705 915 1793 ἀποσχέσθαι
931 1713 1039 1791 δοκεῖς
1065 1706 1086 1796 ἢ
1099 1708 1189 1790 ὅστις
1204 1714 1257 1779 ἐπὶ

305 1825 372 1888 τοῖς
388 1806 572 1894 ἀλλοτρίοις
587 1809 781 1894 πράγμασιν
793 1806 882 1875 οὕτω
893 1809 1041 1893 πονηρός
1057 1812 1138 1895 ἐστι,
1151 1818 1185 1878 τί
1192 1809 1258 1877 οὐκ

304 1904 349 1974 ἀν
367 1910 417 1974 ἐπὶ
432 1922 499 1985 τοῖς
513 1904 619 1974 αὑτοῦ
634 1903 848 1991 τολμήσειενς
868 1914 939 1984 πῶς
954 1906 990 1973 δὲ
1000 1905 1062 1993 χρὴ
1076 1910 1186 2000 τοότφ
1196 1934 1256 1976 πι-
1347 1901 1348 1938 ³

305 2013 435 2079 στεύειν
453 2008 537 2095 ὑπὲρ
553 2005 659 2075 αὑτοῦ
674 2011 821 2093 λέγοντι,
843 2004 881 2086 δς
902 2004 987 2091 ὑπὲρ
1002 2010 1125 2094 ἑτέρων
1141 2012 1282 2092 ἐπιορ-ιε

305 2120 375 2181 κων
396 2112 611 2195 ἐξελέγχεταις
638 2114 685 2186 τίς
707 2109 744 2175 δὲ
763 2108 897 2175 πόποτε
918 2110 1156 2195 φανερώτερον
1178 2115 1257 2179 έπε-

304 2216 419 2297 δείχθη
436 2206 474 2276 τά
491 2212 598 2294 ψευδῆ
613 2214 812 2293 μαρτυράνς
826 2206 905 2287 τούς
919 2210 982 2295 μὲν
995 2206 1061 2295 γάρ
1082 2208 1206 2289 ἀλλους
1219 2214 1259 2279 ἐκ

304 2318 372 2378 τῶν
389 2311 579 2395 λεγομένων
604 2315 749 2394 κρίνετε,
774 2305 836 2393 τὴν
857 2312 894 2375 δὲ
915 2310 1040 2377 τοάτου
1054 2319 1258 2397 μαρτυρίαν,

257 2418 288 2472 57
305 2409 353 2477 ότι
369 2406 493 2495 ψευδὴς
504 2402 557 2493 ἦν,
571 2405 661 2475 εἶδον
672 2412 706 2475 οἱ
714 2407 911 2489 δικάζοντες.
933 2412 987 2477 καὶ
999 2409 1134 2478 τοιαῦθ’
1147 2408 1258 2497 ἡμαρ-

305 2507 412 2597 τηκόες
451 2508 649 2594 ἐπιχειρήσει
686 2514 812 2595 λέγειν,
854 2505 898 2585 οἱς
928 2504 1020 2595 ἡμεῖς
1047 2509 1258 2595 ψευδόμεθα,
1274 2523 1314 2581 m

306 2610 425 2697 ὅμοιον
437 2608 664 2694 ἐργαζόμενος,
678 2606 790 2693 ὥσπερ
801 2602 846 2674 ἀν
857 2617 940 2698 εῖτφ
948 2609 1157 2693 Φρυνώνδας
1169 2633 1259 2676 παν-

306 2717 446 2794 ουργίαν
471 2703 668 2773 ὀνειδίσειεν
701 2700 928 2791 ἢΦιλουργός
949 2702 967 2771 ὁ
990 2702 1028 2771 τδ
1051 2705 1260 2791 Γοργόνειον
1347 2769 1349 2800 ,

308 2806 517 2895 ὑφελόμενος
536 2803 616 2883 τούς
636 2804 759 2883 ἀλλους
778 2804 975 2888 ίεροσόλους
997 2810 1145 2890 ἔφασκεν
1161 2802 1257 2872 εἶναι.
1347 2833 1349 2890 ,

304 2915 379 2975 τίνα
401 2907 437 2974 δέ
459 2906 619 2992 προσήκει
642 2912 710 2972 τῶν
735 2901 780 2992 μὴ
809 2906 1001 2990 γενομένων
1027 2905 1258 2991 παρασχέσθαι
1347 2957 1348 3002 χ

305 3000 780 3094 μάρτυραςμάλλονῆτοότον,
797 3000 834 3083 δς
849 2999 949 3082 αὐτὸς
960 3005 1083 3090 ἑτέροις
1091 3000 1133 3071 τά
1149 3008 1259 3088 ψευδῆ

305 3112 408 3195 τολμᾷ
422 3117 619 3191 μαρτυρεῖυ;
1347 3151 1348 3192 3

259 3215 292 3268 58
391 3205 483 3289 (κγ’.)
502 3200 598 3270 Ἀλλά
615 3200 679 3288 γάρ
692 3201 906 3285 Καλλιμάχου
917 3201 979 3286 μὲν
991 3202 1116 3280 ἐξέσται
1132 3201 1261 3268 πολλά·
1347 3201 1349 3324 χ

306 3332 358 3384 κις
372 3316 580 3391 κατηγορεῖν,
606 3300 694 3369 οὕτω
716 3299 781 3387 γάρ
804 3299 1069 3385 παρεσκεύασται
1085 3300 1259 3368 πολιτεόε·

305 3419 397 3494 σθαι,
412 3408 490 3495 περὶ
505 3405 537 3476 δ’
547 3408 693 3494 ἐμαυτοῦ
702 3399 1080 3492 τάςμένάλλαςάπάσας
1090 3408 1281 3486 παραλεί·ο

305 3523 359 3589 ψω
375 3517 594 3596 λειτουργίας,
609 3498 649 3596 ἦς
663 3504 697 3575 δ’
707 3500 749 3575 οό
762 3504 870 3595 μόνον
882 3500 926 3571 ἀν
938 3530 995 3591 μοι
1008 3507 1146 3581 δικαίως
1153 3508 1255 3589 ἔχοιτε

308 3608 407 3696 χάριν
426 3606 511 3689 ἀλλὰ
531 3610 586 3677 καὶ
605 3616 773 3695 τεκμηρίῳ
790 3604 973 3695 χρήσαισθε
992 3604 1070 3687 περὶ
1087 3606 1148 3671 τοῦ
1169 3629 1252 3671 παν-
