2859 4334
323 405 388 471 242
605 413 622 468 1
630 410 789 469 ΣΟΚΡΑ
800 411 857 469 ΤΟ
867 411 927 467 ΤΣ
947 415 1009 482 (21)

275 587 306 637 ιο
322 595 386 636 ναι.
408 571 463 638 καὶ
477 567 578 638 ταῦθ’
601 568 652 637 ότι
675 565 785 654 ἀληθῆ
804 572 903 654 λέγω,
929 567 1029 649 αὐτός
1042 567 1086 638 ἀν
1105 568 1188 656 ὑμῖν
1203 568 1278 638 Et}-

322 667 453 746 θόνους
466 670 725 755 μαρτυρήσειεν·
743 670 910 735 ἐπίσταται
923 667 999 756 γὰρ,
1015 668 1067 738 ὅτι
1082 671 1276 757 Τιμόδημος

322 770 455 836 τουτονὶ
470 768 648 855 τριάκοντα
662 775 748 853 μνᾶς
762 767 935 853 ἐπράξατο,
950 765 993 835 ού
1008 771 1104 854 χρέος
1119 771 1275 854 ἐγκαλῶν

323 862 398 935 ἀλλ’
415 864 555 946 ἀπόζειν
569 864 725 934 ἀπειλῶν.
759 872 866 934 καίτοι
886 873 956 944 πῶς
977 866 1065 945 είκός
1079 875 1209 936 Νικίαν
1230 873 1275 945 είς

323 962 415 1034 τοῦτ’
439 965 556 1044 ἀνοίας
579 969 702 1044 ἐλθεῖν,
713 962 793 1032 ὥστ’
817 963 921 1032 αὐτόν
940 967 1016 1051 περὶ
1035 973 1098 1033 τοῦ
1117 965 1274 1051 σῶματος

275 1075 304 1126 ιο
319 1063 561 1133 κινδυνεύοντα
583 1067 715 1147 ἐτέρους
728 1080 961 1150 συκοφαντεῖν,
974 1066 1028 1133 καί
1048 1063 1093 1151 μή
1118 1066 1298 1150 δυνάμε-ιῖ

317 1187 380 1228 νον
400 1159 440 1228 τά
463 1160 570 1232 αὑτοῦ
590 1164 708 1260 σμ’ζειν
734 1176 802 1241 τοῖς
828 1161 1014 1246 ἀλλοτρίοις
1036 1165 1276 1254 ἐπιβουλεύειν,

321 1263 377 1328 καλ
390 1258 475 1346 πρὸς
485 1275 553 1341 τοῖς
564 1260 774 1348 ὑπάρχουσιν
788 1266 921 1348 ἐχθροῖς
938 1266 1070 1347 ἐτέρους
1083 1263 1272 1350 διαφόρους

320 1369 499 1444 ποιεῖσθαι,
510 1362 564 1427 καὶ
586 1362 717 1438 τούτοις
727 1358 850 1439 ἀδίκοις
860 1364 1021 1448 ἐγκαλεῖν,
1036 1361 1115 1449 παρ’
1133 1354 1185 1430 ῶν
1195 1359 1268 1429 οὐδ’

320 1455 579 1544 ὁμολογούντων
589 1458 786 1542 ἀποστερεῖν
798 1454 868 1537 οίός
882 1458 912 1526 τ’
924 1455 968 1527 ἀν
979 1454 1023 1546 ήν
1033 1465 1130 1546 δίκην
1140 1468 1268 1546 λαβεῖν,

321 1559 376 1625 ιιαλ
390 1557 466 1624 τότε
479 1560 583 1625 πλέον
599 1564 687 1643 ἐχειν
701 1564 824 1643 ζητεῖν,
851 1556 905 1626 ὅτε
923 1557 1001 1626 οὐδὲ
1022 1569 1097 1626 ῖσον
1112 1560 1190 1644 ἐξήν
1206 1558 1269 1626 αό-

317 1664 380 1746 τςό,
394 1658 450 1723 καί
464 1654 519 1724 ὅτε
532 1654 555 1723 ἀ
566 1656 628 1724 οὐκ
651 1663 769 1744 ἐλαβεν
788 1656 959 1726 ἀποτίνειν
969 1656 1182 1744 ήναγκάζετο,
1193 1659 1268 1726 τότε

319 1757 374 1824 καλ
388 1752 410 1821 ἀ
423 1753 468 1841 μή
482 1761 667 1844 συνέβαλεν
680 1760 821 1840 ἐλπίζειν
833 1759 1041 1840 πράξασθαις
1281 1781 1294 1816 ⁰

276 1871 307 1926 ιο
405 1857 488 1941 Περὶ
501 1858 564 1939 μὲν
580 1848 645 1922 οὖν
661 1857 793 1923 τούτων
807 1855 905 1924 ίιιανά
923 1855 962 1925 τά
979 1863 1143 1945 εἰρημένα.
1181 1863 1268 1946 (ια’.)

317 1951 412 2031 Ἴσως
427 1951 457 2020 δ’
475 1951 657 2034 Εὐθύνοος
671 1958 755 2041 ἐρεῖ,
772 1953 794 2022 ἀ
809 1957 862 2024 καὶ
877 1957 1040 2042 πρότερον
1054 1954 1128 2042 ήδη,
1144 1956 1196 2025 ὅτι
1209 1960 1271 2027 οὐκ

323 2050 367 2119 ἀν
382 2051 456 2119 ποτ’
474 2051 604 2122 ἀδικεῖν
614 2058 791 2140 ἐπιχειρῶν
801 2053 840 2122 τά
852 2058 913 2140 μέν
923 2057 985 2124 δύο
996 2049 1080 2142 με’ρη
1091 2063 1148 2144 τῆς
1161 2082 1269 2140 παρα-

322 2152 515 2238 καταθήκης
537 2149 705 2238 ἀπέδωκε,
736 2151 773 2219 τό
790 2153 827 2220 δέ
841 2159 953 2235 τρίτον
972 2156 1071 2239 μέρος
1087 2153 1272 2242 ἀπεστέρη-
1285 2173 1326 2223 τοι

320 2270 390 2335 σεν,
405 2246 482 2318 ἀλλ’
497 2260 561 2319 είτε
576 2248 705 2318 ἀδικεῖν
721 2251 881 2337 ἐπεθύμει
895 2261 957 2320 είτε
971 2255 1098 2330 δίκαιος
1113 2255 1270 2340 ἐβούλετο

321 2347 422 2434 εἰναι,
449 2351 523 2437 περὶ
546 2349 705 2419 ἀπάντων
726 2347 770 2418 ἀν
790 2348 851 2437 τήν
871 2347 976 2436 αὐτὴν
1001 2352 1141 2438 μνῶμην
1164 2358 1268 2437 ἔσχεν.

276 2460 306 2516 17
324 2450 410 2535 (ιβ’.)
429 2447 508 2534 Ἐμῶ
527 2450 558 2516 δ’
571 2448 715 2537 ἡγοῦμαι
731 2452 857 2528 πάντας
867 2448 954 2536 ὑμᾶς
968 2456 1099 2535 εἰδέναι,
1115 2449 1168 2518 ὅτι
1184 2451 1272 2518 πάν-

323 2573 376 2626 τες
390 2545 577 2631 ἀνθρωποι,
594 2549 677 2617 όταν
687 2574 751 2633 περ
762 2547 890 2618 ἀδικεῖν
901 2552 1120 2636 ἐπιχειρῶσιν,
1136 2548 1205 2636 ἀμα
1217 2551 1272 2617 καί

321 2645 384 2734 τήν
399 2647 583 2735 ἀπολογίαν
596 2656 818 2718 σκοποῦνται·
848 2647 926 2716 ὥστ’
945 2647 1007 2716 οὐκ
1022 2647 1116 2728 ἀξιον
1130 2647 1270 2734 θαυμά-
1350 2688 1351 2774 η

322 2755 404 2831 ζειν,
432 2754 462 2817 εί
484 2750 613 2816 τούτων
632 2751 731 2816 ἕνεκα
752 2755 820 2816 τῶν
840 2749 952 2833 λόγων
965 2745 1070 2825 οὕτως
1084 2744 1271 2824 Εὕθύνους

322 2847 490 2935 ήδίκησεν.
517 2855 564 2917 ἐτι
580 2846 612 2917 δ’
629 2848 733 2934 ἔχοιμ’
752 2843 796 2915 ἀν
816 2851 973 2927 ἐπιδεῖξαι
993 2851 1048 2915 καὶ
1062 2848 1214 2929 ἑτέρους,
1240 2853 1274 2912 ολ
1349 2845 1350 2931 λ

320 2951 469 3036 χρήματα
483 2949 641 3037 λαβόντες
655 2950 695 3015 τά
710 2952 772 3034 μὲν
787 2946 913 3017 πλεῖστ’
927 2947 1104 3028 ἀπέδοσαν,
1120 2943 1216 3032 ὀλίγα
1235 2945 1294 3013 δό

320 3047 558 3134 ἀπεστέρησαν,
574 3051 629 3116 καὶ
642 3051 680 3116 ἐν
697 3062 826 3133 μικροῖς
841 3048 903 3134 μὲν
917 3053 1133 3133 συμβολαίοις
1150 3041 1269 3130 ἀδική·

321 3171 462 3231 σαντας,
489 3150 525 3214 ἐν
541 3145 698 3232 μεμάλοις
721 3147 757 3214 δέ
773 3153 922 3223 δικαίους
936 3147 1154 3231 γενομένους·
1189 3139 1268 3211 ὥστ’

321 3242 364 3313 οὐ
379 3244 482 3329 μόνος
502 3243 580 3312 οὐδὲ
597 3252 728 3327 πρῶτος
738 3243 922 3322 Εὐθύνους
930 3249 1066 3311 τοιαῦτα
1078 3249 1267 3329 πεποίηκεν,
1345 3269 1347 3400 4

276 3354 306 3408 18
321 3346 542 3429 ἐνθυμεῖσθαι
565 3345 602 3410 δέ
616 3342 695 3429 χρή,
723 3350 753 3411 εί
773 3339 976 3422 ἀποδέξεσθε
990 3349 1059 3410 τῶν
1073 3339 1113 3408 τά
1132 3347 1268 3409 τοιαῦτα
1345 3430 1346 3438 ¹

321 3445 500 3528 λεγόντων,
516 3439 567 3508 ὅτι
581 3443 688 3527 νόμον
702 3443 836 3528 θήσετε,
853 3448 922 3519 πῶς
935 3438 996 3527 χρή
1016 3437 1164 3508 ἀδικεῖν·
1187 3437 1269 3506 ῶστε

321 3547 382 3609 τοῦ
399 3547 520 3609 λοιποῦ
539 3539 666 3626 χρόνον
685 3539 725 3608 τά
748 3543 810 3627 μέν
824 3540 1056 3624 ἀποδῶσουσι,
1077 3537 1118 3606 τά
1135 3536 1166 3606 δ’
1186 3537 1268 3606 ὑπο-

322 3645 499 3710 λείυονται.
521 3640 726 3726 λυσιτελήσει
741 3638 805 3725 μάρ
822 3639 951 3722 αὐτοῖς,
967 3645 997 3708 εί
1009 3641 1202 3724 μέλλουσιν,
1223 3633 1270 3716 οἷς
