2859 4334
308 383 352 449 84
597 381 975 454 ιεοκεκνονερ)

308 543 370 632 χρή
382 544 535 614 διαλύειν
544 537 732 620 ταύταςτὰς
739 536 928 626 ὁμολογίας,
936 543 969 622 ἐξ
979 532 1030 610 ύν
1037 542 1176 628 τοιαύτη
1187 541 1268 623 δόξα

308 647 460 731 γέγονεν,
477 639 522 723 ὡς
536 639 555 709 ὁ
570 642 633 728 μὲν
645 639 816 728 βάρβαρος
831 637 966 724 κήδεται
980 637 1202 726 τῆςἙλλάδος
1212 641 1298 709 nala

308 743 419 830 φύλαξ
436 750 494 830 τῆς
511 740 646 826 εἰρήνης
663 741 770 824 ἐστὶν,
791 733 889 823 ἡμῶν
904 741 944 806 δέ
953 741 1042 818 τινές
1057 746 1142 808 εἰσιν
1157 742 1193 807 οἰ
1204 747 1270 807 λυ-

242 861 291 917 176
308 841 508 928 μαινόμενοι
522 842 577 907 καὶ
591 844 703 916 κακῶς
716 843 894 916 ποιοῦντες
907 834 1035 925 αύτήν,·
1052 838 1119 907 ὅδὲ
1129 837 1271 906 πάντων

309 938 645 1026 καταγελαστότατον,
658 934 709 1005 ὅτι
720 941 790 1003 τάν
800 940 1042 1023 γεγραμμένων
1053 941 1091 1007 έν
1100 952 1172 1018 ταῖς
1184 936 1271 1024 ὁμο-

309 1044 436 1126 λογίαις
444 1034 486 1105 τά
492 1042 638 1124 χείριστα
645 1035 857 1121 τυγχάνομεν
864 1038 1155 1122 διαφυλάττοντες.
1171 1037 1272 1125 άμέν

309 1135 374 1225 γάρ
390 1135 600 1223 αὐτονόμους
614 1133 728 1222 άφίησι
747 1135 807 1212 τάς
821 1160 857 1202 τε
871 1135 998 1222 νήσους
1012 1135 1140 1217 καὶτὰς
1154 1137 1273 1218 πόλεις

309 1235 368 1318 τάς
379 1239 432 1306 έπί
442 1245 500 1325 τῆς
509 1234 692 1323 Εὐρώπης,
703 1234 805 1302 πάλαι
818 1236 952 1302 λέλυται
964 1239 1019 1304 καὶ
1029 1237 1139 1323 μάτην
1149 1239 1186 1305 έν
1197 1251 1273 1316 ταῖς

309 1336 444 1424 στήλαις
459 1339 563 1404 έστίυ·
585 1331 608 1400 ά
623 1330 655 1401 δ’
668 1333 834 1418 αἰσχύνην
847 1331 929 1420 ήμῑν
943 1339 1038 1421 φέρει
1052 1339 1109 1404 καί
1122 1335 1273 1416 πολλούς

308 1442 377 1504 τῶν
390 1432 575 1522 συμμάχων
589 1434 770 1515 ἐκδέδωκε,
787 1438 892 1499 ταῦτα
906 1434 943 1502 δὲ
954 1433 1038 1502 κατά
1048 1435 1162 1522 χάραν
1173 1438 1297 1522 μένετε

309 1536 364 1606 καί
376 1535 499 1612 πάντες
511 1529 595 1600 αύτά
608 1531 710 1614 κύρια
720 1537 895 1617 ποιοῦμεν,
907 1529 930 1598 ά
952 1541 1038 1621 χρῆν
1049 1531 1201 1619 ἀναιρεῖν
1212 1536 1272 1602 καί

309 1636 393 1721 μηδὲ
409 1640 490 1720 μίαν
506 1634 566 1700 έάν
585 1628 731 1717 ἡμέραν,
752 1635 947 1716 νομίζοντας
960 1632 1199 1719 προστάγματα
1213 1636 1271 1702 καί

309 1733 354 1820 μή
369 1732 544 1819 συνθήκας
560 1729 653 1798 εἰναι.
681 1736 730 1809 τίς
744 1726 809 1817 γάρ
825 1728 888 1798 ούκ
904 1729 1011 1819 οἶδεν,
1033 1731 1085 1800 ὅτι
1099 1739 1272 1820 συνθῆκαι

309 1833 372 1916 μέν
398 1836 501 1916 εἰσιν,
528 1832 654 1908 αἳτινες
676 1824 721 1896 άν
743 1839 823 1907 ίσως
847 1834 903 1897 καὶ
924 1837 1046 1910 κοινῶς
1067 1828 1272 1917 ἀμφοτέροις

308 1936 423 2016 έχωσι,
447 1928 685 2015 προστάγματα
705 1929 742 1994 δὲ
761 1924 801 1996 τά
821 1924 901 2007 τούς
917 1930 1050 2016 ἑτέρους
1065 1932 1270 1998 έλαττοῦντα
1285 1941 1318 1996 78

237 2048 291 2114 177
307 2024 400 2111 παρὰ
414 2024 452 2094 τδ
468 2030 618 2107 δίκαιον,·
634 2024 687 2095 διδ
698 2028 834 2095 καὶτῶν
848 2027 1131 2114 πρεσβευσάντων
1141 2028 1272 2114 ταύτην

308 2124 370 2213 τήν
380 2125 517 2215 εἰρήνην
528 2131 664 2206 δικαίως
675 2123 720 2194 άν
730 2141 983 2214 κατηγοροῑμεν,
996 2127 1047 2196 ὅτι
1057 2130 1273 2215 πεμφθέντες

309 2224 376 2294 ὑπὸ
397 2234 466 2294 των
481 2225 651 2315 Ἑλλήνων
669 2225 755 2312 ὑπὲρ
776 2227 1047 2316 τῶνβαρβάρων
1068 2230 1272 2316 ἐποιήσαντο

309 2323 368 2405 τάς
381 2325 567 2412 συνθήκας.
591 2329 692 2413 έχρήν
701 2323 767 2412 γάρ
780 2323 920 2413 αύτούς,
937 2323 998 2394 εἰτ’
1010 2326 1117 2395 έδύκει
1129 2325 1192 2413 τήν
1205 2325 1272 2394 αύ-

309 2433 377 2493 τῶυ
391 2431 477 2512 ἔχειν
492 2424 671 2514 ἑκάστους,
695 2434 760 2494 εἰτε
775 2427 830 2492 καί
847 2432 916 2493 τῶν
932 2425 1146 2510 δοριαλάτων
1162 2426 1270 2508 έπάρ-

308 2550 396 2610 χειν,
414 2534 480 2593 εἰτε
493 2523 624 2592 τούτων
637 2537 773 2607 κρατεῖν
790 2515 839 2590 ὦν
852 2521 919 2591 ὑπὸ
935 2522 997 2610 τήν
1015 2525 1153 2612 εἰρήνην
1169 2525 1272 2611 έτυγ-

308 2624 455 2710 χάυομεν
467 2628 607 2709 ἔχοντες,
619 2625 659 2690 ἕν
668 2649 700 2690 τι
710 2619 1075 2709 τούτωνὸρισαμένους
1085 2625 1141 2693 καί
1150 2622 1273 2692 κοινὸν

308 2720 345 2789 τδ
369 2727 500 2790 δίκαιον
519 2722 782 2810 ποιησαμένους,
806 2722 895 2790 οὕτω
910 2724 1169 2811 συγγράφεσθαι
1191 2726 1302 2810 περίῐ)

242 2842 292 2898 178
308 2819 430 2890 αύτοῑν.
454 2831 521 2890 νῦν
535 2821 571 2890 δέ
586 2829 626 2912 τῇ
638 2821 701 2909 μέν
715 2819 858 2912 ἡμετέρᾳ
871 2823 967 2891 πόλει
982 2827 1037 2892 καὶ
1051 2832 1091 2914 τῇ
1101 2828 1272 2893 Αακεδαιρ

309 2929 438 3008 μουίωυ
457 2919 618 3009 οὐδεμίαν
633 2919 733 3007 τιμήν
749 2919 942 3008 άπένειμαν,
963 2920 1025 2989 τὸν
1042 2925 1079 2990 δὲ
1093 2922 1273 3011 βάρβαρον

309 3016 440 3105 ἁπάσης
454 3027 513 3106 τῆς
523 3016 631 3099 Ἀσίας
646 3019 813 3106 δεσπότην
827 3023 1043 3107 κατέστησαν,
1061 3019 1272 3106 άσπερύπὲρ

309 3123 442 3186 έκείνον
450 3119 715 3205 πολεμησάντων
725 3115 832 3205 ἡμῶν,
842 3115 864 3204 ή
875 3128 933 3206 τῆς
943 3121 1156 3205 μδνΠερσάν
1166 3118 1273 3208 ἀρχῆς

308 3217 410 3286 πάλαι
426 3224 688 3304 καθεστηκυίας,
704 3216 801 3304 ήμιου
816 3215 848 3285 δ’
864 3217 941 3304 άρτι
953 3216 1013 3297 τάς
1027 3219 1141 3298 πόλεις
1155 3246 1272 3288 κατοι-

308 3318 479 3402 κούντων,
502 3313 578 3385 άλλ’
601 3315 664 3385 ούκ
685 3320 825 3386 ἐκείνων
844 3317 907 3404 μὲν
927 3322 1046 3387 νεωστί
1063 3320 1191 3407 ταύτην
1207 3318 1273 3408 τήν

307 3416 407 3503 τιμήν
428 3417 589 3503 έχάντων,
614 3413 710 3504 ήμεόν
726 3420 763 3485 δὲ
779 3414 840 3486 τὸν
854 3414 986 3486 ἅπαντα
1002 3419 1129 3504 χρόνον
1145 3421 1184 3486 έν
1200 3431 1300 3497 τοίςο

243 3535 290 3592 179
298 3514 434 3602 Ἕλλησι
446 3517 734 3586 δυναστευόντων.
758 3517 852 3604 (μή.)
867 3514 968 3605 Οἰμαι
978 3514 1009 3583 δ’
1019 3519 1155 3596 έκείνως
1165 3515 1272 3585 εἰπάν

307 3621 436 3696 μᾶλλον
451 3616 615 3698 δηλώσειν
629 3615 692 3700 τήν
705 3641 742 3683 τε
754 3618 830 3700 περὶ
844 3613 931 3700 ήμάς
942 3612 1078 3701 άτιμίαν
1087 3616 1271 3705 γεγενημέ-
