2859 4334
520 383 815 442 ΕΠΙΣΤΟΛΑΙ.
1083 379 1142 441 257

197 541 431 628 ἑχεινΙτοῦτον]
440 540 530 624 παρά
550 567 585 607 τε
599 549 661 607 τοῦ
674 539 786 625 γήρως
799 538 905 628 ήμῦν,
921 538 941 607 δ
955 547 1146 628 προσηκόν-

197 667 261 719 τως
276 636 319 706 άν
334 646 458 724 πολλής
474 641 633 725 τυγχάνοι
651 646 822 724 προνοίας,
840 641 895 707 καλ
909 647 966 726 τῆς
978 639 1074 728 δόξης
1091 651 1147 727 της

202 737 426 825 ὑπαρχούσης,
442 748 475 806 ελ
484 764 575 815 τινος
589 736 654 822 άρα
665 742 816 823 σπουδῆς
825 740 913 805 ἐστὶν
925 736 1009 822 άξία,
1024 742 1079 807 καλ
1090 747 1148 825 τής

200 833 334 915 εὐνοίας
348 843 406 921 τῆς
415 831 500 921 πρός
513 833 615 920 ὑμᾶς,
640 831 683 919 ἢν
697 841 782 920 ἔχων
797 834 928 904 ἅπαντα
949 834 1009 904 τόν
1023 838 1147 923 χρόνον

146 955 179 1007 13
199 935 413 1021 διατετέλεκα.
437 937 492 1001 καὶ
516 931 562 1020 μή
582 934 779 1023 θανμάσης,
801 930 872 1021 μήτ’
897 940 927 1003 εἰ
940 939 1148 1021 μακροτέραν

198 1039 352 1120 γέγραφα
371 1030 433 1119 τήν
450 1030 627 1119 ἐπιστολήν
641 1031 714 1118 μήτ’
732 1044 764 1101 ελ
775 1061 805 1101 τι
821 1034 1075 1120 περιεργότερον
1094 1039 1147 1104 καλ

199 1130 511 1217 πρεσβυτικάτερον
533 1132 711 1217 εἰρήκαμεν
736 1135 772 1198 ἐν
786 1130 885 1221 αὐτῇ·
919 1134 1055 1201 πάντων
1082 1131 1148 1220 γάρ

198 1237 265 1299 τῦν
281 1227 394 1298 ἄλλων
407 1227 575 1316 ἀμελήσας
589 1227 664 1308 ἑνός
678 1230 788 1315 μόνον
800 1232 992 1316 ἐφρόντισα,
1009 1239 1069 1300 τοῦ
1081 1257 1149 1317 φα-

200 1337 296 1415 νηναι
312 1329 511 1408 σπουδάζων
525 1327 611 1413 ὑπὲρ
625 1326 762 1414 ἀνδρῶν
773 1338 882 1413 φίλων
897 1332 951 1396 καὶ
967 1339 1149 1415 προσφιλε-

198 1429 329 1495 στάτωυ
343 1454 400 1514 μοι
418 1431 659 1514 γεγενημένων.

658 1630 683 1680 5.

440 1745 925 1815 ΑΛΕΞΑΝΔΡΩΙ.

278 1851 351 1938 (α’.)
378 1843 484 1934 Πρός
505 1852 566 1920 τόν
585 1855 710 1937 πατέρα
729 1877 792 1921 σου
808 1857 949 1940 γράφων
973 1859 1151 1940 ἐπιστολην
1167 1869 1217 1924 416

196 1949 324 2017 ἄτοπον
340 1948 435 2039 ᾤμην
448 1951 612 2038 ποιήσειν,
629 1958 659 2020 εἰ
669 1957 745 2037 περὶ
758 1951 819 2021 τόν
831 1951 936 2021 αῦτδν
950 1951 1031 2020 ὅντα
1042 1953 1079 2021 σὲ
1091 1953 1149 2021 τό-

196 2073 265 2116 πον
292 2052 406 2141 ἐκείνφ
431 2051 512 2135 μήτε
546 2057 699 2132 προσερῶ
731 2049 808 2136 μήτ’
841 2049 1031 2137 άσπάσομαι
1068 2052 1150 2139 μήτε

197 2149 318 2234 γράφω
332 2175 363 2214 τι
378 2155 550 2233 τοιοῦτον,
575 2146 595 2214 δ
617 2150 748 2235 ποιήσει
769 2147 848 2228 τοῦς
874 2147 1082 2235 άναγνόντας
1103 2150 1149 2238 μὴ

198 2251 344 2331 νομίζειν
358 2245 421 2332 ήδη
436 2273 477 2331 με
490 2262 722 2332 παραφρονεῖν
733 2245 787 2314 διά
801 2247 839 2314 τό
850 2255 953 2336 γήρας
968 2250 1051 2336 μηδὲ
1062 2274 1149 2319 παν-

197 2345 320 2410 τάπασι
330 2352 445 2430 ληρεῖν
466 2341 539 2413 άλλ’
560 2350 606 2411 ἔτι
617 2341 653 2412 τὸ
666 2349 965 2433 καταλελερμμένον
975 2373 1042 2433 μου
1052 2348 1151 2433 μέρος

199 2446 253 2509 καλ
271 2440 390 2509 λοιπόν
412 2438 454 2509 ὄν
478 2440 540 2510 οῦκ
555 2441 694 2530 άνάξιον
719 2443 802 2512 εἶναι
825 2455 880 2530 τής
899 2446 1090 2533 δυνάμεως,
1108 2444 1151 2532 ἣν

198 2547 297 2627 ἔσχον
311 2541 472 2624 νεώτερος
488 2541 545 2608 όν.

171 2659 189 2710 2
285 2640 355 2726 (β’.)
374 2636 501 2707 Ἀκοῦω
517 2641 556 2707 δέ
569 2662 605 2707 σε
620 2641 758 2708 πάντων
769 2643 953 2728 λεγόντων,
967 2640 1011 2722 ῦς
1027 2642 1150 2728 φιλάν-

198 2748 337 2821 θρωπος
347 2734 439 2806 εἶκαὶ
451 2739 675 2825 φιλαθήναιος
686 2744 740 2807 καὶ
752 2739 948 2826 φιλόσοφος,
961 2737 1023 2809 οῦκ
1039 2738 1149 2825 άφρό-

202 2861 270 2913 νως
284 2832 367 2903 αλλά
382 2842 469 2902 νοῦν
481 2839 630 2922 ἐχόντως.
651 2845 719 2905 τῶν
735 2865 770 2905 τε
787 2835 852 2924 γάρ
866 2846 1012 2908 πολιτῶν
1026 2836 1149 2907 άποδὲ-

198 2941 320 3022 χεσθαί
331 2954 368 3001 σε
382 2941 450 3001 τῶν
471 2932 640 3021 ἡμετέρων
660 2934 703 3004 οῦ
715 2935 795 3016 τοῦς
818 2936 1021 3025 ήμεληκότας
1036 2935 1149 3004 αὑτων

199 3034 255 3101 καλ
285 3039 445 3117 πονηράν
477 3033 682 3120 πραγμάτων
709 3036 974 3121 ἐπιθυμοῦντας,
1000 3032 1073 3104 ἄλλ’
1100 3030 1150 3113 οἷς

198 3135 446 3217 συνδιατρίβων
457 3127 481 3198 τ’
495 3128 557 3198 οῦκ
569 3128 613 3199 άν
626 3141 822 3220 λυπηθείης,
834 3134 1037 3220 συμβάλλων
1049 3161 1083 3202 τε
1095 3135 1150 3200 καλ
1166 3148 1214 3203 412

198 3237 375 3299 κοινωνῶν
385 3232 590 3317 πραγμάτων
601 3229 702 3300 οῦδὲν
713 3228 757 3299 άν
767 3239 923 3320 βλαβείης
938 3229 1013 3300 οὐδ’
1029 3231 1148 3318 άδικη-

197 3337 305 3416 θείης,
323 3332 406 3408 οἵοις
421 3354 483 3414 περ
496 3329 558 3417 χρή
574 3333 767 3419 πλησιάζειν
778 3328 857 3410 τοῦς
869 3324 908 3399 εῦ
920 3338 1147 3418 φρονοῦντας·

170 3439 268 3498 3το5ν
284 3456 318 3497 τε
335 3438 547 3516 φιλοσοφιῶν
562 3429 625 3498 οῦκ
639 3429 896 3517 ἀποδοκιμάζειν
916 3432 978 3517 μὲν
992 3428 1071 3499 οῦδὲ
1086 3429 1148 3517 τήν

198 3531 274 3615 περὶ
289 3526 347 3606 τάς
364 3532 475 3612 ἔριδας
492 3525 575 3597 άλλά
594 3535 740 3614 νομίζειν
761 3528 845 3598 εἶναι
859 3527 1097 3615 πλεονεκτικήν
1111 3533 1148 3597 ἐν

197 3642 268 3706 ταῖς
279 3632 377 3704 ἰδίαις
390 3631 584 3714 διατριβαῖς,
601 3625 642 3694 οῦ
652 3626 722 3714 μήν
732 3626 909 3713 ἁρμόττειν
922 3623 998 3695 οῦτε
1011 3642 1077 3706 τοῖς
1088 3637 1149 3694 τοῦ

283 3737 437 3776 ιοοοολτεε.
453 3722 473 3774 ΙΙ
854 3774 860 3786 ,
982 3727 1011 3781 17
