2859 4334
205 370 215 375 ·
308 367 371 431 204
589 371 907 429 τεοιιοκνονε
938 375 1004 449 (ιι)

309 537 426 611 λοντος
438 531 601 618 ποιήσειν,
617 530 639 598 δι’
654 534 778 609 ἐκεῖνος
789 532 967 617 δικάσειεν,
986 531 1076 599 οὕτω
1087 533 1124 599 δὲ
1136 529 1257 616 σφόδρ’

310 631 460 718 ἐνόμιζεν
473 630 667 701 ἀδικεῖσθαί
677 658 734 717 με,
758 630 842 699 ὥστε
857 634 1063 717 συγκαλέσας
1082 628 1163 709 τούς
1176 656 1259 697 ναν-

310 731 454 817 κλήρους
466 728 563 799 ἐδείτ’
580 728 692 798 αὐτῶν
711 738 853 819 βοηθελν
874 733 942 816 ἐμοὶ
965 731 1020 797 καλ
1034 728 1079 816 μή
1097 736 1259 812 περιορᾶν

310 827 546 916 ἀδικούμενον,
563 832 617 898 καὶ
632 826 715 915 πρὸς
730 828 792 915 τήν
809 830 909 897 πόλιν
919 828 1118 915 συγγράψας
1129 833 1258 897 ἐπιστο-

310 927 373 1016 λήν
400 935 502 998 ἔδωκε
520 936 635 1016 φέρειν
650 934 815 1021 Ξενοτίμφ
838 937 885 1020 τῷ
910 937 1091 1012 Καρκίνον.
1123 937 1183 997 καί
1204 956 1260 1016 μοι

309 1026 486 1115 άνάμνωθι
501 1026 621 1107 αὐτοῖς.

661 1134 907 1199 ΕΠΙΣΤΟΛΗ.

259 1239 292 1295 οδ
398 1228 482 1312 (κζ.)
502 1226 605 1296 Οὕτω
619 1236 747 1310 τοίνυν,
766 1220 793 1293 ιδ
809 1225 931 1312 ἄνδρες
947 1230 1108 1311 δικασταί,
1125 1234 1260 1295 πολλῶν

311 1354 366 1413 μοι
384 1333 453 1393 τῶν
467 1331 606 1393 δικαίων
620 1324 856 1411 ὑπαρχόντων,
882 1324 981 1393 ἐκεῖν’
1002 1322 1149 1412 ἡγοῦμαι
1167 1331 1260 1413 μέγι-

310 1445 391 1493 στον
407 1423 490 1493 εἶναι
504 1426 700 1512 τεκμήριον,
728 1423 771 1503 ὡς
787 1423 967 1508 ἀποστερεῖ
980 1453 1020 1512 με
1038 1434 1179 1494 Πασίων
1195 1435 1260 1495 τῶν

310 1528 495 1613 χρημάτων,
514 1525 565 1594 ότι
579 1524 639 1593 τὸν
650 1521 739 1594 παλδ’
761 1523 823 1593 ούκ
839 1524 982 1612 ήθέλησε
997 1533 1192 1612 βασανίζειν
1204 1531 1259 1594 ἐκ·
1350 1551 1351 1586 1

311 1630 429 1693 δοῦναι
444 1625 504 1693 τόν
518 1624 693 1693 συνειδότα
709 1628 784 1708 περὶ
800 1632 857 1710 τῆς
872 1626 1162 1712 παρακαταθήκης.
1189 1634 1258 1693 καί-
1350 1645 1351 1710 λ

308 1753 359 1794 τοι
370 1729 524 1812 περὶτῶν
535 1723 618 1807 πρὸς
629 1724 707 1804 τούς
719 1728 770 1793 ἐπὶ
781 1740 851 1802 ταῖς
862 1728 1034 1808 τραπέζαις
1046 1732 1261 1812 συμβολαίων
1350 1745 1351 1820 ᾗ

308 1832 356 1903 τίς
373 1820 417 1891 ἂν
433 1831 564 1910 ἔλεγχος
583 1823 795 1911 ἰσχυρότερος
815 1824 938 1891 τούτου
954 1826 1104 1907 γίνοιτο;
1133 1820 1175 1891 ού
1197 1821 1260 1909 γὰρ
1350 1835 1352 1948 y

262 1926 295 1979 ⁵4
310 1921 350 2010 δή
366 1922 537 2011 μάρτυράς
552 1921 586 2010 γ’
606 1921 719 1990 αύτιόν
734 1922 933 2007 ποιούμεθα.
964 1918 1033 2003 ὁρῶ
1049 1922 1085 1989 δὲ
1103 1924 1158 1989 καὶ
1175 1920 1261 2007 ὑμᾶς
1350 1951 1352 2004 ι

309 2025 362 2090 καί
377 2027 534 2107 περὶτῶν
548 2028 642 2093 ίδίων
657 2025 797 2107 καὶπερὶ
812 2029 878 2090 τῶν
893 2026 1063 2107 δημοσίων
1086 2017 1189 2087 οὐδὲν
1204 2046 1254 2087 πι-
1274 2026 1289 2080 d
1350 2011 1352 2144 y

309 2124 466 2206 στότερον
481 2120 556 2190 οὐδ’
573 2120 799 2209 ἀληθέστερον
813 2120 966 2208 βασάνου
983 2126 1190 2205 νομιζοντας,
1206 2122 1263 2187 καί
1350 2155 1351 2190 ι

309 2224 481 2308 μάρτυρας
497 2217 953 2311 μὲνμήμενομίνονςοῖόντ’
968 2218 1053 2287 εἶναι
1068 2220 1205 2286 καὶτῶν
1220 2219 1263 2304 μὴ

312 2319 1185 2408 πεπραγμένωνπαρασκευάσασθαι,τὰςδὲβασοὶνονς
1198 2346 1261 2403 φα·
1350 2365 1351 2384 ι

311 2425 415 2504 νερῶς
437 2421 682 2504 ἐπιδεικνύναι,
711 2416 866 2503 ὁπότεροι
892 2415 1022 2503 τάληθή
1047 2426 1215 2503 λέγουσιν.
1244 2417 1265 2484 ίί

311 2509 407 2595 οὗτος
423 2516 518 2595 είδιός
532 2514 709 2604 ἠβουλήθη
725 2518 867 2597 εἰκάζειν
882 2514 969 2604 ὑμᾶς
984 2519 1059 2602 περὶ
1076 2526 1138 2584 τού
1155 2519 1264 2604 πράμ-

312 2642 412 2701 ματος
427 2624 555 2701 μᾶλλον
574 2610 727 2702 ήσαφῶς
743 2619 874 2684 εἰδέναι.
905 2613 946 2682 ού
964 2614 1028 2702 γάρ
1050 2614 1090 2702 δή
1112 2617 1214 2683 τοῦτό
1230 2614 1261 2703 μ’

310 2708 355 2779 άν
370 2720 474 2781 εἰπεῖν
489 2720 567 2800 ἔχοι,
586 2712 630 2794 ὡς
644 2721 780 2783 ἔλαττον
796 2720 932 2799 ἔμελλεν
950 2717 1036 2794 ἕξειν
1052 2718 1088 2781 ἐν
1102 2724 1143 2803 τή
1157 2716 1264 2801 βασά·

275 2825 369 2901 θθνφ,
385 2814 439 2879 καί
457 2812 511 2880 διὰ
527 2812 620 2881 τοῦτ’
631 2812 700 2881 ὀύκ
712 2813 801 2892 είκός
813 2807 857 2900 ήν
868 2812 975 2882 αὐτόν
989 2820 1154 2883 ἐκδοῦναι.
1174 2817 1264 2883 πάν-

310 2936 361 2989 τες
375 2909 440 2996 γὰρ
456 2911 629 2981 ἐπίστασθ’
646 2912 697 2981 ὅτι
711 2911 879 2981 κατειπών
898 2915 959 3000 μὲν
973 2915 1093 3000 ήμελλε
1114 2912 1176 2982 τὸν
1192 2917 1290 2983 ἐπί-ε

310 3006 429 3079 λοιπον
443 3012 568 3097 χρόνον
584 3010 649 3080 ὑπὸ
672 3013 796 3082 τούτου
817 3012 947 3082 κάκιστ’
964 3012 1159 3102 ἀνθρώπων
1175 3012 1263 3082 άπο-

309 3118 453 3197 λείσθαι,
469 3113 730 3200 διακαρτερήσας
745 3115 780 3181 δὲ
795 3118 849 3181 καὶ
865 3116 1044 3198 ἐλεύθερος
1055 3120 1195 3183 ἔσεσθαι
1208 3116 1264 3182 καί

309 3212 474 3296 μεθέξειν,
490 3203 539 3279 τόν
553 3203 651 3292 ούτύς
682 3213 719 3299 μ’
738 3211 970 3301 άπεστέρησεν.
1000 3212 1075 3282 ἀλλ’
1093 3212 1184 3299 ὅμως
1206 3240 1264 3281 το-

308 3307 418 3398 σούτῳ
443 3313 573 3395 μέλλων
596 3314 698 3378 πλέον
720 3314 822 3395 ἕξειν,
850 3310 1014 3390 συνειδώς
1034 3310 1124 3403 αύτῷ
1146 3311 1187 3379 τά
1203 3339 1263 3379 πε-
1279 3325 1318 3382 370

310 3412 494 3493 πραγμένα,
510 3406 668 3496 ὑπέμεινε
684 3413 739 3479 καί
754 3416 847 3489 δίκας
863 3412 1002 3498 φεύγειν
1017 3416 1067 3478 καὶ
1085 3409 1144 3490 τάς
1159 3411 1263 3491 ἄλλας

308 3500 412 3583 αίτίας
428 3514 525 3591 ἔχειν,
544 3507 626 3575 ὥστε
640 3514 805 3595 μηδεμίαν
818 3511 970 3597 βάσανον
985 3512 1061 3594 περὶ
1077 3516 1139 3576 τοῦ
1152 3512 1261 3595 πράγ-

306 3626 409 3686 ματος
422 3606 544 3674 τούτου
558 3612 727 3691 γενέσθαι.
