2859 4334
257 410 319 477 180
544 416 938 491 ιεοκεκνουεμι)

256 590 448 671 ἐλπίζοντας
477 592 617 656 ἔλαττον
643 588 732 667 ἕξειν
754 592 825 655 τῶν
848 592 1028 675 πονηρῶν,
1057 584 1135 655 ἀλλ’
1160 585 1226 674 ούχ

253 687 469 777 ἡγουμένους
498 688 556 757 καὶ
587 686 678 775 παρά
705 697 802 768 θεοῖς
832 688 890 756 καὶ
920 686 1000 775 παρ’
1026 686 1226 776 ἀνθρώποις

256 790 360 859 πλέον
377 798 530 859 οἴσεσθαι
550 790 621 857 τόν
637 787 761 858 ἄλλων.
797 788 863 875 ἐγώ
880 789 944 877 μὲν
961 788 1029 876 γάρ
1045 790 1226 877 πέπεισμαι
1250 808 1302 853 ιεε

253 890 397 972 τούτους
412 889 541 979 μόνους
559 878 608 959 όν
625 895 681 959 δεῖ
695 898 928 977 πλεονεκτεῖν,
944 890 1028 971 τούς
1043 889 1078 960 δ’
1096 889 1225 972 ἄλλους

205 1014 238 1063 84
256 984 306 1061 ύν
331 985 374 1061 ού
391 990 524 1079 βέλτιόν
548 993 646 1061 ἐστιν.
682 984 753 1079 δρῶ
776 990 844 1079 γάρ
868 991 950 1073 τούς
971 991 1036 1080 μὲν
1058 988 1122 1079 τὴν
1145 987 1223 1059 άδι-

254 1098 333 1162 κίαν
350 1094 579 1181 προτιμῶντας
600 1093 717 1162 καὶτὸ
742 1099 859 1179 λαβεῖν
884 1098 1009 1161 τιτῶν
1033 1091 1224 1181 ἀλλοτρίων

254 1195 410 1283 μέγιστον
433 1192 567 1281 άγαθὸν
590 1200 785 1282 νομίζοντας
809 1192 909 1281 όμοια
932 1194 1126 1280 πάσχοντας
1148 1210 1224 1275 τοῖς

255 1296 500 1383 δελεαζομένοις
522 1298 591 1364 τῶν
614 1293 727 1382 ξύων,
750 1296 808 1363 καὶ
831 1293 907 1363 κατ’
926 1289 1035 1382 άρχάς
1051 1294 1115 1383 μὲν
1132 1290 1223 1364 άπο-

255 1396 422 1478 λαύοντας
440 1388 488 1466 ὦν
506 1393 550 1465 άν
568 1396 735 1482 λάβωσιν,
753 1393 860 1487 όλίγςο
877 1392 911 1464 δ’
930 1393 1076 1484 ὕστερον
1094 1399 1132 1465 ἐν
1147 1411 1222 1475 τοῖς

254 1506 423 1588 μεγίστοις
446 1512 563 1577 κακοῖς
586 1494 703 1584 ὄντας,
727 1497 809 1577 τούς
826 1497 865 1566 δὲ
881 1492 953 1584 μετ’
970 1494 1146 1590 εὐσεβείας
1162 1499 1223 1565 καλ

255 1600 470 1685 δικαιοσύνης
481 1603 607 1681 ζῶντας
620 1602 659 1667 ἕν
672 1625 708 1667 τε
720 1612 791 1677 τοῖς
800 1602 947 1685 παροῦσι
959 1598 1093 1686 χρόνοις
1105 1594 1221 1686 άσφα-
1240 1612 1260 1659 b
1273 1588 1281 1594 ⁸

256 1706 324 1783 λύς
337 1698 516 1787 διάγοντας
528 1701 587 1767 καὶ
596 1700 746 1787 περὶτοῦ
760 1698 954 1784 σύμπαντος
968 1704 1093 1779 αἰῶνος
1102 1697 1223 1787 ἡδίους

205 1824 237 1873 8⁵
254 1804 316 1883 τὰς
326 1804 463 1881 ἐλπίδας
473 1806 620 1887 ἔχοντας.
639 1799 845 1869 καὶταύτέί
856 1798 997 1887 μὴκατὰ
1007 1800 1147 1869 πάντων
1158 1798 1223 1869 ού-

254 1929 320 1983 τως
337 1912 483 1973 εἰθισται
499 1907 711 1989 συμβαίνειν,
729 1898 815 1969 άλλὰ
832 1899 872 1968 τό
885 1898 922 1987 γ’
938 1898 985 1981 (ὃς
1003 1902 1059 1969 ἐπὶ
1076 1899 1114 1970 τδ
1131 1902 1221 1970 πολύ

255 2008 377 2074 τούτου
386 2010 537 2091 γίγνεται
548 2002 609 2072 τόν
620 2002 758 2088 τρόπον.
777 2001 841 2090 χρὴ
850 2001 889 2071 δὲ
901 2002 984 2082 τούς
997 1994 1038 2070 εύ
1047 2008 1223 2090 φρονούν-

254 2133 331 2193 τας,
356 2103 469 2192 ἐπειδὴ
486 2104 524 2172 τδ
542 2107 666 2192 μέλλον
684 2102 737 2173 άεὶ
756 2110 928 2173 συνοίσειν
945 2100 987 2172 ού
1005 2108 1224 2193 καθορῶμεν,

254 2204 293 2275 τό
311 2204 472 2285 πολλάκις
486 2204 657 2292 ύφελούν,
677 2210 778 2273 τούτο
792 2212 978 2291 φαίνεσθαι
990 2206 1221 2294 προαιρουμέ-

255 2334 347 2389 νους.
371 2302 510 2375 πάντων
523 2304 555 2374 δ’
572 2302 790 2392 άλογύτατον
804 2305 1030 2393 πεπόνθασιν,
1049 2305 1122 2375 ὅσοι
1134 2305 1222 2374 πάλ-

256 2418 330 2477 λιον
338 2406 401 2496 μὲν
416 2407 617 2495 ἐπιτήδευμα
630 2413 824 2495 νομίζουσιν
836 2405 924 2476 εἶναι
936 2410 995 2476 καὶ
1003 2409 1223 2494 θεοφιλέστε-

256 2538 318 2601 ρον
334 2507 397 2598 τήν
416 2508 633 2597 δικαιοσύνην
651 2511 711 2596 τῆς
729 2505 880 2596 άδικίας,
907 2523 1022 2596 χεῖρον
1039 2506 1072 2577 δ’
1093 2517 1223 2576 οἴονται
1242 2539 1260 2572 e

254 2612 441 2700 βιάσεσθαι
456 2605 538 2690 τούς
555 2608 663 2699 ταύτῃ
677 2610 874 2697 χρωμένους
891 2611 961 2677 τῶν
973 2607 1037 2697 τὴν
1050 2614 1220 2697 πονηρίαν

256 2712 511 2801 προῃρημένων.
757 2782 761 2791 ,

207 2832 238 2883 36
333 2807 417 2906 (ιγ’.)
438 2811 654 2902 Ἠβουλόμην
673 2810 707 2879 δ’
728 2807 790 2898 άν,
810 2809 921 2899 ὥσπερ
940 2810 1114 2900 προσῆκόν
1132 2812 1223 2879 ἐστιν

257 2917 470 2983 ἐπαινεῖσθαι
481 2911 544 3001 τὴν
558 2912 695 3001 άρετήν,
713 2911 804 2981 ούτω
817 2912 996 3001 πρόχειρον
1010 2910 1098 2981 εἶναι
1110 2926 1223 2981 πεῖσαι

256 3014 339 3095 τούς
356 3012 545 3094 άκούοντας
570 3011 689 3084 άσκεῖν
707 3010 833 3099 αύτήν·
858 3016 927 3082 νῦν
944 3012 984 3082 δὲ
1000 3014 1153 3101 δέδοικα,
1176 3008 1223 3101 μὴ

257 3116 366 3288 μξιτρν
380 3115 421 3185 τὰ
438 3120 575 3185 τοιαῦτα
589 3116 749 3204 λέγωμεν.
781 3112 1018 3202 διεφθάρμεθα
1030 3112 1098 3202 γάρ
1111 3114 1224 3184 πολύν

258 3218 279 3308 ἥ
301 3246 322 3309 η
339 3216 466 3305 χρόνον
482 3214 544 3285 ὑπ’
566 3214 762 3304 άνθρύπων
779 3210 884 3285 ούδὲν
901 3213 978 3284 ἄλλ’
993 3210 1015 3304 ἢ
1032 3221 1223 3303 φενακιξειν

258 3320 471 3409 δυναμένων,
486 3325 523 3389 οἳ
532 3320 700 3388 τοσούτου
714 3318 775 3386 τού
790 3315 946 3403 πλήθους
958 3315 1219 3407 καταπεφρονὴ-
1240 3330 1258 3378 d

258 3443 373 3506 κασιν,
393 3416 479 3490 ὥσθ’
500 3414 629 3490 δπόταν
646 3424 844 3507 βουληθῶσι
860 3413 1010 3505 πόλεμον
1026 3417 1113 3505 πρός
1128 3443 1223 3498 τινας

259 3522 463 3609 ἐξενεγκεῖν,
482 3518 582 3591 αύτοὶ
600 3519 752 3608 χρήματα
770 3518 1000 3607 λαμβάνοντες
1017 3521 1127 3606 λέγειν
1144 3527 1218 3586 τολ-

258 3628 379 3710 μῶσιν,
398 3620 445 3703 ύς
459 3621 521 3710 χρὴ
534 3620 615 3702 τούς
629 3619 821 3709 προγόνους
834 3630 1020 3709 μιμεῖσθαι,
1033 3620 1147 3708 καὶμὴ
1161 3644 1221 3689 πτ-

260 3728 377 3811 ριορᾶν
394 3721 481 3809 ἡμᾶς
499 3720 628 3802 αύτούς
646 3722 955 3809 καταγελωμὲνους,
972 3720 1059 3809 μηδὲ
1075 3720 1138 3808 τὴν
1153 3720 1224 3791 θύ·
