2859 4334
421 410 839 469 ΠΑΝΑΘΗΝΑΙΚΟΣ.
1065 404 1106 471 73

158 578 223 638 τῶν
237 584 304 649 τοῖς
321 571 502 656 προγόνοις
518 583 587 647 τοίς
599 582 671 647 σοῖς
684 570 897 650 προσόντων·
918 572 979 655 τήν
994 596 1030 638 τε
1043 570 1134 655 χᾶρς

157 668 343 752 ὑπερουίαν
356 670 558 753 σεμνότητος
568 672 732 753 μετέχειν,
751 666 930 754 εὐδοκίμου
951 670 1103 755 πράγμα-

155 796 227 852 τος,
254 773 307 835 καὶ
347 774 461 839 δοκεῖν
492 769 594 839 ἅπασι
632 773 1001 854 μεγαλοφρονεστέρους
1023 770 1106 838 εἰναι

155 867 234 947 τούς
246 869 420 947 τοιούτους
434 864 455 954 ἦ
469 867 548 945 τούς
559 875 616 953 τῆς
627 867 777 954 ἰσότητος
788 876 1012 953 προεστῶτας,
1028 870 1108 949 τούς

155 995 191 1035 τε
207 966 409 1053 πολεμικοδς
427 966 515 1036 πολὺ
538 970 712 1053 διαφέρειν
729 974 797 1035 τῶν
813 974 1007 1053 εἰρηνικῶν·
1029 967 1108 1047 τοὺς

155 1072 217 1153 μὲν
231 1066 295 1152 γάρ
308 1067 385 1135 οὔτε
396 1066 571 1154 κτητικούς
582 1066 666 1135 εἶναι
677 1074 745 1133 τῶν
757 1065 818 1134 οὐκ
831 1067 939 1135 ὄντων
950 1066 1027 1135 οὔτε
1039 1070 1108 1152 φύ·

156 1178 257 1245 λακας
275 1166 409 1245 δεινούς
428 1178 496 1235 τῶν
515 1166 753 1252 ὑπαρχόντων,
781 1166 861 1246 τούς
882 1166 913 1235 δ’
936 1165 1107 1254 ἀμφότερα

155 1267 341 1349 δύνασθαι,
354 1264 409 1332 καί
422 1264 604 1350 λαμβάνειν
630 1259 679 1331 ῶν
693 1263 738 1334 άν
752 1271 958 1351 ἐπιθυμῶσι,
972 1271 1026 1335 καὶ
1041 1268 1109 1361 σχό-

155 1372 223 1447 ζειν
249 1364 334 1449 άπερ
347 1363 390 1430 ἂν
402 1366 488 1445 ἅπαξ
500 1367 722 1450 κατάσχωσιν·
739 1362 761 1430 διΙ
774 1372 932 1432 ποιοῦσιν
947 1370 980 1432 οί
989 1367 1137 1435 τίλειοιδ

100 1483 136 1534 43
154 1471 334 1543 δοκοῦντες
357 1463 440 1532 εἰναι
458 1472 526 1531 τῶν
541 1462 685 1547 ἀνδρῶν.
709 1461 793 1530 άλλά
812 1462 879 1549 μὴν
895 1466 947 1530 καί
964 1464 1109 1549 περὶτῆς
1143 1500 1145 1505 ·

154 1568 347 1643 πλεονεξίας
362 1571 517 1642 καλλίους
539 1570 625 1648 ἔχειν
646 1572 773 1629 οἰονται
794 1562 915 1645 λόγους
936 1568 1003 1627 τῶν
1019 1567 1110 1647 εἰρη-

154 1666 282 1749 μένων·
309 1661 388 1741 τούς
408 1664 470 1748 μὲν
490 1662 554 1749 γάρ
575 1662 842 1745 ἀποστεροῦντας
861 1660 900 1728 τά
922 1662 1110 1747 συμβόλαια

156 1764 212 1828 καὶ
227 1757 305 1838 τούς
320 1765 638 1845 παρακρουομένους
649 1764 702 1826 καὶ
715 1763 1038 1844 παραλογιζομένους
1049 1759 1110 1845 οὐχ

154 1861 317 1947 ἡγοῦνται
340 1864 475 1938 δικαίως
488 1868 663 1927 καλεῖσθαι
679 1856 951 1944 πλεονεκτικούς,
975 1857 1030 1926 διά
1045 1857 1110 1944 γάρ

154 1960 193 2027 τό
211 1958 365 2043 πονηράν
381 1967 466 2045 ἔχειν
481 1958 544 2045 τὴν
559 1960 660 2037 δόξαν
676 1962 713 2024 ἐν
734 1957 858 2025 ἅπασιν
878 1956 1000 2037 αὐτοὺς
1016 1961 1109 2026 ἐλατ-

153 2068 299 2126 τοῦσθαι
319 2071 387 2136 τοῖς
407 2058 594 2142 πράγμασι,
615 2056 673 2135 τάς
688 2059 723 2125 δὲ
738 2065 959 2141 Σπαρτιατῶν
973 2068 1110 2126 πλεονε-

154 2164 226 2238 ξίας
240 2160 294 2223 καὶ
309 2154 367 2235 τάς
381 2166 448 2223 τῶν
463 2161 627 2243 βασιλέων
642 2162 694 2224 καὶ.
711 2157 769 2236 τάς
780 2165 848 2224 τῶν
862 2157 1041 2241 τυράννων
1054 2155 1110 2225 εό-
1124 2186 1140 2221 ο

100 2276 133 2327 ε4
155 2254 310 2338 κτᾶςμδν
328 2252 428 2328 εἶναι,
451 2257 505 2323 καί
522 2257 648 2333 πάντας
666 2251 778 2321 αὐτῶν
791 2259 979 2341 ἐπιθυμεῖν,
992 2254 1034 2323 οὐ
1045 2256 1112 2341 μὴν

155 2350 242 2420 άλλά
252 2356 479 2436 λοιδορεῖσθαι
489 2357 543 2420 καὶ
553 2360 761 2435 καταρᾶσθαι
773 2352 905 2432 τοῑςτάς
914 2355 1113 2439 τηλικαύτας

156 2459 271 2536 ε”χουσι
286 2456 496 2528 δυναστείας·
519 2450 640 2519 οὐδένα
655 2454 691 2519 δὲ
705 2460 861 2518 τοιοῦτον
873 2451 956 2519 εἶναι
969 2452 1031 2538 την
1043 2453 1111 2538 φό-

155 2573 225 2635 σιν,
242 2550 333 2644 ὅστις
347 2549 409 2618 οὐκ
424 2547 468 2618 άν
484 2550 613 2630 εὔξαιτο
629 2566 697 2629 τοῖς
711 2561 805 2629 θεοῖς
818 2552 959 2636 μάλιστα
974 2556 1036 2637 μὲν
1050 2549 1113 2617 aff·

154 2651 215 2729 τὸς
225 2665 337 2735 τυχεῖν
347 2658 406 2736 τῆς
419 2654 569 2730 ἐξουσίας
582 2650 718 2735 ταύτης,
736 2656 766 2717 εἰ
778 2651 815 2718 δὲ
826 2648 887 2736 μὴ,
903 2650 982 2729 τούς
994 2658 1115 2719 οἰκειο-
1130 2668 1180 2721 28⁴

153 2752 294 2828 τάτους·
318 2744 345 2840 ᾦ
361 2752 413 2818 καὶ
428 2752 579 2836 φανερόν
594 2753 693 2833 ἐστιν,
709 2747 760 2814 ὅτι
777 2752 933 2834 μέγιστον
948 2759 1015 2817 τῶν
1030 2749 1114 2836 άγα-

154 2857 236 2915 θῶν
243 2848 388 2926 άπαντες
395 2848 477 2915 εἶναι
485 2856 661 2935 νομίζομεν
668 2845 705 2914 τό
714 2851 816 2915 πλέον
823 2855 910 2934 ἔχειν
918 2857 984 2916 τῶν
991 2849 1112 2918 ἄλλων.

155 2945 221 3031 τὴν
235 2947 298 3032 μὲν
312 2940 376 3013 οὖν
390 2945 573 3032 περιβολὴν
587 2953 647 3012 τοῦ
661 2946 765 3030 λόγου
781 2951 889 3027 δοκεῖς
902 2976 958 3034 μοι
973 2950 1113 3035 ποιησα-

101 3070 126 3118 5
152 3058 242 3114 σθαι
250 3044 330 3131 μετά
338 3048 656 3132 τοιαύτηςδιανοίας,
677 3048 810 3138 (ᾖξ’.)Εἰ
816 3050 877 3132 μὲν
890 3042 1115 3134 οὖνὴχοόμην

157 3149 349 3236 άφίξεσθαί
361 3169 397 3215 σε
412 3156 480 3216 τῶν
496 3150 680 3232 εἰρημένων
694 3150 749 3214 καί
764 3154 982 3228 παραλείψειν
998 3147 1115 3215 άνεπι-

154 3259 298 3336 τίμητον
313 3247 491 3334 τὸνλόγον
512 3257 648 3320 τοῦτον,
674 3247 737 3314 οὐδ
742 3245 749 3270 ’
766 3242 810 3313 άν
826 3244 926 3325 αὐτὸς
942 3253 987 3315 ἔτι
1006 3251 1116 3332 λέγειν

156 3352 370 3433 ἐπεχείρουν·
392 3355 457 3414 νῦν
472 3345 504 3413 δ’
517 3338 567 3413 ότι
580 3348 642 3430 μὲν
654 3344 716 3411 οὐκ
729 3342 963 3430 ἀπεφηνάμην,
980 3348 1053 3426 περὶ
1066 3338 1142 3422 ῶνη

158 3440 382 3526 παρεκλήθην
389 3437 596 3523 σύμβουλος,
605 3434 710 3503 οὐδὲν
719 3434 815 3521 οἶμαί
821 3439 1042 3523 σοιμελήσειν,
1050 3439 1113 3507 ού-

160 3546 201 3612 δὲ
216 3542 283 3628 γάρ
296 3541 351 3609 ὅτε
358 3544 504 3625 συνῆχας
517 3536 617 3623 ἡμᾶς,
632 3537 760 3615 ἐδόκεις
768 3564 823 3623 μοι
831 3539 1028 3621 σπουδάζειν
1037 3542 1113 3627 περὶ

100 3666 138 3712 ,6
160 3644 292 3722 αὐτῶν,
307 3640 356 3710 ὅτι
370 3642 407 3709 δὲ
422 3640 648 3722 προελομένου
663 3642 725 3705 σοι]
741 3650 919 3706 συνθεῖναι
934 3640 1036 3725 λόγον
1048 3671 1109 3727 μη-
