2859 4334
499 398 767 460 ommno&
1050 397 1109 460 109

154 570 226 630 λων
236 569 334 628 εῖτισι
343 556 451 640 δόξειε
462 561 539 644 περὶ
548 564 607 644 τῆς
617 565 788 644 στρατείας
798 565 856 647 τῆς
867 565 914 640 είς
923 557 986 647 τὴν
996 556 1109 628 Ἀσίαν

154 656 412 747 συμβουλεύειν,
427 657 480 726 έπλ
490 655 617 742 ταύτην
628 651 672 725 άν
683 659 852 726 ἐπιπεσεῖν
862 656 925 746 τὴν
935 658 1110 745 παράκλη-

154 779 227 845 σιν,
242 757 411 845 λέγοντας,
426 754 472 837 ὡς
482 754 558 826 ὅσοι
572 780 635 843 περ
648 758 865 844 ἐπεχείρησαν
876 756 961 846 πρὸς
974 755 1036 826 τόν
1046 764 1139 847 βαι-ο

153 859 247 926 σιλέα
259 864 432 943 πολεμεῖν,
443 853 547 924 ἅπασι
558 855 743 923 συνέπεσεν
754 857 788 936 έξ
799 853 931 937 ἀδόξων
941 857 1004 944 μέν
1014 857 1110 944 γενέ-

153 966 238 1024 σθαι
251 963 429 1041 λαμπροῖς,
452 957 490 1024 έκ
507 954 663 1040 πενήτων
677 956 714 1024 δὲ
729 961 920 1043 πλουσίοις,
943 957 980 1026 έν
994 980 1110 1026 ταπει-

130 1061 224 1122 ‚vav
239 1055 272 1122 δέ
285 1060 410 1141 πολλῆς
427 1054 538 1140 χώρας
552 1055 607 1123 καὶ
622 1053 757 1122 πόλεων
774 1052 959 1136 δεσπόταις.
994 1051 1059 1143 έγεό
1075 1052 1107 1124 δ’

149 1152 214 1222 ούκ
236 1154 271 1220 έκ
288 1159 358 1220 τῶν
377 1153 542 1222 τοιούτων
561 1156 671 1240 μέλλω
687 1174 727 1221 σε
747 1163 954 1243 παρακαλεῖν
973 1153 1049 1225 άλλ’
1073 1157 1110 1223 έιι

145 1259 218 1322 των
232 1248 428 1337 ἡταιρηκέναι
445 1251 633 1337 δοξάντων,
650 1254 738 1339 λέγω
755 1249 786 1320 δ’
804 1255 841 1322 έκ
855 1261 923 1322 των
938 1251 1020 1340 μετὰ
1036 1255 1109 1322 Κύ-

147 1377 213 1437 ρου
229 1351 282 1416 καλ
298 1349 475 1437 Κλεάρχου
496 1353 847 1438 συστρατευσαμένων.
882 1355 1032 1430 ἐκείνους
1043 1349 1109 1439 γὰρ

145 1447 358 1534 ὁμολογεῖται
372 1456 506 1536 νικῆσαι
520 1448 583 1536 μὲν
599 1451 808 1536 μαχομένους
822 1447 958 1519 άπασαν
971 1449 1033 1538 τὴν
1047 1456 1110 1537 βα-

144 1547 266 1624 σιλέως
279 1546 426 1634 δύναμιν
439 1555 621 1635 τοσούτου,
637 1546 720 1616 ὅσον
731 1572 795 1635 περ
810 1544 854 1617 άν
866 1555 896 1618 εί
907 1563 979 1629 ταῖς
989 1576 1139 1636 γυναι-ι

143 1650 198 1727 ξίν
215 1643 328 1712 αύτών
340 1650 548 1736 συνέβαλον,
563 1645 627 1734 ἤδη
640 1642 672 1714 δ’
685 1649 855 1734 ἐγκρατεῖς
867 1652 1052 1728 δοκοῦντας
1063 1645 1111 1715 εί-

141 1771 205 1812 ναι
219 1747 288 1809 τῶν
304 1745 511 1831 πραγμάτων
527 1743 582 1813 διά
597 1743 659 1832 τὴν
675 1745 796 1831 Κύρου
811 1748 1013 1832 προπέτειαν
1027 1743 1110 1814 άτν-

139 1852 264 1932 γῆσαι·
291 1851 453 1932 περιχαρῆ
468 1843 533 1933 γάρ
548 1841 654 1913 αύτόν
668 1843 750 1914 ὄντα
767 1847 822 1914 καί
839 1846 1006 1916 όιάκοντα
1021 1841 1110 1913 πολύ

139 1940 214 2028 πρὸ
228 1947 299 2009 τῶν
312 1941 439 2030 ἄλλων,
462 1947 500 2012 έν
514 1945 628 2031 μέσοις
646 1944 834 2030 γενόμενον
850 1958 920 2023 τοῖς
938 1950 1109 2031 πολεμίοις

137 2042 346 2112 άπωθανεῖν.
370 2040 446 2112 ἀλλ’
466 2041 557 2130 ὅμως
572 2043 772 2130 τηλικαύτης
786 2049 964 2130 συμφορᾶς
980 2063 1109 2129 συμπε-

137 2142 276 2228 σούσης
296 2139 386 2210 ούτω
409 2143 543 2231 σφόδρα
561 2142 817 2229 κατεφρόνησεν
837 2137 855 2211 ὁ
876 2139 1035 2232 βασιλεύς
1054 2148 1112 2229 τῆς

137 2243 223 2324 περί
232 2237 340 2310 αύτόν
349 2241 535 2329 δυνάμεως,
545 2241 629 2310 ὥστε
638 2240 931 2329 προκαλεσάμενος
938 2243 1112 2328 Κλέαρχον

136 2347 202 2413 καλ
214 2341 297 2422 τούς
312 2340 435 2423 ἄλλους
448 2340 617 2430 ἡγεμόνας
630 2348 676 2422 είς
690 2341 795 2429 λόγον
809 2345 940 2430 ἐλθεῖν,
962 2346 1016 2410 καῖ
1031 2340 1112 2409 τού-

137 2468 215 2522 τοις
224 2442 290 2529 μλν
297 2438 564 2528 ὑπισχνούμενος
572 2441 719 2529 μεγάλας
728 2438 997 2528 δωρεᾶςδόσειν,
1004 2454 1072 2518 τοῖς
1080 2435 1140 2507 δ’(ῖ

135 2542 264 2619 ἄλλοις
282 2541 497 2626 στρατιώταις
512 2543 627 2628 έντελῆ
641 2537 702 2608 τόν
720 2537 848 2626 μισθόν
862 2535 1011 2616 ἀποδούς
1025 2534 1110 2605 άπο-

135 2643 305 2726 πέμψειν,
315 2639 485 2717 τοιαύταις
496 2641 625 2708 ἐλπίσιν
633 2635 908 2725 ὑπαγαγόμενος,
920 2637 976 2704 καὶ
987 2641 1112 2714 πίστεις

133 2735 228 2817 δούς
243 2743 314 2805 τῶν
334 2739 404 2806 έκεῖ
415 2740 643 2825 νομιζομένων
663 2735 723 2815 τάς
737 2742 910 2823 μεγίστας,
933 2731 1112 2822 συλλαβών

130 2834 273 2916 αύτούς
288 2833 477 2925 άπέκτεινε,
492 2840 548 2907 καί
562 2844 692 2924 μᾶλλον
707 2839 814 2906 είλετο
827 2837 903 2922 περὶ
917 2831 997 2914 τούς
1007 2831 1112 2912 θεούς

130 2930 387 3024 έξαμαρτεῖνῆ
412 2949 481 3015 τοῖς
506 2937 722 3023 στρατιώταις
745 2930 853 3013 οὕτως
878 2933 1013 3021 ἐρήμοις
1033 2925 1111 3001 ούσι

129 3045 345 3125 συμβαλεῖν.
389 3036 482 3124 (λη’.)
505 3033 607 3105 Ὥστε
621 3042 671 3116 τίς
692 3029 737 3102 ἄν
756 3034 889 3121 γένοιτο
904 3031 1112 3120 παράκλησις

127 3138 271 3223 ταύτης
286 3141 434 3205 καλλίων
444 3137 499 3205 καλ
511 3137 706 3220 πιστοτέρας
729 3139 907 3220 φαίνονται
919 3128 984 3219 γὰρ
999 3127 1111 3198 κάκεῖ-

127 3264 194 3308 νοι
210 3235 444 3322 κρατήσαντες
457 3229 502 3303 ύν
518 3241 586 3302 τῶν
600 3234 762 3321 βασιλέως
777 3227 1002 3318 πραγμάτων,
1024 3232 1055 3296 εί
1066 3225 1140 3314 μὴν

128 3332 196 3406 διὰ
206 3342 343 3421 Κῦρον.
359 3336 413 3403 σοὶ
421 3337 458 3403 δὲ
467 3335 530 3422 τήν
537 3331 568 3402 τ’
578 3331 717 3420 άτυχίαν
727 3327 790 3418 τὴν
801 3330 875 3398 τότε
884 3328 1112 3416 γεγενημένην

127 3435 180 3505 ού
191 3433 588 3524 χαλεπόνφυλάξασθαι,
601 3438 663 3501 τοῦ
673 3456 708 3500 τε
719 3428 947 3516 στρατοπέδου
957 3431 1019 3495 τοῦ
1028 3451 1112 3514 κρα-

127 3536 314 3624 τήσαντος
328 3531 391 3621 τὴν
412 3534 543 3602 ἐκείνου
557 3532 704 3619 δύναμιν
721 3528 842 3620 ῥᾴδιον
856 3522 944 3596 πολύ
961 3539 1112 3616 κρεῖττον

127 3633 480 3721 παρασκευάσασθαι.
510 3637 618 3701 καίτοι
632 3632 765 3700 τούτων
786 3626 988 3716 άμφοτέρων
1000 3622 1110 3710 ύπαρ-
