2859 4334
428 426 739 487 ΑΡΧΙΔΑΜΟΣ
1001 423 1063 488 1³5

150 617 190 668 mg
210 596 239 658 εί
257 592 429 673 διεξιοίην,
451 582 511 666 ούς
524 584 724 672 ἐποιήσαντο
744 586 830 676 πρός
847 581 1064 676 Ἀμαζόναςή

150 697 239 778 ρήιιας
255 683 276 775 ἢ
290 690 586 772 Πελοποννησίους
605 683 686 766 τούς
705 683 778 773 μετ’
794 683 1003 775 Εύρυσθέως
1018 690 1064 764 είς

153 787 288 873 νχοόραν
299 782 412 852 αὐτῶν
424 783 649 872 είσβαλόντας,
661 792 741 864 ίσως
751 781 871 873 ύρχαεα
882 788 938 853 καί
945 782 1063 870 πόρρω

150 897 175 951 λυ
187 890 251 952 νῦν
265 881 443 970 παρόντων
457 885 569 969 λέγειν
586 876 630 948 όν
645 886 799 970 δοκοίην·
815 886 853 952 έν
864 882 901 951 δὲ
914 889 960 974 τῷ
971 889 1063 967 Περ-

150 990 187 1073 ιῷ
208 985 340 1071 πολέμῳ
356 988 405 1061 τίς
425 978 488 1048 ούκ
511 978 620 1066 οἶδεν,
650 983 683 1062 ἐξ
703 984 787 1049 οἴων
807 988 996 1069 συμφορῶν
1017 986 1062 1059 είς

150 1108 186 1168 ην
198 1078 415 1167 εὐδαιμονίαν
425 1080 648 1164 κατέστησανς
659 1079 761 1164 μόνοι
771 1077 837 1166 γὰρ
848 1087 918 1148 τῶν
928 1084 990 1160 ἔξω
996 1086 1062 1147 Πε·

150 1180 317 1267 πονυήσου
336 1176 589 1248 κατοικούντων
608 1173 753 1264 δρῶντες
766 1176 828 1265 τήν
842 1186 911 1246 τῶν
930 1176 1063 1266 βορβό-

150 1308 174 1349 ιν
188 1279 335 1364 δύναμιν
357 1274 591 1346 ἀνυπόστατον
607 1267 716 1342 ούσαν
731 1272 794 1342 ούκ
815 1272 961 1362 ήξίωσαν
978 1284 1094 1363 βου-(1

150 1378 290 1446 όσασθαι
316 1377 393 1463 περὶ
423 1381 492 1443 τόν
520 1374 819 1460 προσταττομένων
844 1371 958 1452 αύτοῑς
985 1370 1059 1441 ἀλλ’

150 1474 209 1554 δύς
220 1478 348 1543 εἴλοντο
361 1477 525 1560 περιιδεῖν
537 1469 727 1541 ἀνάστατον
738 1470 801 1559 τήν
810 1471 911 1540 πόλιν
920 1480 1075 1558 rerem-⁴

150 1601 207 1661 νην
222 1580 351 1659 μᾶλλον
365 1569 387 1659 ή
401 1570 643 1640 δουλεύουσαν.
668 1571 861 1649 ἐκλιπόντες
876 1568 912 1637 δὲ
922 1566 985 1656 τήν
994 1569 1061 1654 χύ-

150 1702 176 1759 ν,
189 1676 245 1742 καὶ
255 1677 398 1757 πατρίδα
408 1671 471 1758 μὲν
481 1668 545 1757 τήν
556 1673 756 1759 ἐλευθερίαν
765 1676 973 1757 νομίσαντες,
988 1693 1062 1736 ιιοι-

150 1775 315 1861 υήσαντες
336 1773 372 1841 δὲ
387 1778 457 1839 τῶν
472 1770 645 1838 κινδύνων
661 1768 759 1857 ἡμῖν,
781 1768 947 1855 τοσαύτης
960 1792 1060 1854 μετα-

150 1882 203 1961 ἱής
223 1880 357 1959 ἔτυχον,
381 1866 459 1939 ὥστ’
482 1867 597 1956 όλίχας
616 1867 741 1957 ἡμέρας
760 1871 979 1956 στερηθέντες
993 1873 1062 1935 τῶν

150 1984 214 2044 τῶν
225 1971 334 2043 πολύν
342 1970 543 2059 χρόνουτιδυ
554 1969 666 2041 ἄλλων
677 1970 835 2038 δεσπόται
844 1972 1058 2053 κατέστησαν.
1072 1996 1087 2033 e

185 2074 265 2162 (ιζ.)
290 2068 342 2140 Ού
357 2070 467 2158 μόνον
482 2069 514 2138 δ’
532 2071 583 2139 ἐπὶ
598 2069 721 2157 ταύτης
736 2067 780 2138 ἄν
793 2095 843 2148 τις
858 2074 917 2154 τῆς
930 2066 1060 2143 πόλεως

150 2180 271 2253 δείξειε
282 2168 319 2238 τὸ
333 2176 462 2256 τολμᾶν
473 2165 664 2255 ἀμύνεσθαι
676 2164 755 2248 τούς
766 2165 910 2254 ἐχθρούς
920 2165 966 2246 ὡς
975 2173 1059 2234 πολ-

150 2300 167 2339 ν
182 2270 328 2358 ἀγαθῶν
343 2268 453 2337 αίτιόν
468 2271 574 2353 ἐστιν,
591 2264 676 2336 ἀλλὰ
693 2268 748 2335 καὶ
763 2267 947 2347 Διονύσιος
965 2264 983 2335 ὁ
998 2267 1056 2334 τύ-

150 2396 223 2448 ινος
247 2364 412 2447 καταστὰς
432 2374 479 2447 είς
505 2373 703 2454 πολιορκίαν
725 2363 791 2434 ύπό
807 2372 1058 2455 Καρχηδονίων,

150 2476 259 2556 λεμιᾶς
270 2463 361 2558 αύτῷ
373 2473 537 2553 σωτηρίας
547 2463 840 2553 ὑποφαινομένης,
852 2464 936 2534 ἀλλὰ
948 2470 1059 2555 καὶτῷ

150 2571 233 2658 λε’μςο
250 2567 471 2654 κατεχόμενος
485 2568 619 2635 καὶτῶν
634 2574 783 2635 πολιτῶν
794 2566 967 2644 δυσκόλως
977 2562 1063 2649 πρὸς
1081 2585 1129 2636 125

150 2665 204 2735 ιόυ
216 2668 448 2751 διακειμένων,
462 2661 563 2742 αὐτὸς
573 2666 636 2750 μὲν
648 2668 828 2751 ἐμέλλησεν
838 2668 983 2749 ἐκπλεῖν,
993 2666 1062 2729 τῶν

152 2768 342 2853 χρωμένων
367 2763 461 2844 τινός
480 2763 707 2852 τολμήσαντος
733 2770 855 2848 εἰπεῖν,
887 2761 931 2841 ὡς
955 2759 1061 2830 καλόν

150 2894 186 2935 ιν
208 2865 373 2951 έντύφιον
393 2862 414 2950 ἡ
435 2867 610 2951 τυραννὶς,
635 2866 828 2949 αἰσχυνθείς
848 2860 903 2948 ἐφ’
923 2857 972 2942 οἷς
992 2868 1061 2929 διε-

150 2969 208 3053 ήθη
220 2968 279 3034 καλ
289 2966 393 3034 πάλιν
402 2963 610 3051 ἐπιχειρήσας
620 2971 779 3049 πολεμεῖν
789 2959 915 3041 πολλὰς
922 2962 985 3048 μὲν
995 2988 1060 3047 μυ-

152 3071 216 3145 δας
238 3069 482 3152 Καρχηδονίων
502 3067 713 3150 διέφθειρεν,
739 3062 1000 3147 ἐγκρατεστέραν
1024 3062 1060 3127 δὲ

150 3194 153 3215 ³
181 3163 295 3252 ἀρχὴν
315 3162 463 3251 τὴντῶν
479 3170 627 3232 πολιτῶν
650 3159 889 3247 κατεστήσατο,
916 3159 1004 3228 πολύ
1024 3162 1061 3227 δὲ

150 3272 192 3346 ξω
208 3263 274 3351 τήν
286 3263 434 3351 δύναμιν
446 3261 510 3350 τήν
520 3259 626 3331 αὑτοῦ
637 3270 695 3348 τῆς
708 3262 874 3348 πρότερον
888 3258 1061 3346 ὑπαρχού-

166 3362 350 3450 ἐκτήσατο,
377 3369 556 3449 τυραννῶν
571 3362 608 3429 δὲ
628 3357 688 3428 τόν
705 3367 781 3447 βίον
803 3362 981 3443 διετέλεσε,
1008 3363 1090 3429 καδο

150 3494 151 3501 ¹
175 3459 259 3530 υίόν
282 3463 320 3530 έν
340 3474 410 3541 ταῖς
430 3459 546 3539 αύταῑς
565 3472 673 3546 τιμαίς
694 3461 750 3526 καὶ
770 3462 997 3543 δυναστείαις,
1023 3457 1061 3525 έν

150 3586 213 3645 περ
231 3556 336 3639 αύτός
349 3552 409 3648 ήυ,
427 3564 611 3629 κατέλιπεν.

179 3658 272 3747 (ιη’.)
294 3661 518 3743 Παραπλήσια
534 3660 570 3728 δὲ
584 3660 716 3738 τούτοις
730 3654 894 3743 Ἀμύντας
907 3656 926 3725 ὁ
942 3665 1059 3727 Μακε-
