2859 4334
247 392 288 456 κν
535 397 910 469 mmmmm,

244 563 344 642 θῶσι,
359 555 439 635 τούς
449 555 486 623 δὲ
495 557 649 643 βασιλέας
659 556 704 642 μὴ
715 563 843 641 τολμᾶν
851 563 997 642 χρήσθω
1006 571 1076 636 τοῖς
1085 559 1200 643 έπιτη·

246 657 534 743 δεόμασιτοότοις,
541 659 574 736 ἐξ
583 647 632 722 όν
639 661 757 737 ζῶντες
763 653 1053 742 εὖδοκιμήσουσιν.
1068 658 1200 745 βοάλου

244 753 303 836 τάς
314 753 446 833 εἰκόνας
456 761 514 840 τῆς
525 751 641 839 ἀρετῆς
652 753 835 840 ὑπόμνημα
845 762 974 841 μᾶλλον
983 752 1005 841 ἢ
1014 763 1076 823 τοῦ
1084 756 1196 841 στόμα·
1208 770 1230 824 b

243 878 300 931 τος
309 862 511 921 καταλιπεῖν.
531 854 672 938 μάλιστα
683 856 746 938 μὲν
757 861 861 939 πειρῶ
872 852 935 940 τὴν
944 852 1133 940 ἀσφάλειαν
1142 857 1199 920 καί

245 957 355 1040 σαυτῷ
370 953 426 1018 καί
439 957 479 1038 τῇ
493 951 588 1019 πόλει
604 952 855 1036 διαφυλάττειν·
874 947 920 1038 ἢν
935 950 967 1019 δ’
980 949 1198 1039 ἀναγκασθῇς

244 1049 468 1134 κινδυνεύειν,
483 1052 582 1133 αίροῦ
595 1049 759 1116 τεθνάναι
773 1056 882 1128 καλῶς
894 1057 1023 1135 μᾶλλον
1036 1047 1058 1136 ἢ
1072 1056 1130 1136 ζῆν
1144 1054 1198 1116 ac-

195 1162 228 1216 37
244 1150 358 1230 σχρῶς.
390 1148 426 1211 έν
446 1152 527 1214 πάσι
549 1160 616 1225 τοῖς
637 1152 749 1232 ἔργοις
767 1148 917 1233 μέμνησο
935 1155 994 1234 τῆς
1018 1153 1197 1235 βασιλείας,

244 1246 298 1309 καὶ
320 1241 468 1327 φρόντιζ’
489 1242 579 1324 ὅπως
599 1247 704 1331 μηδὲν
724 1242 865 1324 ἀνάξιον
883 1254 941 1332 τῆς
959 1254 1055 1333 τιμῆς
1075 1246 1199 1331 ταύτης

244 1339 385 1426 πράξεις.
402 1342 488 1430 (ια’.)
503 1345 563 1430 Μὴ
575 1349 725 1432 περιίδῃς
736 1343 797 1430 τὴν
808 1352 936 1412 σαυτοῦ
946 1345 1052 1430 φύσιν
1063 1342 1198 1411 ἅπασαν

244 1439 313 1527 άμα
325 1447 560 1512 διαλυθεῖσαν·
571 1441 640 1511 ἀλλ’
649 1443 761 1528 ἐπειδὴ
773 1451 906 1528 θνητοῦ
915 1444 1066 1530 σώματος
1074 1450 1197 1529 ἔτυχες,

195 1569 231 1625 33
244 1547 349 1623 πειρῶ
361 1548 420 1628 τῆς
433 1549 541 1626 ψυχῆς
560 1538 734 1609 ἀθάνατον
755 1541 891 1627 μνήμην
909 1550 1111 1609 καταλιπεῖν.
1136 1565 1224 1626 με-ο

243 1643 319 1707 λέτα
334 1642 409 1723 περὶ
423 1646 536 1707 καλῶν
550 1638 821 1725 ἐπιτηδευμάτων
833 1641 960 1724 λέγειν,
983 1642 1039 1707 ἵνα
1054 1649 1197 1707 συνεθι-

243 1744 330 1824 σθῇς
341 1735 441 1822 ὅμοια
454 1750 523 1814 τοῖς
534 1740 719 1823 εἰρημένοις
729 1750 879 1822 φρονεῖν.
900 1733 971 1804 ἅττ’
983 1735 1028 1804 ἀν
1039 1757 1092 1804 σοι
1102 1746 1197 1823 λογι-

244 1838 367 1923 ζομένῳ
379 1841 537 1921 φαίνηται
549 1837 718 1922 βέλτιστα,
732 1841 835 1902 ταῦτα
846 1849 915 1914 τοῖς
925 1841 1034 1920 ἔργοις
1044 1836 1193 1903 ἐπιτέλει.

244 1927 293 2002 όν
305 1933 364 2014 τάς
379 1935 477 2014 δόξας
491 1939 608 2021 ζηλοῖς,
623 1940 728 2020 μιμοῦ
738 1931 797 2012 τάς
808 1934 952 2017 πράξεις.
974 1931 996 2000 δ
1009 1948 1077 2012 τοῖς
1088 1931 1196 2000 αὑτοῦ

243 2033 358 2099 παισίν
378 2027 422 2099 ἀν
441 2031 742 2118 συμβουλεύσειας,
767 2030 897 2108 τούτοις
918 2028 1018 2110 αὐτός
1040 2033 1196 2119 ἐμμένειν

186 2139 218 2189 80
235 2121 342 2208 ἀξίου.
379 2130 448 2213 χρῶ
470 2139 541 2207 τοίς
564 2126 752 2214 εἰρημένοις
770 2121 792 2212 ἢ
808 2126 894 2212 ζήτει
909 2133 1032 2215 βελτίω
1056 2124 1198 2195 τούτων.

234 2225 366 2314 σοφοδς
383 2226 491 2316 νόμιζε
508 2227 554 2315 μὴ
569 2226 651 2307 τούς
669 2224 815 2316 ἀκριβῶς
830 2228 907 2315 περί
920 2233 1050 2316 μικρόν
1068 2229 1197 2314 ἐρίζον-
1218 2232 1236 2282 ‘¹

234 2354 293 2410 τας
309 2325 394 2397 ἀλλά
411 2329 492 2409 τοδς
505 2321 545 2397 εὖ
563 2328 641 2417 περὶ
658 2331 728 2397 τῶν
744 2327 901 2417 μεγάλων
919 2328 1094 2415 λέγοντας·
1113 2327 1201 2416 μηδὲ

234 2426 315 2509 τοδς
339 2445 411 2510 τοῖς
428 2428 492 2517 μὲν
514 2427 626 2510 ἀλλοις
648 2427 869 2515 εὐδαιμονίαν
891 2423 1200 2517 ὑπισχνουμένους,

234 2528 361 2610 αδτοός
387 2530 420 2601 δ’
447 2533 484 2600 έν
508 2537 651 2610 πολλαῖς
680 2528 836 2617 ἀπορίαις
860 2528 980 2617 ὄντας,
1008 2527 1094 2599 ἀλλά
1118 2527 1201 2610 τοδς

234 2632 351 2721 μέτρια
364 2631 428 2720 μὲν
445 2631 522 2721 περί
540 2631 655 2700 αδτῶν
669 2632 840 2720 λέγοντας,
859 2630 989 2719 ὁμιλεῖν
1002 2631 1040 2703 δὲ
1058 2633 1116 2700 καί
1129 2645 1201 2712 τοίς
1235 2629 1238 2635 ’

234 2731 406 2822 πράγμασι
422 2735 479 2802 καί
502 2748 573 2813 τοῖς
597 2731 794 2820 ἀνθρώποις
813 2733 1047 2821 δυναμένους,
1073 2734 1130 2801 καί
1154 2731 1200 2820 μὴ

235 2835 557 2922 διαταραττομένους
571 2836 609 2903 έν
621 2849 696 2913 ταῖς
712 2838 775 2903 τοῦ
787 2839 866 2919 βίον
880 2843 1095 2922 μεταβολαῖς,
1113 2833 1200 2902 ἀλλά

235 2938 345 3015 καλῶς
362 2938 420 3003 καλ
437 2942 580 3023 μετρίως
597 2936 655 3004 καί
672 2935 733 3015 τάς
751 2936 929 3023 συμφοράς
946 2937 1078 3015 καὶτὰς
1096 2934 1199 3004 εὐτυ-

235 3043 311 3122 χίας
329 3036 445 3123 φέρειν
464 3037 716 3124 ἐπισταμένους.

185 3147 218 3194 40
311 3133 395 3225 (ιβ’.)
413 3138 482 3206 Καί
493 3137 539 3224 μὴ
552 3137 749 3226 θαυμάσῃς,
762 3142 795 3206 εί
806 3138 914 3205 πολλὰ
927 3141 997 3208 τῶν
1006 3137 1199 3225 λεγομένων
1217 3171 1234 3203 e

237 3237 340 3324 ἐστὶν,
355 3233 377 3305 δι’
389 3237 446 3306 καὶ
461 3234 503 3307 σό
512 3237 725 3323 γιγνάσκεις·
738 3236 821 3306 οὐδὲ
829 3237 895 3328 γὰρ
910 3239 967 3325 έμὲ
979 3243 1081 3307 τοῦτο
1093 3238 1200 3327 παρέ·

236 3347 352 3426 λαθεν,
372 3336 448 3406 ἀλλ’
462 3337 662 3427 ἠπιστάμην,
682 3337 736 3406 ὅτι
748 3336 922 3409 τοσσάτιον
935 3337 1047 3408 ὄντων
1059 3337 1099 3408 τό
1112 3345 1197 3429 πλῆ-

235 3449 299 3518 θος
317 3440 373 3507 καί
390 3445 460 3508 τῶν
477 3435 592 3508 ἀλλων
606 3440 747 3509 καὶτῶν
760 3436 937 3529 ἀρχόντων
951 3444 987 3508 οί
996 3441 1061 3529 μέν
1073 3467 1105 3509 τι
1117 3440 1200 3511 τοό-

235 3565 305 3608 των
318 3539 503 3629 εἰρήκασιν,
516 3545 553 3610 οί
562 3546 584 3610 δ
587 3533 801 3628 ’άκηκόασιν,
815 3544 851 3609 οί
862 3539 894 3609 δ’
908 3541 1044 3630 ἑτέρους
1056 3544 1200 3610 ποιοῦν·
1217 3559 1257 3609 23

236 3667 294 3721 τας
302 3640 499 3728 ἑωράκασιν,
509 3647 544 3710 οί
550 3641 583 3710 δ’
593 3636 690 3712 αότοδ
700 3639 929 3730 τυγχάνουσιν
937 3641 1190 3730 ἐπιτηδεύοντες
