2859 4334
297 340 361 403 τοο
581 343 897 401 amaron
923 344 988 421 (ιτ)

249 518 283 573 ³6
297 509 471 589 μίσασθαι,
488 508 632 588 νομίζων
645 504 775 589 μεγάλα
789 507 989 589 κερδαίνειν,
1001 512 1031 573 εί
1041 503 1127 573 κατᾶ
1141 510 1252 576 πλοῦν

297 600 343 689 μή
359 603 554 669 κινδυνεύοι
568 600 607 667 τό
625 603 785 687 χρήματα,
801 599 909 681 ἄλλως
923 628 958 669 τε
972 606 1026 672 καλ
1040 609 1252 692 Λακεδαιμο-

298 706 382 769 νίων
396 697 568 785 ἀρχόντων
583 697 655 767 κατ’
673 703 804 768 ἐκεῖνον
826 698 886 767 τόν
906 702 1032 787 χρόνον
1046 711 1105 790 της
1119 704 1251 772 θαλότ-

297 827 364 887 της.
388 800 496 891 τούτῳ
511 798 574 885 μὲν
595 792 661 867 ούν
681 798 783 867 οὐδέν
802 797 949 886 ἡγοῦμαι
970 800 1062 868 τοῦτ’
1087 801 1172 871 εἶναι
1187 823 1250 890 ση-

296 912 401 985 μεῖον,
418 894 461 976 ὡς
474 896 536 966 ούκ
549 892 592 985 ἦν
607 900 734 971 δνθοίδε
742 928 798 989 μοι
807 900 972 987 χρήματα·
995 904 1066 987 ἐμοὶ
1078 903 1114 970 δὲ
1125 898 1248 989 μέγιστ’

297 1006 386 1066 ἔσται
400 998 558 1084 τεκμήρια
582 996 621 1063 τὰ
650 995 734 1083 πρὸς
749 1001 959 1083 Στρατοκλέα
981 1005 1193 1089 πραχθέντα,
1206 1002 1250 1083 ω’ς

247 1118 279 1174 37
295 1090 338 1184 ἦν
353 1124 410 1184 μοι
425 1095 514 1179 παρὰ
529 1099 634 1189 τούτῳ
646 1107 794 1184 χρυσίον.
817 1101 1006 1183 ἐρωτῶντος
1020 1100 1085 1185 γὰρ
1096 1110 1275 1184 Στρατο-λι

297 1198 425 1282 κλέους,
443 1195 533 1275 ὅστις
549 1194 640 1282 αύτῷ
655 1194 823 1263 ἀποδόσει
839 1195 878 1263 τό
892 1197 1052 1284 χρήματα,
1067 1196 1160 1268 έόινὸ
1183 1227 1249 1268 πα-

298 1293 360 1382 τὴρ
384 1294 490 1386 ούμὸς
507 1297 553 1386 μὴ
571 1297 692 1389 ποιήση
710 1298 751 1367 τό
767 1302 1006 1388 ἐπεσταλμένα,
1025 1300 1130 1382 αύτός
1143 1299 1177 1371 δ’
1193 1303 1248 1367 ἐκ·

296 1396 441 1473 πλεύσας
466 1392 587 1461 ἐνθάδ’
611 1396 666 1480 ἐμὲ
686 1394 732 1480 μὴ
756 1397 943 1483 καταλάβῃ,
971 1403 1123 1465 Πασίων’
1156 1396 1249 1490 αὐτῷ

295 1497 492 1582 συνέστησα,
508 1497 563 1563 καὶ
582 1492 797 1581 ὡμολόγησεν
817 1486 916 1573 οὖτος
936 1494 1028 1586 αύτῷ
1049 1498 1104 1566 καί
1123 1495 1162 1565 τδ
1183 1496 1248 1581 ἆρ-

294 1610 389 1681 χαῐον
404 1595 458 1661 καί
472 1592 550 1671 τούς
563 1594 684 1671 τόκους
700 1591 780 1672 τούς
800 1597 1022 1678 γιγνομένους
1042 1593 1244 1665 ἀποδώσειν.
1346 1599 1347 1618 ’

295 1702 402 1763 καίτοι
417 1698 447 1761 εί
460 1691 565 1778 μηδὲν
590 1698 694 1760 ἔκειτο
720 1690 802 1777 παρ’
823 1690 913 1782 αὐτῷ
928 1700 997 1760 τῶν
1014 1696 1114 1780 ἐμῶν,
1130 1692 1246 1765 οίεσθ’

295 1790 339 1862 όν
355 1789 460 1861 αύτὸν
472 1790 560 1860 οὕτω
572 1796 694 1881 ῥαδίως
706 1793 877 1860 τοσούτων
889 1793 1067 1878 χρημάτων
1078 1797 1247 1885 ἐγγυητήν

294 1918 360 1978 μου
374 1894 550 1977 γενέσθαις
569 1899 627 1960 καί
638 1917 694 1978 μοι
710 1888 856 1978 ἀνάβητε
872 1891 1049 1977 μάρτυρες.

639 1998 891 2058 ΜΑΡΊῪΡΕΣ.

243 2118 277 2173 33
378 2093 450 2180 (κ’.)
465 2090 562 2169 Ἴσως
578 2098 705 2175 τοίνυν,
723 2083 750 2158 τό
767 2089 888 2175 ἅνδρες
905 2092 1068 2175 δικασταὶ,
1084 2094 1140 2161 καί
1160 2094 1269 2161 τού·ε

292 2218 361 2260 των
377 2189 459 2278 ὑμῖν
474 2193 647 2277 μα’ρτυρας
662 2194 847 2278 παρέξεται,
864 2189 909 2269 ὡς
926 2197 1064 2276 ἔξαρνος
1077 2192 1246 2278 ἐγενόμην

292 2290 379 2376 πρὸς
393 2288 472 2370 τούς
486 2289 571 2373 ὑπὲρ
589 2292 749 2375 Σατύρου
770 2291 976 2373 πράττοντας
999 2292 1103 2376 μηδὲν
1125 2298 1246 2377 κεκτη-

290 2403 372 2471 σθαι
394 2390 482 2477 πλὴν
501 2382 549 2459 τόν
568 2394 707 2469 ἐκείνοις
718 2395 933 2475 παρεδίδουν,
950 2393 1005 2457 καί
1017 2386 1173 2467 ὧςαύτός
1185 2392 1246 2457 έπ-

292 2493 497 2580 ελαμβύνετο
521 2498 589 2559 τῶν
610 2492 789 2576 χρημάτων
808 2496 875 2556 τῶν
892 2492 981 2574 ἐμῶν
995 2485 1246 2574 ὁμολογοῦντος

292 2597 374 2680 ἐμοῦ
393 2591 542 2678 ὀφείλειν
557 2598 749 2675 τριακοσίας
767 2587 925 2674 δραχμὰς,
941 2591 995 2656 καὶ
1010 2586 1061 2655 ότι
1071 2584 1244 2657 Ἱππολαί-

291 2700 365 2778 δαν,
382 2697 478 2773 ξένον
495 2689 566 2761 ὅντ’
591 2694 737 2777 ἐμαυτοῦ
758 2691 811 2757 καὶ
827 2687 1030 2775 ἐπιτήδειον,
1046 2685 1243 2772 περιεώρων
1346 2765 1347 2784 ¹

243 2792 383 2875 39παρόι
397 2793 520 2860 τούτου
535 2792 778 2875 δανειζόμενον.
819 2788 913 2875 (κα’.)
930 2784 1011 2873 ’M
1027 2784 1059 2854 δ’
1077 2778 1104 2853 τό
1120 2785 1244 2872 ἄνδρες

291 2894 442 2960 δικασταὶ
468 2887 629 2966 καταστὰς
652 2894 698 2966 είς
719 2886 913 2973 συμφορὰς,
936 2890 1008 2963 οἵας
1025 2884 1106 2970 ὑμίν
1121 2887 1242 2971 διηγη-
1346 2949 1347 2960 ,

291 2992 412 3076 σόμην,
429 2992 483 3058 καλ
498 2997 565 3056 τῶν
579 2990 641 3074 μὲν
656 2998 743 3057 οίκοι
757 2988 894 3063 πόντων
904 2984 1181 3072 ἀπεστερημένος,
1198 2981 1271 3054 τᾶδ
1346 3021 1347 3026 ¹

291 3086 322 3157 δ’
340 3087 460 3157 ἐνθάδ’
483 3085 750 3172 ἀναγκαζόμενος
766 3083 986 3167 παραδιδόναι
1004 3096 1072 3161 τοῖς
1086 3081 1243 3170 ἥκουσιν,

290 3186 479 3256 ὑπολοίπου
495 3183 529 3253 δ’
546 3183 685 3264 οὐδενὸς
699 3184 795 3262 ὄντος
809 3210 883 3269 μοι,
904 3180 991 3269 πλὴν
1012 3188 1042 3249 εί
1053 3186 1244 3269 δυνηθείην

291 3294 410 3354 λαθεῖν
425 3286 727 3370 περιποιησάμενος
750 3281 787 3351 τδ
809 3286 948 3368 χρυσίον
966 3279 1003 3348 τδ
1027 3276 1115 3362 παρὰ
1132 3280 1241 3370 τούτῳ

290 3390 454 3469 κείμενον,
471 3380 622 3468 ὁμολογῶ
636 3385 689 3450 καλ
711 3383 818 3471 τούτῳ
839 3387 1129 3465 προσομολογῆσαι
1144 3405 1242 3462 τρια-

289 3493 403 3560 κοσίας
416 3481 562 3568 δραχμὰς
579 3486 632 3549 καὶ
645 3484 719 3568 περὶ
731 3489 776 3548 τῶ
781 3510 799 3548 v
810 3480 921 3548 ἄλλων
931 3485 1069 3546 τοιαῦτα
1081 3478 1241 3563 πράττειν

289 3582 342 3649 καλ
358 3584 479 3666 λέγειν,
498 3583 530 3659 ἐξ
546 3572 594 3647 όν
614 3586 761 3661 ἐκείνους
775 3576 909 3668 μάλιστ’
919 3575 961 3650 ἂν
976 3584 1107 3647 πείθειν
1118 3569 1236 3669 ᾦόμην
