2859 4334
309 417 368 483 194
593 421 912 481 ιεοιιεκνονε
927 425 972 495 ιε)

306 588 341 647 εῖ
348 606 398 659 τις
412 580 625 648 παντάπασιν
638 546 906 667 ἀπονενοημένος
917 585 984 649 ἐστὶ
996 584 1050 648 καὶ
1060 578 1145 667 μήθ’
1158 585 1263 663 ἱερῶν

305 678 387 764 μήτε
401 682 531 762 γονέων
544 678 626 765 μήτε
639 681 771 745 παίδων
784 676 860 767 μήτ’
873 679 979 749 ἀλλον
994 678 1137 765 μηδενὸς
1152 705 1263 766 φρον-

306 782 383 857 σίζει
397 773 486 863 πλὴν
498 782 559 843 τοῦ
573 776 699 861 χρόνου
709 776 818 861 μόνον
829 784 890 844 τοῦ
902 775 983 845 καθ’
996 774 1119 856 αὑτόνς
1136 769 1262 847 ὦνοάκ
1283 786 1342 840 178

305 972 434 1058 πολλὴν
449 974 612 1058 πρόνοιαν
627 976 840 1060 ποιουμένων
857 977 913 1041 καὶ
932 975 1037 1060 μηδὲν
1047 967 1157 1062 -ἦττον
1174 973 1263 1058 ὑπὲρ

305 1081 362 1159 τῆς
375 1080 491 1159 κοινῆς
502 1073 599 1157 δόξης
610 1067 632 1159 ἦ
642 1080 700 1157 τῆς
711 1076 797 1153 ίδίας
809 1074 1099 1159 φιλοτιμουμένων
1109 1077 1164 1141 καὶ
1174 1097 1264 1157 προ-

305 1177 517 1259 αιρουμένων
537 1175 673 1259 μέτριον
691 1179 769 1261 βίον
789 1170 871 1258 μετὰ
892 1172 1109 1257 δικαιοσύνης
1130 1178 1263 1257 μᾶλλον

258 1266 325 1356 9ῖῆ
345 1274 449 1357 μέγαν
470 1278 618 1340 πλοῦτον
634 1267 706 1355 μετ’
723 1268 861 1348 ἀδικίας.
894 1272 948 1336 καὶ
967 1266 1033 1354 γάρ
1050 1274 1084 1337 οῖ
1097 1269 1263 1355 πρόγονοι

304 1368 479 1449 τοιούτους
493 1366 618 1448 αὑτούς
631 1370 857 1454 παρασχόντες
871 1366 933 1453 τήν
944 1394 979 1434 τε
985 1366 1090 1435 πόλιν
1102 1366 1264 1452 εὐδαιμο-

303 1467 466 1554 νεστάτην
481 1481 550 1546 τοῖς
564 1470 830 1553 ἐπιγιγνομένοις
847 1468 1038 1549 παρέδοσαν
1054 1467 1109 1533 καὶ
1123 1474 1180 1552 τῆς
1194 1463 1263 1533 αὑ-

303 1569 371 1633 τοδν
385 1562 504 1653 ἀρετῆς
523 1563 697 1633 ἀθάνατον
712 1564 774 1651 τὴν
789 1566 925 1652 μνήμην
945 1568 1132 1634 κατέλιπον.
1162 1570 1196 1646 ἐξ
1210 1559 1262 1633 ὧν
1277 1577 1293 1628 b

306 1664 480 1753 ἀμφότερα
504 1664 624 1753 ῥᾴδιόν
649 1667 718 1731 ἐστι
743 1674 960 1751 καταμαθεῖν,
986 1668 1042 1733 καὶ
1064 1661 1126 1750 τήν
1147 1666 1263 1750 χώραν

306 1763 414 1852 ἡμῶν,
431 1762 482 1832 ὅτι
499 1762 640 1831 δύναται
654 1768 790 1849 τρέφειν
805 1762 932 1848 ἀνδρας
945 1762 1104 1849 ἀμείνους
1117 1772 1186 1832 τῶν
1198 1764 1262 1833 ἀλ-

306 1872 386 1947 λων,
411 1865 466 1931 καὶ
480 1860 542 1949 την
557 1865 769 1948 καλουμένην
782 1864 845 1946 μέν
859 1859 981 1948 ἀρχὴν,
997 1855 1105 1929 οὖσαν
1120 1862 1157 1929 δὲ
1173 1882 1262 1949 συμ-

306 1959 429 2049 φορὰν,
444 1958 495 2028 ὅτι
510 1963 639 2045 πέφυκε
652 1966 784 2045 χείρους
797 1957 946 2037 ἅπαντας
960 1973 1070 2027 ποιεῖν
1082 1958 1162 2038 τοάς
1172 1986 1262 2046 χρω-

305 2064 428 2146 μένους
445 2056 538 2149 αὐτῇ.

258 2163 291 2219 95
390 2159 481 2247 (λδ.)
494 2164 664 2247 Μέγιστον
674 2164 710 2228 δὲ
722 2161 916 2246 τεκμήριον·
930 2158 972 2227 οά
981 2163 1045 2246 γάρ
1056 2161 1166 2247 μόνον
1172 2160 1263 2249 ἡμᾶς

305 2255 389 2327 ἀλλά
405 2261 460 2326 καῖ
474 2256 536 2345 τὴν
549 2263 826 2346 Λακεδαιμονίων
841 2262 941 2329 πόλιν
955 2265 1159 2348 διέφθειρεν,
1177 2261 1264 2330 ὥστε

304 2371 372 2436 τοῖς
387 2360 590 2443 εἰθισμένοις
604 2361 754 2425 ἐπαινεῖν
763 2356 822 2437 τάς
833 2361 972 2426 ἐκείνων
983 2356 1103 2441 ἀρετάς
1113 2357 1175 2445 οάχ
1184 2355 1292 2427 οἷόνο

304 2451 332 2522 τ’
348 2458 438 2523 ἐστὶν
452 2460 558 2523 εἰπεῖν
572 2463 693 2524 τοῦτον
707 2454 767 2523 τὸν
782 2456 896 2540 λόγον,
913 2454 957 2533 ὥς
970 2453 1063 2540 ἡμεῖς
1074 2456 1135 2543 μέν
1149 2455 1206 2524 διά
1221 2457 1260 2524 τὰ

304 2559 587 2641 δημοκρατεῖσθαι
607 2562 718 2633 κακοῖς
734 2555 947 2639 έγρησάμεθα
967 2567 1035 2632 τοῖς
1055 2556 1260 2641 πράγμασιν,

305 2659 335 2721 εί
349 2652 385 2721 δὲ
400 2653 659 2737 Λακεδαιμόνιοι
675 2654 802 2739 ταύτην
815 2651 877 2739 τὴν
892 2653 1040 2737 δύναμιν
1056 2657 1259 2741 παρέλαβον,

306 2748 505 2837 εὐδαίμονας
519 2746 563 2819 ἀν
576 2752 631 2820 καί
645 2749 725 2831 τούς
734 2748 858 2831 ἀλλους
868 2753 922 2819 καὶ
933 2759 1022 2837 σφᾶς
1032 2749 1155 2833 αὐτούς
1165 2754 1259 2821 έποί-

305 2871 399 2935 ησαν.
434 2848 522 2917 πολι)
541 2850 606 2938 γάρ
626 2856 755 2919 θᾶττον
774 2853 812 2918 έν
831 2853 970 2930 έκείνοις
990 2855 1175 2933 ἐπεδείξατο
1196 2850 1260 2939 τὴν

305 2949 412 3035 φύσιν
426 2948 488 3036 τὴν
503 2948 622 3036 αὑτῆς·
644 2948 707 3037 τὴν
721 2947 786 3037 γάρ
801 2956 988 3037 πολιτείαν,
1010 2947 1054 3037 ἣν
1067 2953 1105 3019 έν
1119 2954 1260 3020 ἑπτακο-

304 3055 388 3129 σίοις
400 3054 508 3117 ἔτεσιν
519 3046 728 3129 οὐδείςοῖδεν
738 3047 822 3116 οὔθ’
835 3046 902 3116 ὑπὸ
916 3050 1087 3117 κινδύνων
1097 3047 1179 3116 οὔθ’
1192 3047 1259 3117 ὑπὸ

304 3156 492 3235 συμφορῶν
501 3158 711 3235 κινηθεῖσαν,
717 3146 845 3235 ταύτην
856 3152 893 3216 έν
904 3145 1006 3241 ὀλίγῳ
1017 3148 1128 3238 χρόνῳ
1138 3152 1289 3216 anzei-d

255 3256 289 3311 9⁶
304 3268 359 3315 σαι
374 3248 429 3314 καί.
444 3252 590 3332 λυθῆναι
605 3243 696 3329 παρά
708 3242 833 3331 μικρὸν
844 3250 1008 3332 ἐποίησεν.
1031 3243 1105 3314 ἀντὶ
1115 3243 1181 3331 γὰρ
1192 3253 1261 3313 τῶν

304 3344 528 3412 καθεστώτων
539 3341 744 3427 παράύτοῖς
753 3346 1024 3432 ἐπιτηδευμάτων
1034 3343 1114 3424 τούς
1122 3346 1185 3430 μέν
1194 3349 1261 3413 ίδι-

305 3446 390 3521 ώτας
404 3445 586 3529 ἐνέπλησεν
601 3440 748 3530 ἀδικίας,
766 3446 954 3533 ῥᾳθυμίας,
972 3442 1121 3530 ἀνομίας,
1136 3452 1261 3529 φιλαρ-

305 3548 438 3628 γυρίας,
464 3540 501 3609 τὸ
517 3545 553 3610 δέ
568 3540 687 3610 κοινδν
700 3549 759 3628 τῆς
772 3544 901 3622 πόλεως
914 3540 1099 3625 ὑπερορίας
1111 3544 1174 3629 μὲν
1190 3549 1260 3610 τῶν

306 3638 504 3725 συμμάχων,
526 3642 705 3724 ἐπιθυμίας
720 3643 757 3708 δὲ
771 3649 840 3709 τῶν
856 3639 1057 3724 ἀλλοτρίων,
1082 3638 1260 3725 ὀλιγωρίας
