2859 4334
471 369 880 431 ΠΛΝΑΘΗΝΑΙΚΟΣ.
1108 365 1150 431 33

201 523 394 611 στεάουσιν,
416 521 503 595 άλλά
520 530 568 617 τῷ
586 525 640 595 καὶ
660 530 704 615 τῇ
723 525 885 613 φρονήσει
903 525 1076 612 διαφέρειν
1094 525 1149 594 καί

203 626 376 695 δνύασθαι
388 627 518 715 τροφὴν
533 632 568 698 έν
582 631 652 697 τῶν
665 634 836 715 πολεμίων
849 640 920 707 τοῖς
936 628 1149 715 στρατιώταις

203 734 361 816 πορζειν,
374 729 431 797 καλ
443 729 586 816 μάλιστα
599 734 646 821 τῷ
654 734 768 798 δοκεῖν
778 730 908 798 ἐκείνου
918 726 1150 816 άμεινουόιιὲρ

202 834 262 917 τῆς
276 831 345 899 τῶν
357 828 469 899 ἄλλων
482 830 707 919 βουλεύεσθαι
722 838 887 919 σωτηρίας
901 825 922 917 ἢ
936 832 1016 911 τούς
1026 829 1151 909 άλλους

151 944 194 995 83
202 931 281 1018 περὶ
299 935 398 1019 σφόν
414 929 539 1001 αὐτῶν.
570 931 609 1001 τό
623 940 743 1003 τοίνυν
757 934 863 1019 τέλος,
882 926 900 1000 ὃ
919 936 1000 1001 πᾶσι
1018 931 1179 1011 τούτοιςδ

204 1034 387 1120 ἐπέθηκεν,
411 1030 553 1122 οὐδενός
575 1025 675 1121 ἦττον
699 1035 860 1122 προσήκει
877 1033 1075 1121 θαυμάζειν·
1108 1031 1149 1101 οό

202 1133 270 1224 γάρ
283 1130 431 1220 άπρεπὲς
444 1129 522 1203 οὐδ’
538 1132 675 1216 άνάξιου
687 1138 757 1203 τῶν
771 1137 1021 1223 προειρημένων
1039 1134 1147 1221 φανή-

204 1255 298 1305 σεται
314 1236 547 1325 ποιησάμενος,
564 1235 651 1306 άλλά
671 1236 761 1328 λόγμ
780 1235 842 1323 μὲν
859 1237 943 1323 πρὸς
956 1244 1039 1324 μίαν
1053 1237 1151 1304 πόλιν

203 1336 406 1425 πολεμήσας,
422 1342 511 1429 ἔργῳ
520 1333 555 1406 δ’
569 1335 611 1407 νά
621 1337 727 1425 μόνον
735 1338 819 1424 πρὸς
831 1335 981 1417 ἅπαντας
994 1337 1075 1417 τούς
1088 1336 1150 1424 τὴν

201 1437 321 1509 Ἀσίαν
333 1442 572 1519 κατοικοῦντας
585 1436 670 1508 άλλά
684 1438 741 1507 καλ
756 1440 841 1526 πρός
850 1437 936 1508 άλλα
947 1439 1030 1525 γένη
1044 1440 1151 1507 πολλὰ

203 1539 462 1630 τῶνβαρβάρων
468 1541 682 1610 κινδυνεύων
691 1535 756 1609 οόκ
767 1536 994 1611 άπεῑπενοόδ
1006 1538 1150 1627 ἀπῆλθε,

204 1644 289 1730 πρὶν
296 1641 358 1729 τήν
366 1669 402 1711 τε
416 1641 514 1711 πόλιν
526 1644 588 1710 τοῦ
601 1641 828 1729 τολμήσαντος
842 1646 1039 1729 ἐξαμαρτεῖν
1054 1643 1147 1727 ἐξην-

204 1741 1151 1832 δραποδίσατοκαλτοδςβαρβάρουςἔπαυσενόβρίζοντας.
1164 1782 1180 1820 e

156 1868 196 1918 84
275 1842 1151 1936 (λα’.)Οόκάγνοῶδὲτὸπληθοςτῶνείρημένωνπερλ

203 1952 264 2036 τῆς
272 1946 519 2034 Ἀγαμέμνονος
532 1944 664 2033 άρετης,
678 1942 756 2016 οὐδ’
771 1944 821 2017 ὅτι
836 1949 968 2016 τούτων
981 1946 1152 2016 τοσούτων

204 2047 315 2119 ὄντων
327 2047 408 2118 καθ’
424 2052 462 2117 ἓν
474 2048 537 2135 μὲν
551 2051 703 2134 ἕκαστον,
719 2058 754 2118 εί
758 2075 846 2128 τινες
858 2063 1050 2133 σκοποῑντο,
1064 2054 1100 2117 τί
1110 2044 1153 2117 ἂν

206 2147 501 2239 άποδοκιμάσαιεν,
515 2148 629 2229 οὐδεὶς
640 2146 684 2218 διν
693 2148 1151 2235 οδδέναότῶνάφελελντολ-
1163 2178 1211 2228 εςς

205 2247 1151 2341 μήσειεν,έφεξι”γςδ’άναγιγνωσκομένωνάπαντεςδινἐπι-

207 2354 378 2440 τιμήσαιεν
393 2351 438 2431 ὥς
452 2353 539 2423 πολδ
555 2359 705 2421 πλείοσιν
724 2354 911 2440 εἰρημένοις
929 2356 989 2420 τοῦ
1005 2354 1151 2433 δέοντος.

153 2475 191 2529 85
206 2452 389 2544 (λβ’.)Ἐγά
398 2455 425 2524 δ’
435 2460 467 2525 εί
472 2454 535 2541 μὲν
544 2462 669 2523 ἔλαθον
677 2456 826 2540 ἐμαυτόν
833 2451 1151 2541 πλεονάζων,ᾑσχυ-

207 2558 316 2645 νόμην
332 2554 389 2645 δν,
407 2563 440 2627 εί
456 2557 600 2642 γράφειν
617 2558 805 2642 ἐπιχειρῶν,
823 2556 898 2642 περὶ
917 2544 966 2623 όν
978 2556 1094 2643 μηδείς
1109 2552 1151 2623 ἂν

207 2657 308 2738 άλλος
316 2655 621 2747 έτόλμησεν,οῧτως
629 2653 841 2743 άναισθήιως
847 2662 1031 2743 διεκείμην·
1045 2651 1151 2725 νῦνδ

208 2756 1153 2848 άκριβέστερονῇδειντάνἐπιπλήττεινμοιτολμησόντων,

208 2858 794 2946 ὅτιπολλολτοότοιςἐπιτιμήσουσιν·
811 2855 1153 2947 άλλάγάρὴγησάμηυ

209 2960 272 3050 οὐχ
286 2961 391 3042 οὕτως
408 2969 541 3031 ἔσεσθαι
555 2959 681 3046 δεινόν,
695 2956 739 3047 ἢν
753 2962 808 3029 ἐπὶ
821 2966 883 3030 τοῦ
892 2964 1016 3048 μέρους
1026 2958 1178 3032 τοότουο
1280 3019 1287 3037 .

209 3064 297 3146 δόξω
314 3064 380 3133 τισὶ
398 3068 466 3132 τῶν
483 3067 612 3149 καιροδν
629 3059 784 3149 άμελεῑν,
810 3058 855 3141 &g
872 3056 915 3150 ἣν
933 3063 1008 3149 περὶ
1027 3059 1153 3148 ἀνδρὸς

208 3166 360 3235 τοιούτου
385 3163 621 3251 διαλεγόμενος
645 3169 826 3251 παραλίπω
849 3166 965 3231 τιτῶν
985 3168 1100 3254 ἐκείνῳ
1118 3190 1153 3232 τε

161 3292 199 3341 80
211 3267 406 3353 προσόντων
415 3264 1038 3353 άγαθῶνκάμολπροσηκόυτωνείπεῐν.
1060 3262 1153 3354 ςόμηυ

209 3370 246 3440 δὲ
259 3370 316 3438 καὶ
330 3368 420 3455 παρά
433 3384 503 3447 τοῖς
513 3365 740 3455 χαριεστάτοις
753 3370 821 3433 τῶν
831 3363 1008 3454 ἀκροατῶν
1020 3362 1152 3434 εὐδοκι-

208 3473 342 3560 μήσειν,
367 3466 410 3559 ἣν
427 3479 598 3555 φαίνωμαι
616 3469 692 3554 περὶ
710 3464 830 3553 ἀρετῆς
850 3467 912 3553 μὲν
930 3465 1010 3544 τοδς
1030 3464 1153 3552 λόγους

209 3572 419 3660 ποιούμενος,
435 3569 525 3650 ὅπως
540 3569 578 3638 δέ
591 3568 715 3655 ταύτης
727 3564 827 3649 άξίως
837 3572 901 3652 ἐρῶ
909 3572 1151 3654 μᾶλλουσπου-

122 3700 126 3705 ’
209 3674 317 3759 δάζων
330 3669 352 3761 ἢ
366 3673 442 3759 περὶ
456 3671 518 3760 τὴν
530 3676 592 3739 τοῦ
606 3669 712 3758 λόγου
732 3678 953 3757 συμμετρίαν,
972 3670 1028 3737 καλ
1046 3676 1152 3737 ταῦτα

283 3805 447 3847 momm-
470 3788 504 3844 ll.
1009 3783 1025 3834 8
