2859 4334
228 330 288 395 ωε
513 336 917 413 εεοεεκνονεργ

226 489 282 561 διδ
302 492 429 579 ταύτην
448 488 511 580 τὴν
526 492 666 579 γνώμην
684 496 731 571 είς
747 492 906 580 τοιαύτην
920 491 1006 581 ἡμᾶς
1021 495 1196 581 ομόνοιαν

227 597 433 680 κατέστησαν
447 595 503 661 καί
517 598 682 661 τοσοῦτον
696 594 873 661 ἐπιδοῦναι
887 589 950 680 τὴν
960 593 1062 663 πόλιν
1072 595 1194 680 έποίη·

227 712 292 760 σαν
313 688 395 759 ὥστε
417 694 722 777 Λακεδαιμονίους,
747 687 828 770 τούς
847 693 899 760 έπί
918 698 977 780 τῆς
996 687 1192 779 ὀλιγαρχίας
1223 709 1305 763 1⁵1

227 788 344 875 ὀλίγον
359 794 430 859 δεῖν
443 785 526 858 καθ’
543 787 686 876 ἑκάστην
699 787 763 876 τὴν
776 786 906 878 ἡμέραν
920 790 1191 879 προστάττοντας

225 887 323 976 ἡμῖν,
350 891 464 957 ἐλθεῖν
485 889 537 956 έπῖ
556 893 615 975 τῆς
636 891 859 974 δημοκρατίας
878 887 1111 969 ίκετεύσοντας
1130 892 1189 959 καῖ

227 988 451 1074 δεησομένους
471 983 516 1073 μὴ
534 990 697 1074 περιιδεῖν
717 983 844 1067 αὐτούς
863 984 1071 1068 ἀναστάτους
1086 1014 1187 1075 γενο-

226 1087 358 1172 μένους.
386 1080 424 1153 τδ
446 1081 479 1153 δ’
495 1078 560 1153 ούν
580 1085 768 1172 κεφάλαιον
781 1092 839 1173 τῆς
856 1090 1022 1176 ἑκατέρων
1036 1093 1188 1169 διανοίας

226 1189 381 1252 τοιοῦτον
393 1174 455 1271 ἦν·
475 1188 510 1253 οί
521 1182 662 1273 μὲνγὰρ
676 1181 795 1271 ἠξίουν
809 1192 878 1254 τῶν
890 1188 953 1273 μέν
967 1196 1114 1258 πολιτῶν
1128 1186 1185 1276 ἄρ·

225 1308 307 1369 χειν,
320 1294 389 1362 τοῖς
399 1282 436 1351 δὲ
448 1290 618 1371 πολεμίοις
630 1284 817 1372 δουλεύειν,
831 1289 863 1353 οί
873 1288 909 1356 δὲ
920 1294 988 1356 τῶν
997 1290 1061 1375 μέν
1072 1286 1185 1357 ἄλλων

176 1392 211 1447 70
225 1378 351 1468 ἄρχειν,
372 1395 442 1463 τοῖς
455 1383 492 1451 δέ
509 1390 658 1462 πολίταις
674 1392 751 1452 ίσον
765 1388 861 1469 ἔχειν.
898 1386 992 1467 (κδ’.)
1018 1394 1130 1454 Ταύτα
1146 1386 1216 1454 δεῖ)

226 1485 369 1568 διῆλθον
385 1486 482 1550 δυοῖν
497 1484 612 1569 ἕνεκα,
634 1487 770 1570 πρῶτον
785 1484 849 1569 μέν
863 1481 1010 1570 έμαυτδν
1026 1487 1185 1565 ἐπιδεῖξαι

225 1580 432 1668 βουλόμενος
457 1578 520 1650 ούκ
546 1577 749 1669 ὀλιγαρχιῶν
773 1578 853 1649 οὐδὲ
874 1588 1076 1664 πλεονεξιῶν
1099 1579 1182 1652 άλλδ

226 1686 355 1761 δικαίας
375 1683 430 1749 καί
451 1685 589 1768 κοσμίας
610 1683 844 1767 ἐπιθυμοῦντα
864 1686 1046 1769 πολιτείας,
1072 1686 1184 1750 ἔπειτα

225 1778 284 1859 τὰς
300 1784 523 1868 δημοκρατίας
538 1779 598 1860 τάς
614 1806 650 1850 τε
666 1786 778 1859 κακῶς
791 1785 1036 1866 καθεστηκυίας
1049 1780 1184 1848 ἐλαττό-

225 1905 296 1947 νων
311 1886 498 1966 συμφορῶν
513 1885 618 1959 αἰτίας
633 1883 849 1967 γιγνομένας,
873 1879 933 1958 τάς
944 1905 980 1948 τε
997 1886 1107 1960 καλῶς
1120 1904 1183 1948 πο-

226 1980 441 2069 λιτευομένας
451 1980 659 2067 προεχούσας
669 1986 716 2071 τῷ
729 1980 936 2066 δικαιοτέρας
947 1976 1033 2048 εἶναι
1044 1982 1098 2049 καὶ
1110 2005 1183 2049 κοι-

226 2079 364 2164 νοτέρας
378 2080 432 2144 καὶ
448 2091 516 2156 τοῖς
528 2078 713 2165 χρωμένοις
726 2074 852 2164 ἡδίους.

177 2191 207 2248 71
310 2178 382 2265 (λ’.)
404 2176 485 2265 Τάχ’
498 2171 563 2246 οὖν
576 2178 620 2247 άν
633 2206 683 2259 τις
696 2177 917 2266 θαυμάσειεν,
931 2184 967 2247 τί
975 2176 1183 2266 βουλόμενος

224 2272 299 2345 άιπῖ
319 2282 377 2363 τῆς
391 2284 557 2357 πολιτείας
577 2284 635 2365 τῆς
656 2275 746 2344 οὕτω
767 2273 873 2345 πολλὰ
894 2278 949 2344 καὶ
963 2272 1049 2345 καλά
1067 2280 1212 2349 osane-0

224 2378 417 2462 πραγμένης
432 2378 549 2462 έτέραν
564 2373 651 2462 ὑμᾶς
666 2379 776 2443 πείθω
790 2381 1005 2463 μεταλαβεῖν,
1022 2377 1184 2455 καὶτίνας

224 2476 323 2543 ἕνεκα
332 2480 399 2542 νῦν
407 2465 470 2561 μέν
480 2472 570 2543 οὕτω
580 2480 690 2553 καλῶς
700 2477 928 2561 έγκεκωμίακα
938 2470 1001 2561 τὴν
1011 2478 1182 2562 δημοκρα-

223 2578 315 2659 τίαν,
341 2570 424 2641 ὅταν
444 2572 479 2641 δὲ
503 2574 609 2660 τύχω,
633 2575 738 2643 πάλιν
757 2570 955 2660 μεταβαλὼν
971 2575 1108 2662 ἐπιτιμῶ
1125 2576 1180 2643 καί

223 2680 398 2760 κατηγορῶ
412 2681 480 2743 τῶν
494 2674 727 2743 καθεστύτων.
846 2728 848 2733 .

173 2791 205 2845 72
307 2774 398 2860 (λα’.)
418 2770 498 2861 ’M
520 2773 555 2842 δέ
575 2774 718 2843 καὶτῶν
737 2777 882 2842 ἰδιωτῶν
901 2769 981 2852 τούς
1001 2770 1098 2860 ὀλίγα
1118 2774 1181 2860 μὲν

222 2878 492 2960 κατορθοῦντας,
517 2870 625 2942 πολλὰ
647 2869 678 2941 δ’
701 2872 989 2961 ἐξαμαρτάνοντας
1009 2875 1181 2960 μέμφομαι

221 2972 277 3041 καί
294 2976 417 3058 νομίζω
434 2979 665 3059 φαυλοτέρους
680 2969 766 3042 εἶναι
781 2980 843 3041 τοῦ
859 2975 1009 3059 δέοντος,
1027 2975 1083 3043 καῖ
1096 2973 1182 3062 πρός

220 3094 260 3157 γε
268 3069 401 3147 τούτοις
411 3067 490 3149 τούς
500 3069 682 3157 γεγονότας
690 3072 728 3139 ἐκ
739 3076 852 3139 καλῶν
862 3066 1209 3158 κάγαθῶνάνδριόν,δ

220 3168 275 3237 καί
287 3173 396 3257 μικρῷ
408 3168 471 3254 μὲν
482 3165 582 3247 ὄντας
593 3172 936 3255 έπιεικεστέρουςτιόν
946 3164 1181 3257 ὑπερβαλλόν-

219 3293 288 3337 των
304 3282 376 3348 ταῖς
396 3277 588 3356 πονηρίαις,
614 3265 702 3339 πολύ
719 3268 756 3337 δὲ
772 3275 904 3355 χείρους
924 3274 994 3337 τῶν
1013 3271 1179 3358 πατέρων,

220 3370 383 3454 λοιδορεῖ,
406 3369 462 3437 καί
477 3363 766 3456 συμβουλεύσαιμ’
782 3361 828 3435 ἄν
847 3364 960 3447 αύτοτς
981 3368 1178 3438 παύσασθαι

171 3486 206 3543 τε
220 3466 386 3546 τοιούτοις
400 3456 594 3574 οὖσιυίίτην
609 3464 716 3556 αύτην
731 3459 796 3536 οὖν
809 3467 950 3554 γνώμην
963 3473 1026 3555 έχω
1037 3469 1092 3539 καί
1102 3469 1177 3556 περί

220 3570 289 3633 τῶν
303 3570 446 3633 κοινῶν·
460 3564 607 3654 ἡγοῦμαι
618 3564 683 3655 γάρ
697 3572 769 3635 δεῖν
778 3564 866 3654 ἡμᾶς
876 3564 919 3634 ού
930 3571 1014 3656 μέγα
1025 3580 1179 3655 φρονεῖν,
