<?xml version="1.0" encoding="UTF-8"?>
<!DOCTYPE html PUBLIC "-//W3C//DTD XHTML 1.0 Transitional//EN"
    "http://www.w3.org/TR/xhtml1/DTD/xhtml1-transitional.dtd">
<html xmlns="http://www.w3.org/1999/xhtml" xml:lang="en" lang="en">
 <head>
  <title>
</title>
<meta http-equiv="Content-Type" content="text/html;charset=utf-8" />
  <meta name='ocr-system' content='tesseract 3.04.00' />
  <meta name='ocr-capabilities' content='ocr_page ocr_carea ocr_par ocr_line ocrx_word'/>
</head>
<body>
  <div class='ocr_page' id='page_1' title='image "./orationes00isgoog_0563.png"; bbox 0 0 2859 4334; ppageno 0'>
   <div class='ocr_carea' id='block_1_1' title="bbox 280 356 957 436">
    <p class='ocr_par' dir='ltr' id='par_1_1' title="bbox 280 356 957 436">
     <span class='ocr_line' id='line_1_1' title="bbox 280 356 957 436; baseline 0.004 -17"><span class='ocrx_word' id='word_1_1' title='bbox 280 356 340 419; x_wconf 90' lang='lat'><strong><em>190</em></strong></span> <span class='ocrx_word' id='word_1_2' title='bbox 549 362 868 421; x_wconf 76' lang='grc' dir='ltr'><strong><em>ιΣοανΛνονΣ</em></strong></span> <span class='ocrx_word' id='word_1_3' title='bbox 887 363 957 436; x_wconf 81' lang='grc' dir='ltr'><strong><em>(ιτ)</em></strong></span> 
     </span>
    </p>
   </div>
   <div class='ocr_carea' id='block_1_2' title="bbox 167 515 1354 1957">
    <p class='ocr_par' dir='ltr' id='par_1_2' title="bbox 276 515 1225 708">
     <span class='ocr_line' id='line_1_2' title="bbox 278 515 1225 607; baseline 0 -24"><span class='ocrx_word' id='word_1_4' title='bbox 278 522 442 585; x_wconf 79' lang='grc' dir='ltr'><strong><em>πλείστων</em></strong></span> <span class='ocrx_word' id='word_1_5' title='bbox 459 515 498 586; x_wconf 74' lang='grc' dir='ltr'><strong><em>δὲ</em></strong></span> <span class='ocrx_word' id='word_1_6' title='bbox 516 517 693 605; x_wconf 78' lang='grc' dir='ltr'><strong><em>χρημάτων</em></strong></span> <span class='ocrx_word' id='word_1_7' title='bbox 710 517 997 607; x_wconf 76' lang='grc' dir='ltr'><strong><em>ἀπεστερημένους</em></strong></span> <span class='ocrx_word' id='word_1_8' title='bbox 1010 517 1068 587; x_wconf 87' lang='grc' dir='ltr'><strong><em>καλ</em></strong></span> <span class='ocrx_word' id='word_1_9' title='bbox 1081 524 1225 605; x_wconf 78' lang='grc' dir='ltr'><strong><em>μεγίστῃ</em></strong></span> 
     </span>
     <span class='ocr_line' id='line_1_3' title="bbox 276 621 876 708; baseline 0.002 -21"><span class='ocrx_word' id='word_1_10' title='bbox 276 624 445 707; x_wconf 72' lang='grc' dir='ltr'><strong><em>μεταβολῇ</em></strong></span> <span class='ocrx_word' id='word_1_11' title='bbox 465 624 525 687; x_wconf 84' lang='grc' dir='ltr'><strong><em>τοῦ</em></strong></span> <span class='ocrx_word' id='word_1_12' title='bbox 543 625 622 706; x_wconf 90' lang='grc' dir='ltr'><strong><em>βίου</em></strong></span> <span class='ocrx_word' id='word_1_13' title='bbox 641 621 876 708; x_wconf 78' lang='grc' dir='ltr'><strong><em>κεχρημένους.</em></strong></span> 
     </span>
    </p>

    <p class='ocr_par' dir='ltr' id='par_1_3' title="bbox 235 716 1256 1114">
     <span class='ocr_line' id='line_1_4' title="bbox 235 716 1227 809; baseline -0.003 -20"><span class='ocrx_word' id='word_1_14' title='bbox 235 732 268 781; x_wconf 80' lang='grc'><strong><em>49</em></strong></span> <span class='ocrx_word' id='word_1_15' title='bbox 355 720 470 789; x_wconf 86' lang='grc' dir='ltr'><strong><em>Πολλά</em></strong></span> <span class='ocrx_word' id='word_1_16' title='bbox 489 719 519 788; x_wconf 92' lang='grc' dir='ltr'><strong><em>δ’</em></strong></span> <span class='ocrx_word' id='word_1_17' title='bbox 541 726 626 806; x_wconf 84' lang='grc' dir='ltr'><strong><em>έχων</em></strong></span> <span class='ocrx_word' id='word_1_18' title='bbox 644 721 792 808; x_wconf 87' lang='grc' dir='ltr'><strong><em>έμαυτδν</em></strong></span> <span class='ocrx_word' id='word_1_19' title='bbox 809 720 1002 809; x_wconf 74' lang='grc' dir='ltr'><strong><em>ὀδύρασθαι</em></strong></span> <span class='ocrx_word' id='word_1_20' title='bbox 1017 716 1150 808; x_wconf 73' lang='grc' dir='ltr'><strong><em>μάλιστ’</em></strong></span> <span class='ocrx_word' id='word_1_21' title='bbox 1171 718 1227 787; x_wconf 76' lang='grc' dir='ltr'><strong><em>ἐπὶ</em></strong></span> 
     </span>
     <span class='ocr_line' id='line_1_5' title="bbox 277 820 1227 914; baseline -0.001 -24"><span class='ocrx_word' id='word_1_22' title='bbox 277 821 406 901; x_wconf 77' lang='grc' dir='ltr'><strong><em>τούτοις</em></strong></span> <span class='ocrx_word' id='word_1_23' title='bbox 419 820 610 907; x_wconf 75' lang='grc' dir='ltr'><strong><em>ἀγανακτῶ,</em></strong></span> <span class='ocrx_word' id='word_1_24' title='bbox 624 822 835 910; x_wconf 71' lang='grc' dir='ltr'><strong><em>πρῶτονμὲν</em></strong></span> <span class='ocrx_word' id='word_1_25' title='bbox 849 829 882 891; x_wconf 81' lang='grc' dir='ltr'><strong><em>εἰ</em></strong></span> <span class='ocrx_word' id='word_1_26' title='bbox 891 820 1227 914; x_wconf 77' lang='grc' dir='ltr'><strong><em>τούτμδύσωδίκην,</em></strong></span> 
     </span>
     <span class='ocr_line' id='line_1_6' title="bbox 278 914 1256 1012; baseline -0.001 -22"><span class='ocrx_word' id='word_1_27' title='bbox 278 921 358 1008; x_wconf 90' lang='grc' dir='ltr'><strong><em>παρ’</em></strong></span> <span class='ocrx_word' id='word_1_28' title='bbox 375 914 417 991; x_wconf 85' lang='grc' dir='ltr'><strong><em>υά</em></strong></span> <span class='ocrx_word' id='word_1_29' title='bbox 432 930 548 1009; x_wconf 77' lang='grc' dir='ltr'><strong><em>λαβεῖν</em></strong></span> <span class='ocrx_word' id='word_1_30' title='bbox 561 948 616 1011; x_wconf 90' lang='grc' dir='ltr'><strong><em>μοι</em></strong></span> <span class='ocrx_word' id='word_1_31' title='bbox 633 923 805 1012; x_wconf 83' lang='grc' dir='ltr'><strong><em>προσήκει,</em></strong></span> <span class='ocrx_word' id='word_1_32' title='bbox 824 924 984 1010; x_wconf 83' lang='grc' dir='ltr'><strong><em>δεύτερον</em></strong></span> <span class='ocrx_word' id='word_1_33' title='bbox 996 923 1029 992; x_wconf 90' lang='grc' dir='ltr'><strong><em>δ’</em></strong></span> <span class='ocrx_word' id='word_1_34' title='bbox 1047 930 1079 993; x_wconf 83' lang='grc' dir='ltr'><strong><em>εί</em></strong></span> <span class='ocrx_word' id='word_1_35' title='bbox 1095 922 1149 991; x_wconf 84' lang='grc' dir='ltr'><strong><em>διά</em></strong></span> <span class='ocrx_word' id='word_1_36' title='bbox 1163 919 1256 1009; x_wconf 75' lang='grc' dir='ltr'><strong><em>τήνο</em></strong></span> 
     </span>
     <span class='ocr_line' id='line_1_7' title="bbox 277 1021 1226 1114; baseline -0.001 -23"><span class='ocrx_word' id='word_1_37' title='bbox 277 1028 339 1091; x_wconf 80' lang='grc' dir='ltr'><strong><em>τού</em></strong></span> <span class='ocrx_word' id='word_1_38' title='bbox 354 1024 479 1111; x_wconf 83' lang='grc' dir='ltr'><strong><em>πατρὸς</em></strong></span> <span class='ocrx_word' id='word_1_39' title='bbox 492 1031 591 1112; x_wconf 87' lang='grc' dir='ltr'><strong><em>νίκην</em></strong></span> <span class='ocrx_word' id='word_1_40' title='bbox 603 1026 664 1114; x_wconf 81' lang='grc' dir='ltr'><strong><em>τὴν</em></strong></span> <span class='ocrx_word' id='word_1_41' title='bbox 671 1022 892 1113; x_wconf 88' lang='grc' dir='ltr'><strong><em>Ὀλυμπίασιν</em></strong></span> <span class='ocrx_word' id='word_1_42' title='bbox 902 1023 1165 1114; x_wconf 79' lang='grc' dir='ltr'><strong><em>ἀτιμωθήσομαι,</em></strong></span> <span class='ocrx_word' id='word_1_43' title='bbox 1180 1021 1226 1091; x_wconf 85' lang='grc' dir='ltr'><strong><em>δι’</em></strong></span> 
     </span>
    </p>

    <p class='ocr_par' dir='ltr' id='par_1_4' title="bbox 237 1121 1354 1215">
     <span class='ocr_line' id='line_1_8' title="bbox 237 1121 1354 1215; baseline 0.01 -28"><span class='ocrx_word' id='word_1_44' title='bbox 237 1121 322 1212; x_wconf 78' lang='grc' dir='ltr'><strong><em>οοῆν</em></strong></span> <span class='ocrx_word' id='word_1_45' title='bbox 339 1124 421 1206; x_wconf 86' lang='grc' dir='ltr'><strong><em>τούς</em></strong></span> <span class='ocrx_word' id='word_1_46' title='bbox 440 1124 564 1206; x_wconf 88' lang='grc' dir='ltr'><strong><em>ἀλλους</em></strong></span> <span class='ocrx_word' id='word_1_47' title='bbox 581 1122 651 1213; x_wconf 78' lang='grc' dir='ltr'><strong><em>δρῶ</em></strong></span> <span class='ocrx_word' id='word_1_48' title='bbox 670 1126 798 1212; x_wconf 86' lang='grc' dir='ltr'><strong><em>δωρεάς</em></strong></span> <span class='ocrx_word' id='word_1_49' title='bbox 816 1126 1066 1215; x_wconf 87' lang='grc' dir='ltr'><strong><em>λαμβάνοντας,</em></strong></span> <span class='ocrx_word' id='word_1_50' title='bbox 1085 1123 1171 1213; x_wconf 77' lang='grc' dir='ltr'><strong><em>πρὸς</em></strong></span> <span class='ocrx_word' id='word_1_51' title='bbox 1190 1123 1227 1193; x_wconf 73' lang='grc' dir='ltr'><strong><em>δὲ</em></strong></span> <span class='ocrx_word' id='word_1_52' title='bbox 1353 1175 1354 1198; x_wconf 51' lang='grc' dir='ltr'><strong><em>τ</em></strong></span> 
     </span>
    </p>

    <p class='ocr_par' dir='ltr' id='par_1_5' title="bbox 167 1224 1226 1317">
     <span class='ocr_line' id='line_1_9' title="bbox 167 1224 1226 1317; baseline -0.002 -22"><span class='ocrx_word' id='word_1_53' title='bbox 167 1284 169 1287; x_wconf 92' lang='grc'>.</span> <span class='ocrx_word' id='word_1_54' title='bbox 278 1225 406 1308; x_wconf 78' lang='grc' dir='ltr'><strong><em>τούτοις</em></strong></span> <span class='ocrx_word' id='word_1_55' title='bbox 416 1235 447 1297; x_wconf 84' lang='grc' dir='ltr'><strong><em>εί</em></strong></span> <span class='ocrx_word' id='word_1_56' title='bbox 458 1228 657 1315; x_wconf 79' lang='grc' dir='ltr'><strong><em>Τεισίαςμέν</em></strong></span> <span class='ocrx_word' id='word_1_57' title='bbox 668 1230 774 1317; x_wconf 71' lang='grc' dir='ltr'><strong><em>μηδὲν</em></strong></span> <span class='ocrx_word' id='word_1_58' title='bbox 787 1224 923 1315; x_wconf 83' lang='grc' dir='ltr'><strong><em>ἀγαθὰν</em></strong></span> <span class='ocrx_word' id='word_1_59' title='bbox 936 1228 1075 1315; x_wconf 83' lang='grc' dir='ltr'><strong><em>ποιήσας</em></strong></span> <span class='ocrx_word' id='word_1_60' title='bbox 1089 1227 1150 1314; x_wconf 78' lang='grc' dir='ltr'><strong><em>τὴν</em></strong></span> <span class='ocrx_word' id='word_1_61' title='bbox 1161 1226 1226 1294; x_wconf 86' lang='grc' dir='ltr'><strong><em>πό·</em></strong></span> 
     </span>
    </p>

    <p class='ocr_par' dir='ltr' id='par_1_6' title="bbox 279 1327 1354 1925">
     <span class='ocr_line' id='line_1_10' title="bbox 279 1327 1354 1421; baseline -0.001 -25"><span class='ocrx_word' id='word_1_62' title='bbox 279 1337 332 1396; x_wconf 87' lang='grc' dir='ltr'><strong><em>λιν</em></strong></span> <span class='ocrx_word' id='word_1_63' title='bbox 349 1328 405 1396; x_wconf 83' lang='grc' dir='ltr'><strong><em>καλ</em></strong></span> <span class='ocrx_word' id='word_1_64' title='bbox 424 1332 461 1397; x_wconf 81' lang='grc' dir='ltr'><strong><em>ἐν</em></strong></span> <span class='ocrx_word' id='word_1_65' title='bbox 479 1333 684 1421; x_wconf 78' lang='grc' dir='ltr'><strong><em>δημοκρατίᾳ</em></strong></span> <span class='ocrx_word' id='word_1_66' title='bbox 703 1329 760 1398; x_wconf 81' lang='grc' dir='ltr'><strong><em>καλ</em></strong></span> <span class='ocrx_word' id='word_1_67' title='bbox 778 1333 815 1398; x_wconf 82' lang='grc' dir='ltr'><strong><em>έν</em></strong></span> <span class='ocrx_word' id='word_1_68' title='bbox 828 1328 1006 1419; x_wconf 79' lang='grc' dir='ltr'><strong><em>ὀλιγαρχίᾳ</em></strong></span> <span class='ocrx_word' id='word_1_69' title='bbox 1018 1329 1105 1416; x_wconf 89' lang='grc' dir='ltr'><strong><em>μέγα</em></strong></span> <span class='ocrx_word' id='word_1_70' title='bbox 1118 1327 1228 1415; x_wconf 74' lang='grc' dir='ltr'><strong><em>δυνὴ-</em></strong></span> <span class='ocrx_word' id='word_1_71' title='bbox 1353 1341 1354 1352; x_wconf 74' lang='grc'>’</span> 
     </span>
     <span class='ocr_line' id='line_1_11' title="bbox 279 1428 1230 1520; baseline -0.002 -21"><span class='ocrx_word' id='word_1_72' title='bbox 279 1449 381 1515; x_wconf 89' lang='grc' dir='ltr'><strong><em>σεται,</em></strong></span> <span class='ocrx_word' id='word_1_73' title='bbox 398 1432 461 1517; x_wconf 80' lang='grc' dir='ltr'><strong><em>ε’γά</em></strong></span> <span class='ocrx_word' id='word_1_74' title='bbox 477 1429 512 1498; x_wconf 86' lang='grc' dir='ltr'><strong><em>δ’</em></strong></span> <span class='ocrx_word' id='word_1_75' title='bbox 526 1439 558 1501; x_wconf 87' lang='grc' dir='ltr'><strong><em>εί</em></strong></span> <span class='ocrx_word' id='word_1_76' title='bbox 569 1432 771 1520; x_wconf 77' lang='grc' dir='ltr'><strong><em>μηδετέρους</em></strong></span> <span class='ocrx_word' id='word_1_77' title='bbox 784 1429 945 1518; x_wconf 74' lang='grc' dir='ltr'><strong><em>ἀδικήσας</em></strong></span> <span class='ocrx_word' id='word_1_78' title='bbox 956 1429 1016 1499; x_wconf 83' lang='grc' dir='ltr'><strong><em>ἀπ’</em></strong></span> <span class='ocrx_word' id='word_1_79' title='bbox 1026 1428 1230 1519; x_wconf 79' lang='grc' dir='ltr'><strong><em>ἀμφοτέρων</em></strong></span> 
     </span>
     <span class='ocr_line' id='line_1_12' title="bbox 279 1528 1231 1621; baseline -0.001 -22"><span class='ocrx_word' id='word_1_80' title='bbox 279 1536 389 1610; x_wconf 79' lang='grc' dir='ltr'><strong><em>κακῶς</em></strong></span> <span class='ocrx_word' id='word_1_81' title='bbox 400 1537 574 1619; x_wconf 82' lang='grc' dir='ltr'><strong><em>πείσομαι,</em></strong></span> <span class='ocrx_word' id='word_1_82' title='bbox 593 1536 650 1602; x_wconf 85' lang='grc' dir='ltr'><strong><em>καλ</em></strong></span> <span class='ocrx_word' id='word_1_83' title='bbox 669 1536 747 1621; x_wconf 79' lang='grc' dir='ltr'><strong><em>περὶ</em></strong></span> <span class='ocrx_word' id='word_1_84' title='bbox 765 1532 827 1620; x_wconf 69' lang='grc' dir='ltr'><strong><em>μὲν</em></strong></span> <span class='ocrx_word' id='word_1_85' title='bbox 845 1536 915 1601; x_wconf 80' lang='grc' dir='ltr'><strong><em>τῶν</em></strong></span> <span class='ocrx_word' id='word_1_86' title='bbox 932 1531 1043 1600; x_wconf 87' lang='grc' dir='ltr'><strong><em>ἀλλων</em></strong></span> <span class='ocrx_word' id='word_1_87' title='bbox 1062 1528 1231 1599; x_wconf 87' lang='grc' dir='ltr'><strong><em>τάναντία</em></strong></span> 
     </span>
     <span class='ocr_line' id='line_1_13' title="bbox 280 1630 1229 1733; baseline 0.001 -33"><span class='ocrx_word' id='word_1_88' title='bbox 280 1648 349 1712; x_wconf 92' lang='grc' dir='ltr'><strong><em>τοις</em></strong></span> <span class='ocrx_word' id='word_1_89' title='bbox 362 1634 539 1719; x_wconf 81' lang='grc' dir='ltr'><strong><em>τριάκοντα</em></strong></span> <span class='ocrx_word' id='word_1_90' title='bbox 553 1633 704 1733; x_wconf 81' lang='grc' dir='ltr'><strong><em>πράξετε,</em></strong></span> <span class='ocrx_word' id='word_1_91' title='bbox 719 1636 798 1723; x_wconf 73' lang='grc' dir='ltr'><strong><em>περὶ</em></strong></span> <span class='ocrx_word' id='word_1_92' title='bbox 813 1630 847 1703; x_wconf 88' lang='grc' dir='ltr'><strong><em>δ’</em></strong></span> <span class='ocrx_word' id='word_1_93' title='bbox 856 1636 987 1722; x_wconf 78' lang='grc' dir='ltr'><strong><em>ἐμοῦ</em></strong></span> <span class='ocrx_word' id='word_1_94' title='bbox 951 1660 1012 1721; x_wconf 90' lang='grc' dir='ltr'><strong><em>την</em></strong></span> <span class='ocrx_word' id='word_1_95' title='bbox 1020 1660 1128 1719; x_wconf 90' lang='grc' dir='ltr'><strong><em>αυτην</em></strong></span> <span class='ocrx_word' id='word_1_96' title='bbox 1138 1634 1229 1701; x_wconf 87' lang='grc' dir='ltr'><strong><em>έκεί·</em></strong></span> 
     </span>
     <span class='ocr_line' id='line_1_14' title="bbox 279 1727 1255 1857; baseline 0.002 -56"><span class='ocrx_word' id='word_1_97' title='bbox 279 1760 349 1857; x_wconf 89' lang='grc' dir='ltr'><strong><em>νοις</em></strong></span> <span class='ocrx_word' id='word_1_98' title='bbox 367 1735 504 1823; x_wconf 80' lang='grc' dir='ltr'><strong><em>γνώμην</em></strong></span> <span class='ocrx_word' id='word_1_99' title='bbox 523 1737 623 1818; x_wconf 79' lang='grc' dir='ltr'><strong><em>ἕξετε,</em></strong></span> <span class='ocrx_word' id='word_1_100' title='bbox 641 1736 696 1803; x_wconf 81' lang='grc' dir='ltr'><strong><em>καὶ</em></strong></span> <span class='ocrx_word' id='word_1_101' title='bbox 714 1734 787 1804; x_wconf 88' lang='grc' dir='ltr'><strong><em>τότε</em></strong></span> <span class='ocrx_word' id='word_1_102' title='bbox 803 1762 866 1823; x_wconf 92' lang='grc' dir='ltr'><strong><em>μεν</em></strong></span> <span class='ocrx_word' id='word_1_103' title='bbox 883 1734 961 1824; x_wconf 89' lang='grc' dir='ltr'><strong><em>μεθ’</em></strong></span> <span class='ocrx_word' id='word_1_104' title='bbox 977 1734 1088 1822; x_wconf 80' lang='grc' dir='ltr'><strong><em>ύμάν,</em></strong></span> <span class='ocrx_word' id='word_1_105' title='bbox 1105 1727 1226 1801; x_wconf 81' lang='grc' dir='ltr'><strong><em>νῦνδ’</em></strong></span> <span class='ocrx_word' id='word_1_106' title='bbox 1240 1768 1255 1803; x_wconf 82' lang='lat' dir='ltr'>e</span> 
     </span>
     <span class='ocr_line' id='line_1_15' title="bbox 283 1832 912 1957; baseline 0.003 -54"><span class='ocrx_word' id='word_1_107' title='bbox 283 1832 343 1921; x_wconf 76' lang='grc' dir='ltr'><strong><em>ὑφ’</em></strong></span> <span class='ocrx_word' id='word_1_108' title='bbox 365 1834 461 1957; x_wconf 75' lang='grc' dir='ltr'><strong><em>,ύμῷν</em></strong></span> <span class='ocrx_word' id='word_1_109' title='bbox 479 1864 537 1923; x_wconf 90' lang='grc' dir='ltr'><strong><em>της</em></strong></span> <span class='ocrx_word' id='word_1_110' title='bbox 557 1837 685 1918; x_wconf 86' lang='grc' dir='ltr'><strong><em>πόλεως</em></strong></span> <span class='ocrx_word' id='word_1_111' title='bbox 704 1836 912 1925; x_wconf 80' lang='grc' dir='ltr'><strong><em>στερήσομαι.</em></strong></span> 
     </span>
    </p>
   </div>
   <div class='ocr_carea' id='block_1_3' title="bbox 653 2070 852 2078">
    <p class='ocr_par' dir='ltr' id='par_1_7' title="bbox 653 2070 852 2078">
     <span class='ocr_line' id='line_1_16' title="bbox 653 2070 852 2078; baseline 0 0"><span class='ocrx_word' id='word_1_112' title='bbox 653 2070 852 2078; x_wconf 77' lang='lat'>—-———</span> 
     </span>
    </p>
   </div>
   <div class='ocr_carea' id='block_1_4' title="bbox 359 2366 974 2462">
    <p class='ocr_par' dir='ltr' id='par_1_8' title="bbox 339 2338 974 2462">
     <span class='ocr_line' id='line_1_17' title="bbox 359 2366 974 2462; baseline -0.002 -28.032"><span class='ocrx_word' id='word_1_113' title='bbox 359 2430 381 2462; x_wconf 66' lang='lat'><strong><em>,-</em></strong></span> <span class='ocrx_word' id='word_1_114' title='bbox 542 2366 974 2435; x_wconf 72' lang='grc' dir='ltr'><strong><em>νεναυπινιαοε</em></strong></span> 
     </span>
    </p>
   </div>
   <div class='ocr_carea' id='block_1_5' title="bbox 257 2642 1354 3753">
    <p class='ocr_par' dir='ltr' id='par_1_9' title="bbox 257 2642 1354 3753">
     <span class='ocr_line' id='line_1_18' title="bbox 320 2642 1293 2741; baseline -0.002 -18"><span class='ocrx_word' id='word_1_115' title='bbox 320 2655 321 2658; x_wconf 35' lang='grc'><strong>“</strong></span> <span class='ocrx_word' id='word_1_116' title='bbox 358 2650 428 2741; x_wconf 83' lang='grc' dir='ltr'><strong><em>(α’.)</em></strong></span> <span class='ocrx_word' id='word_1_117' title='bbox 444 2646 488 2737; x_wconf 84' lang='grc' dir='ltr'><em>Ὁ</em></span> <span class='ocrx_word' id='word_1_118' title='bbox 503 2651 565 2739; x_wconf 70' lang='grc' dir='ltr'><strong><em>μὲν</em></strong></span> <span class='ocrx_word' id='word_1_119' title='bbox 579 2650 673 2738; x_wconf 84' lang='grc' dir='ltr'><strong><em>ἀγών</em></strong></span> <span class='ocrx_word' id='word_1_120' title='bbox 685 2680 743 2739; x_wconf 33' lang='grc' dir='ltr'><strong><em>μοι,</em></strong></span> <span class='ocrx_word' id='word_1_121' title='bbox 753 2652 857 2738; x_wconf 85' lang='grc' dir='ltr'><strong><em>μέγας</em></strong></span> <span class='ocrx_word' id='word_1_122' title='bbox 869 2651 973 2739; x_wconf 81' lang='grc' dir='ltr'><strong><em>ἐστὶν,</em></strong></span> <span class='ocrx_word' id='word_1_123' title='bbox 991 2642 1018 2718; x_wconf 78' lang='grc' dir='ltr'><strong><em>ἀ</em></strong></span> <span class='ocrx_word' id='word_1_124' title='bbox 1031 2649 1154 2738; x_wconf 85' lang='grc' dir='ltr'><strong><em>ἀνδρες</em></strong></span> <span class='ocrx_word' id='word_1_125' title='bbox 1169 2656 1224 2721; x_wconf 84' lang='grc' dir='ltr'><strong><em>δι·</em></strong></span> <span class='ocrx_word' id='word_1_126' title='bbox 1239 2680 1293 2732; x_wconf 72' lang='grc' dir='ltr'><strong><em>ςω</em></strong></span> 
     </span>
     <span class='ocr_line' id='line_1_19' title="bbox 281 2752 1230 2843; baseline 0 -21"><span class='ocrx_word' id='word_1_127' title='bbox 281 2752 409 2822; x_wconf 83' lang='grc' dir='ltr'><strong><em>κασταί.</em></strong></span> <span class='ocrx_word' id='word_1_128' title='bbox 428 2753 469 2822; x_wconf 87' lang='grc' dir='ltr'><strong><em>ού</em></strong></span> <span class='ocrx_word' id='word_1_129' title='bbox 480 2753 545 2840; x_wconf 90' lang='grc' dir='ltr'><strong><em>γάρ</em></strong></span> <span class='ocrx_word' id='word_1_130' title='bbox 554 2754 661 2843; x_wconf 90' lang='grc' dir='ltr'><strong><em>μόνον</em></strong></span> <span class='ocrx_word' id='word_1_131' title='bbox 672 2754 747 2841; x_wconf 81' lang='grc' dir='ltr'><strong><em>περὶ</em></strong></span> <span class='ocrx_word' id='word_1_132' title='bbox 762 2756 899 2821; x_wconf 76' lang='grc' dir='ltr'><strong><em>πολλῶν</em></strong></span> <span class='ocrx_word' id='word_1_133' title='bbox 912 2752 1091 2841; x_wconf 81' lang='grc' dir='ltr'><strong><em>χρημάτων</em></strong></span> <span class='ocrx_word' id='word_1_134' title='bbox 1105 2758 1230 2822; x_wconf 86' lang='grc' dir='ltr'><strong><em>κινδυ-</em></strong></span> 
     </span>
     <span class='ocr_line' id='line_1_20' title="bbox 282 2851 1229 2950; baseline 0 -27"><span class='ocrx_word' id='word_1_135' title='bbox 282 2855 371 2924; x_wconf 91' lang='grc' dir='ltr'><strong><em>νεύω</em></strong></span> <span class='ocrx_word' id='word_1_136' title='bbox 381 2852 467 2950; x_wconf 88' lang='grc' dir='ltr'><strong><em>ἀλλά</em></strong></span> <span class='ocrx_word' id='word_1_137' title='bbox 478 2857 533 2923; x_wconf 83' lang='grc' dir='ltr'><strong><em>καὶ</em></strong></span> <span class='ocrx_word' id='word_1_138' title='bbox 548 2856 625 2942; x_wconf 83' lang='grc' dir='ltr'><strong><em>περὶ</em></strong></span> <span class='ocrx_word' id='word_1_139' title='bbox 639 2858 699 2923; x_wconf 79' lang='grc' dir='ltr'><strong><em>τοῦ</em></strong></span> <span class='ocrx_word' id='word_1_140' title='bbox 713 2853 760 2943; x_wconf 76' lang='grc' dir='ltr'><strong><em>μὴ</em></strong></span> <span class='ocrx_word' id='word_1_141' title='bbox 774 2859 887 2932; x_wconf 81' lang='grc' dir='ltr'><strong><em>δοκεῖν</em></strong></span> <span class='ocrx_word' id='word_1_142' title='bbox 901 2851 1028 2933; x_wconf 85' lang='grc' dir='ltr'><strong><em>ἀδίκως</em></strong></span> <span class='ocrx_word' id='word_1_143' title='bbox 1041 2856 1110 2922; x_wconf 75' lang='grc' dir='ltr'><strong><em>τῶν</em></strong></span> <span class='ocrx_word' id='word_1_144' title='bbox 1123 2852 1229 2923; x_wconf 90' lang='grc' dir='ltr'><strong><em>ἀλλο·</em></strong></span> 
     </span>
     <span class='ocr_line' id='line_1_21' title="bbox 282 2952 1227 3080; baseline 0 -57"><span class='ocrx_word' id='word_1_145' title='bbox 282 2984 384 3045; x_wconf 85' lang='grc' dir='ltr'><strong><em>τριων</em></strong></span> <span class='ocrx_word' id='word_1_146' title='bbox 409 2960 602 3080; x_wconf 81' lang='grc' dir='ltr'><strong><em>ἐπιθυμεῖν·</em></strong></span> <span class='ocrx_word' id='word_1_147' title='bbox 639 2952 657 3024; x_wconf 85' lang='grc' dir='ltr'><strong><em>δ</em></strong></span> <span class='ocrx_word' id='word_1_148' title='bbox 682 2954 748 3043; x_wconf 72' lang='grc' dir='ltr'><strong><em>ἐγὼ</em></strong></span> <span class='ocrx_word' id='word_1_149' title='bbox 773 2956 848 3043; x_wconf 81' lang='grc' dir='ltr'><strong><em>περὶ</em></strong></span> <span class='ocrx_word' id='word_1_150' title='bbox 872 2964 1033 3024; x_wconf 82' lang='grc' dir='ltr'><strong><em>πλείστου</em></strong></span> <span class='ocrx_word' id='word_1_151' title='bbox 1058 2958 1227 3044; x_wconf 84' lang='grc' dir='ltr'><strong><em>ποιοῦμαι.</em></strong></span> 
     </span>
     <span class='ocr_line' id='line_1_22' title="bbox 282 3055 1228 3155; baseline 0 -28"><span class='ocrx_word' id='word_1_152' title='bbox 282 3058 381 3155; x_wconf 84' lang='grc' dir='ltr'><strong><em>οάσία</em></strong></span> <span class='ocrx_word' id='word_1_153' title='bbox 398 3055 519 3146; x_wconf 74' lang='grc' dir='ltr'><strong><em>μὲν</em></strong></span> <span class='ocrx_word' id='word_1_154' title='bbox 478 3085 544 3145; x_wconf 91' lang='grc' dir='ltr'><strong><em>γαρ</em></strong></span> <span class='ocrx_word' id='word_1_155' title='bbox 564 3057 662 3145; x_wconf 85' lang='grc' dir='ltr'><strong><em>ίκανη</em></strong></span> <span class='ocrx_word' id='word_1_156' title='bbox 679 3084 736 3145; x_wconf 91' lang='grc' dir='ltr'><strong><em>μοι</em></strong></span> <span class='ocrx_word' id='word_1_157' title='bbox 747 3057 1051 3144; x_wconf 78' lang='grc' dir='ltr'><strong><em>καταλειφθήσεται</em></strong></span> <span class='ocrx_word' id='word_1_158' title='bbox 1068 3059 1125 3127; x_wconf 83' lang='grc' dir='ltr'><strong><em>καλ</em></strong></span> <span class='ocrx_word' id='word_1_159' title='bbox 1143 3057 1228 3127; x_wconf 88' lang='grc' dir='ltr'><strong><em>τού·</em></strong></span> 
     </span>
     <span class='ocr_line' id='line_1_23' title="bbox 273 3157 1228 3284; baseline 0 -56"><span class='ocrx_word' id='word_1_160' title='bbox 273 3188 350 3259; x_wconf 71' lang='grc' dir='ltr'><strong><em>1των</em></strong></span> <span class='ocrx_word' id='word_1_161' title='bbox 369 3162 575 3284; x_wconf 87' lang='grc' dir='ltr'><strong><em>στερηθέντι</em></strong></span> <span class='ocrx_word' id='word_1_162' title='bbox 608 3185 624 3228; x_wconf 86' lang='grc' dir='ltr'><strong><em>ε</em></strong></span> <span class='ocrx_word' id='word_1_163' title='bbox 626 3158 693 3228; x_wconf 84' lang='grc' dir='ltr'><strong><em>ίδε</em></strong></span> <span class='ocrx_word' id='word_1_164' title='bbox 712 3159 843 3246; x_wconf 87' lang='grc' dir='ltr'><strong><em>δόξαιμι</em></strong></span> <span class='ocrx_word' id='word_1_165' title='bbox 858 3157 943 3246; x_wconf 74' lang='grc' dir='ltr'><strong><em>μηδέ</em></strong></span> <span class='ocrx_word' id='word_1_166' title='bbox 944 3186 965 3225; x_wconf 93' lang='grc' dir='ltr'><strong><em>ν</em></strong></span> <span class='ocrx_word' id='word_1_167' title='bbox 981 3178 1152 3246; x_wconf 87' lang='grc' dir='ltr'><strong><em>προσηκον</em></strong></span> <span class='ocrx_word' id='word_1_168' title='bbox 1168 3187 1228 3229; x_wconf 81' lang='grc' dir='ltr'><strong><em>το·</em></strong></span> 
     </span>
     <span class='ocr_line' id='line_1_24' title="bbox 283 3255 1354 3354; baseline 0.003 -24"><span class='ocrx_word' id='word_1_169' title='bbox 283 3264 390 3330; x_wconf 86' lang='grc' dir='ltr'><strong><em>σαντα</em></strong></span> <span class='ocrx_word' id='word_1_170' title='bbox 413 3260 561 3354; x_wconf 79' lang='grc' dir='ltr'><strong><em>γρῆματ</em></strong></span> <span class='ocrx_word' id='word_1_171' title='bbox 546 3258 769 3352; x_wconf 81' lang='grc' dir='ltr'><strong><em>’έγκαλέσαι,</em></strong></span> <span class='ocrx_word' id='word_1_172' title='bbox 791 3255 1057 3348; x_wconf 85' lang='grc' dir='ltr'><strong><em>διαβληθείην</em></strong></span> <span class='ocrx_word' id='word_1_173' title='bbox 1037 3287 1081 3329; x_wconf 89' lang='grc' dir='ltr'><strong><em>αν</em></strong></span> <span class='ocrx_word' id='word_1_174' title='bbox 1103 3258 1166 3330; x_wconf 84' lang='grc' dir='ltr'><strong><em>τάν</em></strong></span> <span class='ocrx_word' id='word_1_175' title='bbox 1184 3260 1224 3330; x_wconf 81' lang='grc' dir='ltr'><strong><em>ἀ</em></strong></span> <span class='ocrx_word' id='word_1_176' title='bbox 1241 3279 1261 3333; x_wconf 84' lang='lat' dir='ltr'>b</span> <span class='ocrx_word' id='word_1_177' title='bbox 1353 3307 1354 3352; x_wconf 64' lang='lat'>3</span> 
     </span>
     <span class='ocr_line' id='line_1_25' title="bbox 282 3355 1354 3451; baseline -0.003 -19"><span class='ocrx_word' id='word_1_178' title='bbox 282 3364 390 3432; x_wconf 82' lang='grc' dir='ltr'><strong><em>παντα</em></strong></span> <span class='ocrx_word' id='word_1_179' title='bbox 406 3370 537 3451; x_wconf 73' lang='grc' dir='ltr'><strong><em>βίον·</em></strong></span> <span class='ocrx_word' id='word_1_180' title='bbox 1353 3355 1354 3398; x_wconf 58' lang='lat'>³</span> 
     </span>
     <span class='ocr_line' id='line_1_26' title="bbox 257 3441 1227 3557; baseline -0.001 -23"><span class='ocrx_word' id='word_1_181' title='bbox 257 3486 273 3534; x_wconf 75' lang='grc' dir='ltr'><strong><em>τ</em></strong></span> <span class='ocrx_word' id='word_1_182' title='bbox 339 3464 404 3553; x_wconf 85' lang='grc' dir='ltr'><strong><em>(β’</em></strong></span> <span class='ocrx_word' id='word_1_183' title='bbox 407 3458 456 3557; x_wconf 81' lang='lat'>.’&#39;)</span> <span class='ocrx_word' id='word_1_184' title='bbox 454 3462 597 3551; x_wconf 71' lang='grc' dir='ltr'><strong><em>Εστιδ,</em></strong></span> <span class='ocrx_word' id='word_1_185' title='bbox 615 3492 641 3536; x_wconf 88' lang='grc' dir='ltr'><strong><em>ω</em></strong></span> <span class='ocrx_word' id='word_1_186' title='bbox 626 3454 780 3550; x_wconf 79' lang='grc' dir='ltr'><strong><em>ἄνδρες</em></strong></span> <span class='ocrx_word' id='word_1_187' title='bbox 793 3464 958 3549; x_wconf 77' lang='grc' dir='ltr'><strong><em>δικασταὶ,</em></strong></span> <span class='ocrx_word' id='word_1_188' title='bbox 976 3441 1114 3533; x_wconf 79' lang='grc' dir='ltr'><strong><em>πάντων</em></strong></span> <span class='ocrx_word' id='word_1_189' title='bbox 1127 3471 1227 3549; x_wconf 83' lang='grc' dir='ltr'><strong><em>χαλε-</em></strong></span> 
     </span>
     <span class='ocr_line' id='line_1_27' title="bbox 284 3563 1228 3654; baseline -0.001 -20"><span class='ocrx_word' id='word_1_190' title='bbox 284 3567 439 3634; x_wconf 76' lang='grc' dir='ltr'><strong><em>τρίτατον</em></strong></span> <span class='ocrx_word' id='word_1_191' title='bbox 463 3564 624 3634; x_wconf 89' lang='grc' dir='ltr'><strong><em>τοιούτων</em></strong></span> <span class='ocrx_word' id='word_1_192' title='bbox 649 3563 828 3634; x_wconf 86' lang='grc' dir='ltr'><strong><em>ἀντιδίκων</em></strong></span> <span class='ocrx_word' id='word_1_193' title='bbox 850 3580 975 3651; x_wconf 79' lang='grc' dir='ltr'><strong><em>τυχεῖν.</em></strong></span> <span class='ocrx_word' id='word_1_194' title='bbox 1018 3592 1059 3633; x_wconf 90' lang='grc' dir='ltr'><strong><em>τα</em></strong></span> <span class='ocrx_word' id='word_1_195' title='bbox 1046 3564 1203 3651; x_wconf 55' lang='grc' dir='ltr'><strong><em>ἱ’μέν</em></strong></span> <span class='ocrx_word' id='word_1_196' title='bbox 1161 3593 1228 3654; x_wconf 87' lang='grc' dir='ltr'><strong><em>γαρ</em></strong></span> 
     </span>
     <span class='ocr_line' id='line_1_28' title="bbox 284 3664 1227 3753; baseline 0.002 -20"><span class='ocrx_word' id='word_1_197' title='bbox 284 3670 469 3753; x_wconf 85' lang='grc' dir='ltr'><strong><em>συμβόλαια</em></strong></span> <span class='ocrx_word' id='word_1_198' title='bbox 492 3666 531 3733; x_wconf 90' lang='grc' dir='ltr'><strong><em>τά</em></strong></span> <span class='ocrx_word' id='word_1_199' title='bbox 557 3665 641 3750; x_wconf 81' lang='grc' dir='ltr'><strong><em>πρὸς</em></strong></span> <span class='ocrx_word' id='word_1_200' title='bbox 666 3664 746 3745; x_wconf 85' lang='grc' dir='ltr'><strong><em>τούς</em></strong></span> <span class='ocrx_word' id='word_1_201' title='bbox 772 3667 827 3735; x_wconf 76' lang='grc' dir='ltr'><strong><em>ἐπὶ</em></strong></span> <span class='ocrx_word' id='word_1_202' title='bbox 850 3681 923 3745; x_wconf 82' lang='grc' dir='ltr'><strong><em>ταῖς</em></strong></span> <span class='ocrx_word' id='word_1_203' title='bbox 947 3664 1165 3750; x_wconf 76' lang='grc' dir='ltr'><strong><em>τραπέζαις</em></strong></span> <span class='ocrx_word' id='word_1_204' title='bbox 1143 3693 1227 3735; x_wconf 80' lang='grc' dir='ltr'><strong><em>ανευ</em></strong></span> 
     </span>
    </p>
   </div>
   <div class='ocr_carea' id='block_1_6' title="bbox 0 0 1446 4334">
    <p class='ocr_par' dir='ltr' id='par_1_10' title="bbox 0 0 1446 4334">
     <span class='ocr_line' id='line_1_29' title="bbox 0 0 1446 4334; baseline 0 0"><span class='ocrx_word' id='word_1_205' title='bbox 0 0 1446 4334; x_wconf 95' lang='lat' dir='ltr'><strong><em> </em></strong></span> 
     </span>
    </p>
   </div>
  </div>
 </body>
</html>
