2859 4334
405 370 524 428 ΠΕΡΙ
541 372 885 431 ΔΝΤΙΔΟΣΕΩΣ.
1060 367 1119 433 101

153 530 241 611 περὶ
265 526 327 613 την
350 526 513 614 ὑμετέραν
533 531 691 612 γενέσθαι
713 532 827 615 πόλιν,
844 534 926 618 μηδὲ
941 528 1004 619 τὴν
1016 529 1146 618 ὕβρινᾱ

154 626 228 712 τὴν
243 628 376 695 τούτων
397 626 472 696 dvxi
488 636 546 715 τῆς
560 633 733 716 παρούσης
749 632 870 716 ἕλησθε
886 632 992 717 δόξης.

101 744 141 802 63
257 726 345 810 (κε’.)
366 728 542 800 Πολλῶνά
550 721 1024 819 ἐνόντωνείπείν,ἑξεόνάντις
1035 727 1121 816 ὑμᾶς

156 824 331 910 ἐπαγάγοι
353 833 481 910 μᾶλλον
500 836 677 912 φροντίσαι
692 836 749 913 της
768 827 926 914 ἡμετέρας
946 836 1119 916 σωτηρίας,

158 921 207 990 οὐ
223 923 373 1009 δύναμαι
391 925 500 993 πάντα
523 935 732 1014 περιλαβεῖν,
755 924 829 996 ἀλλ’
851 925 974 1006 αὐτοὺς
987 926 1048 1015 χρὴ
1065 918 1121 996 καλ

158 1021 204 1089 τά
222 1029 512 1112 παραλελειμμένα
534 1026 732 1105 συνιδόντας
752 1028 807 1094 καὶ
829 1030 1039 1113 μνησθέντας
1055 1018 1119 1112 μά-

161 1129 265 1189 λιστα
281 1124 343 1209 μὲν
363 1130 432 1191 τῶν
449 1122 561 1208 ὅρκων
584 1127 638 1192 καὶ
662 1132 730 1191 τῶν
744 1132 940 1211 συνθηκῶν,
958 1131 1069 1194 ἔπειτα
1085 1126 1119 1193 δὲ

161 1223 222 1289 καὶ
235 1228 295 1309 τῆς
308 1219 468 1309 ἡμετέρας
480 1221 613 1301 εὐνοίας
628 1226 750 1309 καὶτῆς
764 1222 894 1290 τούτων
908 1230 1040 1309 ἔχθρας,
1055 1237 1120 1311 φη-

162 1326 338 1401 φίσασθαί
350 1348 381 1389 τι
399 1323 474 1404 περὶ
487 1320 584 1408 ἡμῶν
598 1327 738 1390 δίκαιον.
1131 1350 1147 1387 ε

616 1667 681 1735 Ιό.

367 1786 503 1854 ΠΕΡΙ
539 1787 925 1857 ΑΝΤΙΔΟΣΕΩΣ.

256 2022 327 2108 (α’.)
349 2014 406 2093 El
425 2024 487 2107 μὲν
509 2020 623 2108 ὅμοιος
643 2014 686 2109 ἦν
700 2019 719 2089 ό
735 2023 834 2109 λόγος
859 2022 877 2090 ὁ
894 2028 1024 2110 μέλλων
1040 2022 1123 2091 άυα-
1137 2037 1189 2091 810

172 2122 433 2208 γνωσθήσεσθαι
455 2134 523 2198 τοῖς
544 2114 565 2204 ἦ
589 2116 673 2202 πρὸς
687 2117 767 2198 τούς
781 2118 914 2205 άγῶνας
928 2117 950 2209 ἦ
966 2119 1048 2206 πρὸς
1065 2120 1123 2200 τάς

174 2222 343 2299 ἐπιδείξεις
358 2220 580 2305 γιγνομένοις,
599 2215 700 2285 οὐδὲν
714 2214 758 2285 ἄν
776 2218 865 2305 οἶμαι
877 2224 1123 2306 προδιαλεχθη-

174 2345 229 2386 ναι
244 2319 319 2402 περὶ
333 2317 454 2385 αὐτοῦ·
476 2326 542 2385 νῦν
564 2319 599 2386 δὲ
624 2316 677 2385 διά
699 2317 761 2405 τήν
782 2320 966 2407 καινότητα·
980 2321 1035 2388 καὶ
1062 2317 1123 2406 τὴν

177 2416 343 2504 διαφοράν
363 2417 549 2505 ἀναγκαῖόν
572 2421 639 2486 ἐστι
660 2432 833 2501 προειπεῖν
852 2417 911 2497 τάς
933 2427 1053 2503 αἰτίας,
1076 2416 1120 2485 δι’

176 2516 214 2595 ἃς
230 2517 335 2596 οὕτως
355 2514 519 2605 άνόμοιον
541 2515 646 2585 αὐτόν
667 2516 748 2585 ὄντα
763 2533 830 2600 τοῖς
851 2518 963 2598 ἄλλοις
977 2518 1122 2605 γράφειν

177 2618 392 2704 προειλόμην·
414 2616 458 2705 μὴ
476 2617 540 2704 γάρ
553 2620 683 2687 τούτων
698 2624 915 2704 δηλωθεισῶν
930 2628 1063 2697 πολλοῖς
1076 2614 1150 2690 άνο

152 2726 255 2794 θίσως
279 2716 402 2795 ἄτοπος
429 2715 512 2784 εἷναι
547 2717 684 2797 δόξειεν.
737 2718 810 2803 (μί.)
828 2716 909 2803 Ἐγά
935 2715 1000 2804 γάρ
1028 2715 1124 2796 είδάς

179 2818 284 2894 ἐνίους
299 2823 367 2883 τῶν
384 2826 555 2901 σοφιστῶν
574 2824 856 2903 βλασφημοῦντας
878 2818 1030 2905 περὶτῆς
1045 2820 1124 2902 ἐμῆς

181 2916 345 3001 διατριβῆς
357 2918 410 2981 καὶ
423 2918 589 3000 λέγοντας,
603 2913 646 2994 ὡς
657 2923 724 2983 ἔστι
737 2918 812 2999 περὶ
823 2920 1057 3002 δικογραφίαν,
1069 2918 1122 2984 καλ

181 3012 409 3098 παραπλήσιον
423 3021 615 3096 ποιοῦντας,
631 3013 743 3100 ὥσπερ
754 3009 798 3082 άν
808 3025 895 3093 εἴτις
911 3021 1048 3084 Φειδίαν
1064 3011 1123 3084 τόν

181 3110 215 3178 τό
230 3119 285 3197 της
299 3109 443 3198 Ἀθηνᾶς
457 3116 532 3192 ἕδος
548 3116 778 3200 ἐργασάμενον
791 3116 924 3206 τολμῴη
939 3125 1053 3184 καλεῖν
1065 3142 1123 3181 κο-

183 3210 363 3296 ροπλάθον,
377 3206 398 3297 ἦ
414 3217 533 3292 Ζεῦξιν
558 3216 612 3281 καὶ
626 3214 823 3296 Παρράσιον
838 3210 900 3300 τὴν
914 3212 1020 3301 αὐτην
1038 3221 1124 3300 ἔχειν

183 3318 258 3395 φαίη
272 3312 392 3396 τέχνην
409 3326 478 3392 τοῖς
491 3309 531 3379 τά
548 3315 685 3379 πινάκια
706 3312 917 3399 γράφουσιν,
940 3312 1029 3398 ὅμως
1044 3310 1123 3381 οὐδὲ

183 3408 307 3475 πάτοτε
329 3406 392 3495 την
412 3417 631 3496 μικρολογίαν
651 3411 776 3496 ταύτην
798 3408 978 3497 ἠμυνάμην
999 3408 1121 3496 αὐτῶν,

160 3504 363 3595 διηγούμενος
378 3507 436 3587 τάς
453 3512 515 3595 μὲν
537 3515 675 3599 ἐκείνων
697 3517 863 3597 φλυαρίας
886 3508 1046 3597 οὐδεμίαν
1062 3512 1149 3579 δελ-ο

187 3635 280 3694 ναμιν
296 3614 393 3690 ἔχειν.
410 3605 512 3687 αὐτὸς
525 3610 560 3677 δὲ
575 3617 656 3678 πᾶσι
671 3618 770 3678 τοῦτο
786 3610 1002 3695 πεποιηκέναι
1017 3636 1121 3693 φανε-
