2859 4334
270 381 333 447 εισ
562 378 944 457 mmmm>

269 544 396 623 πάντας
414 539 593 629 τυγχάνειν
612 544 679 607 τῶν
694 537 954 626 προσηκόντων·
983 535 1026 607 ού
1045 536 1159 626 γύρέξ
1179 530 1242 607 τόν

270 644 392 727 ἑτέρων
409 639 530 711 ’κονεν
540 634 613 707 ούτ’
630 638 785 719 ἐκόλαζεν
799 633 872 705 οὔτ’
885 638 979 724 ἐτίμα
991 634 1069 718 τούς
1083 645 1240 724 πολίτας,
1255 663 1274 702 ε

269 735 342 808 ἄλλ’
355 742 388 820 ἐξ
402 764 451 807 ων
462 733 563 815 αύτός
573 736 712 825 σννήδει
722 731 780 814 τὰς
791 740 916 822 κρίσεις
927 736 1068 805 ἐποιεῖτο
1078 737 1154 820 περὶ
1165 731 1241 803 αύ-
1350 811 1351 814 ¹

227 854 255 907 εδ
269 845 346 907 τῶν.
380 840 417 907 ἐν
436 836 605 916 τοιαύταις
627 832 658 903 δ’
682 837 882 921 ἐπιμελείαις
902 830 1008 903 αύτδν
1023 834 1241 921 καταστήσας
1351 821 1352 896 ί

271 935 350 1007 οὐδὲ
364 938 440 1022 περὶ
453 943 521 1004 τῶν
532 931 614 1004 κατὰ
626 931 688 1021 τήν
702 930 831 1021 ἡμέραν
841 934 985 1021 ἑκάστην
999 933 1239 1019 προσπιπτόν-
1352 923 1353 978 ί

272 1064 339 1106 των
350 1033 430 1105 οὐδὲ
440 1037 516 1120 περὶ
527 1037 565 1103 ἓν
575 1035 838 1120 πεπλανημένως
849 1030 946 1120 εἶχεν,
958 1030 1033 1102 ἄλλ’
1045 1032 1133 1102 ούτω
1146 1044 1238 1103 θεο-

271 1145 377 1224 φιλῶς
390 1137 445 1205 καί
459 1133 711 1222 φιλανθρώπως
732 1131 847 1223 διῴκει
861 1128 924 1220 τήν
937 1131 1039 1201 πόλιν
1054 1131 1138 1202 ῶστε
1150 1129 1239 1212 τούς
1354 1125 1355 1164 ¹

272 1237 594 1322 είσαφικνονμένους
605 1230 650 1320 μή
661 1238 791 1319 μᾶλλον
801 1228 984 1317 Εὐαγόραν
994 1238 1051 1319 τῆς
1060 1228 1163 1319 ύρχής
1175 1237 1239 1317 {q—
1355 1227 1356 1246 ¹

246 1387 249 1397 .
273 1343 356 1405 λοῦν
366 1330 387 1422 ἡ
398 1332 477 1414 τούς
488 1332 612 1411 ἄλλους
626 1339 684 1419 τῆς
695 1328 755 1399 ὑπ’
769 1334 901 1400 ἐκείνου
915 1337 1099 1419 βασιλείας·
1120 1329 1237 1400 ἅπαν·
1249 1341 1272 1396 d

272 1462 311 1505 τα
324 1431 388 1521 γὰρ
400 1429 461 1502 τόν
470 1432 595 1519 χρόνον
607 1435 790 1500 διετέλεσεν
800 1428 923 1501 οὐδένα
934 1432 997 1519 μὲν
1007 1429 1144 1519 ύδικῶν,
1152 1427 1239 1509 τούς

272 1538 309 1605 δὲ
323 1530 486 1621 χρηστούς
500 1536 622 1620 τιμῶν,
639 1534 694 1599 ’καί
708 1531 842 1616 σφόδρα
856 1531 919 1617 μὲν
933 1528 1094 1601 ἁπάντων
1107 1530 1236 1619 ἄρχων,

227 1648 261 1701 44
273 1638 421 1718 νομίμως
442 1632 478 1699 δὲ
500 1626 579 1708 τούς
593 1629 838 1715 ἐξαμαρτόντας
854 1632 1020 1713 κολάζων·
1053 1629 1154 1701 οὐδὲν
1169 1630 1237 1717 μὲν

272 1728 474 1819 συμβούλων
495 1727 669 1814 δεόμενος,
696 1726 786 1815 ὅμως
807 1730 844 1798 δὲ
865 1743 934 1809 τοῖς
953 1736 1064 1815 φίλοις
1079 1736 1237 1819 συμβου-

272 1828 468 1915 λευόμενος·
509 1825 616 1896 πολλὰ
642 1826 705 1915 μὲν
732 1835 800 1896 τῶν
825 1830 1007 1916 χρωμένων
1032 1825 1235 1916 ἡττῶμευος,

272 1928 404 1999 ἅπαντα
422 1932 458 1997 δὲ
481 1934 549 1996 τῶν
571 1929 704 2014 ἐχθρῶν
725 1926 1016 2015 περιγιγνόμενος·
1044 1925 1166 2015 σεμνδς
1183 1922 1237 1995 ῶν

273 2025 315 2097 ού
329 2040 400 2105 ταῖς
410 2032 471 2093 τοῦ
482 2026 667 2113 προσῶπον
676 2042 889 2113 συναγωγαῖς
900 2024 984 2096 ιἰλλδ
1000 2040 1071 2105 ταῖς
1081 2033 1141 2095 τοῦ
1156 2032 1237 2114 βίου

274 2140 507 2204 κατασκευαῖς·
536 2122 616 2194 οὐδὲ
635 2122 773 2209 πρόςὲυ
790 2124 939 2206 ἀτάκτως
953 2122 1030 2195 οὐδ’
1046 2123 1265 2214 όνωμύλωςε

274 2231 480 2309 διακείμενος
494 2220 567 2292 ἀλλ’
585 2221 707 2311 ὁμοίως
725 2222 783 2304 τὰς
798 2227 836 2294 ἐν
853 2240 920 2305 τοῖς
932 2231 1041 2314 ἔργοις
1055 2224 1236 2314 ὁμολογίας

228 2334 260 2387 τό
276 2322 386 2410 ῶσπερ
400 2320 459 2404 τὰς
470 2326 507 2393 ἐν
518 2339 586 2403 τοῖς
596 2323 708 2410 λόγοις
724 2326 977 2410 διαφνλόττων·
999 2330 1083 2414 μέγα
1094 2330 1236 2413 φρονῶν

274 2421 337 2495 ούκ
354 2424 407 2491 ἐπὶ
423 2436 491 2503 τοῖς
507 2420 562 2491 διὰ
579 2423 683 2510 τύχην
699 2420 774 2492 ἀλλ’
793 2426 845 2493 ἐπὶ
860 2440 928 2504 τοῖς
943 2422 988 2493 δι’
1000 2421 1106 2493 αὑτὸν
1116 2449 1235 2512 γιγνο-

274 2525 403 2610 μένοις·
431 2518 510 2601 τούς
529 2521 591 2609 μὲν
608 2528 729 2608 φίλους
749 2536 820 2603 ταῖς
839 2521 1042 2610 εὐεργεσίαις
1065 2519 1127 2610 ὑφ’
1142 2518 1236 2612 αύτῷ

274 2622 494 2707 ποιούμενος,
507 2618 585 2699 τούς
598 2618 629 2689 δ’
642 2618 766 2699 ἄλλους
778 2628 817 2709 τῇ
828 2628 1057 2713 μεγαλοψυχία
1067 2625 1235 2690 καταδου-
1255 2631 1308 2687 1oe

275 2722 453 2808 λούμενος·
474 2717 619 2808 φοβερὸς
631 2715 680 2789 ῶν
692 2717 735 2789 ού
743 2727 788 2811 τῶ
803 2728 938 2799 πολλοῖς
950 2726 1163 2806 χαλεπαίνειν
1171 2716 1234 2787 ύλ-

274 2818 316 2891 λδ
327 2826 372 2910 τῷ
384 2814 470 2886 πολύ
483 2815 545 2905 τὴν
555 2828 623 2887 τῶν
633 2818 748 2890 ἄλλων
758 2820 864 2905 φύσιν
872 2817 1112 2908 ὑπερβάλλειν·
1127 2817 1234 2906 ἡγού-

274 2945 374 3009 μενος
399 2925 467 2986 τῶν
490 2915 623 3006 ἡδονῶν
646 2916 723 2989 ἀλλ’
748 2916 812 2987 οὐκ
835 2915 1000 3006 ύγόμενος
1021 2915 1079 2987 ὑπ’
1103 2916 1232 2987 αύτῶν·

274 3015 398 3103 ὀλίγοις
408 3016 526 3094 πόνοις
536 3014 661 3096 πολλός
672 3019 845 3107 βαστῶνας
855 3016 1022 3103 κτῶμενος
1033 3013 1108 3086 ἀλλ’
1121 3013 1165 3085 ού
1176 3012 1233 3084 διό

273 3112 393 3204 μικρός
419 3116 588 3203 ῥᾳθυμίας
613 3116 781 3201 μεγάλους
804 3115 931 3196 πόνους
953 3113 1232 3203 ὑπολειπόμενος·

229 3231 259 3287 λδ
273 3212 359 3292 όλως
375 3209 477 3281 οὐδὲν
491 3221 707 3298 παραλείπων
723 3208 773 3285 ῶν
791 3229 966 3301 προσεῖναι
986 3220 1040 3285 δεῖ
1054 3230 1122 3294 τοῖς
1136 3222 1236 3302 βασι-

274 3319 407 3397 λεῦσιν,
422 3306 497 3380 ἀλλ’
510 3315 543 3392 ἐξ
559 3312 697 3399 ε’κύστης
712 3322 769 3401 τῆς
783 3320 950 3393 πολιτείας
963 3316 1185 3401 ἐξειλεγμένος
1197 3309 1264 3381 τόν

275 3418 465 3501 βέλτιστον,
480 3413 535 3482 καλ
548 3413 726 3502 δημοτικός
741 3418 804 3503 μὲν
819 3411 867 3484 ῶν
877 3423 917 3506 τῇ
930 3424 992 3485 τοῦ
1004 3417 1159 3503 πλήθους
1171 3426 1236 3483 θε-

276 3518 412 3603 ραπεία,
435 3509 604 3592 πολιτικός
624 3514 660 3582 δὲ
682 3522 722 3603 τῇ
741 3523 799 3602 τῆς
819 3517 947 3595 πόλεως
967 3512 1046 3602 ὅλης
1061 3516 1236 3601 διοικήσει,

277 3610 494 3698 στρατηγικὸς
509 3613 545 3681 δὲ
557 3619 597 3703 τῇ
608 3611 692 3698 πρὸς
702 3614 782 3695 τούς
793 3615 976 3694 κινδύνους
987 3610 1162 3702 εύβουλίγ,
1174 3639 1237 3682 τν-
