2859 4334
458 406 775 467 ΑΡΧΙΔΑΜΟΣ
1039 407 1099 473 137

151 575 264 664 ιένοις,
281 575 339 645 καὶ
354 576 609 666 θαυμάζουσιν,
627 588 661 647 εί
673 604 763 659 τινες
779 576 871 649 οότω
888 583 1023 674 χαλεπῷ
1041 582 1101 652 καλ

151 675 319 769 ταραβόλφ
336 676 506 765 πράγματι
524 679 693 749 πιστεύειν
710 673 873 763 άξιούσιν.
906 678 998 770 (κβ.)
1014 680 1100 770 ’M

150 777 174 846 δ
186 778 333 857 πολλούς
345 777 410 866 μἐν
423 776 500 849 οἶδα
511 778 567 848 διά
579 778 644 849 τόν
656 778 806 869 πόλεμον
818 781 970 871 μεγάλην
982 783 1101 854 εύδαι-
1118 795 1139 853 b

150 886 258 947 ιονίαν
265 879 507 968 κτησαμένους,
516 881 777 969 πολλούςδδτῆς
784 881 1100 973 ύπαρχούσηςάπο·

149 980 357 1068 ιτερηθέντας
366 978 434 1070 [διά
445 980 509 1069 τῆν
522 980 693 1071 είρήνην]·
707 978 813 1053 ούδδν
826 985 893 1072 γὰρ
905 990 975 1055 τῶν
986 987 1101 1057 τοιού·

150 1108 199 1149 ων
208 1080 301 1149 ἐστὶν
310 1077 488 1169 άποτόμως
501 1080 582 1152 ούτε
594 1082 702 1153 κακόν
715 1082 791 1153 οὔτ’
803 1081 951 1173 άγαθόν,
965 1084 1043 1156 ἄλλ’
1053 1088 1101 1170 τίς

148 1209 174 1250 εν
187 1185 359 1271 χρῆσηταί
372 1208 422 1263 τις
439 1185 498 1252 καὶ
515 1198 587 1266 τολς
605 1182 778 1273 πράγμασι
794 1187 851 1254 καὶ
868 1202 940 1267 τοῖς
957 1204 1099 1277 ιιαιροίς,

148 1280 239 1363 ῧτως
253 1278 386 1373 άνύγκη
396 1284 453 1352 καὶ
462 1284 501 1353 τδ
508 1284 605 1365 τέλος
619 1284 969 1374 ἐκβαίνεινέξαύτῶν.
988 1289 1100 1377 χρῆδλ

148 1380 213 1462 ὀὓς
229 1382 294 1470 μὲν
314 1376 353 1451 εὖ
373 1382 580 1469 πράττοντας
602 1390 660 1470 τῆς
680 1383 814 1471 εἰρήνης
835 1386 1030 1471 έκιθυμείν·
1058 1389 1097 1455 έν

147 1480 238 1569 αύτη
255 1480 320 1567 γάρ
335 1490 375 1571 τῆ
396 1481 594 1549 καταστάσει
615 1490 772 1550 πλείστου
787 1480 831 1550 άν
846 1508 897 1561 τις
911 1481 1038 1569 χρόνον
1054 1482 1095 1550 τά

147 1577 285 1663 ιορόντα
298 1579 550 1665 διαφυλάξειεν·
573 1577 652 1658 τούς
664 1582 700 1647 δὲ
711 1582 962 1666 δυστυχοῦντας
971 1588 1019 1669 τῷ
1029 1606 1094 1647 πο-

146 1682 220 1769 ,ἐμρτ
231 1680 410 1763 προσέχειν
418 1676 480 1745 τόν
493 1683 597 1746 νοῦν·
620 1680 656 1746 έκ
668 1675 735 1764 γάρ
746 1684 805 1765 τῆς
814 1685 957 1765 ταραχῆς
970 1679 1026 1749 καὶ
1037 1686 1121 1765 vice

146 1782 352 1863 ιοινουργίας
365 1784 494 1846 θᾶττον
510 1772 556 1845 άν
572 1784 756 1866 μεταβολῆς
772 1775 915 1863 τύχοιεν.
939 1770 989 1845 όν
1000 1774 1096 1865 ἡμεῖς

145 1880 268 1944 λε’δοικα
288 1874 333 1964 μῆ
351 1874 511 1945 τάναντία
532 1876 733 1963 πράττοντες
749 1883 927 1962 φανεῖμεν·
961 1872 1016 1943 ὅτε
1032 1877 1095 1961 μὲν

145 1974 196 2058 ’ἂρ
212 1979 291 2062 ἐξῆν
304 1972 385 2063 ἡμῖν
398 1983 551 2063 τρυφάν,
573 1982 710 2055 πλείους
726 1974 807 2056 τούς
820 1978 987 2063 πολέμους
1000 1978 1095 2043 ἐποι-

144 2073 266 2159 Ὶύμεθα
280 2080 342 2141 τοῦ
357 2077 508 2161 δέοντος,
524 2077 638 2160 ἐπειδη
653 2071 685 2141 δ’
699 2079 747 2151 είς
760 2070 913 2161 άνάγκην
926 2075 1094 2142 καθέστα-

144 2198 193 2239 ιεν
206 2168 293 2238 ὥστε
304 2158 536 2256 κινδλινεύειν,
552 2167 690 2258 ἡσυχίας
700 2172 935 2257 ἐπιθυμοῦμεν
947 2172 1004 2240 καί
1017 2172 1094 2256 περὶ

144 2269 316 2355 ἓσφοιλείας
325 2270 571 2357 βουλευόμεθα.
585 2278 691 2337 καίτοι
701 2266 764 2355 χρῆ
775 2266 856 2347 τούς
865 2272 1095 2356 βουλομένους

144 2373 333 2456 λευθέρους
353 2370 438 2439 εἶναι
458 2367 517 2448 τὰς
533 2369 596 2455 μὲν
609 2371 646 2437 ἐκ
666 2374 736 2437 τῶν
757 2369 989 2455 ἐπιταγμάτων
1006 2382 1121 2437 συν-δ

144 2467 239 2553 ιη’κας
251 2468 393 2555 φεύγειν
406 2465 450 2547 ὥς
463 2465 564 2554 ἐγγύς
575 2473 730 2547 δουλείας
740 2464 858 2552 ούσας,
873 2476 1043 2535 ποιεῖσθαι
1054 2466 1092 2533 δὲ

144 2567 186 2647 ἃς
205 2567 405 2656 διαλλαγάς,
427 2568 510 2637 όταν
530 2563 552 2654 ἢ
570 2568 812 2653 περιγένωνται
828 2572 896 2633 τῶν
917 2568 1049 2650 ἐχθρῶν
1068 2559 1091 2650 ἢ

144 2663 190 2753 ῆν
202 2665 353 2752 δύναμιν
362 2663 425 2753 τῆν
436 2664 550 2735 αὑτῶν
561 2665 765 2745 έξισύσωσιν
775 2672 816 2752 τῆ
826 2670 895 2732 τῶν
904 2668 1090 2750 πολεμίων·

144 2763 173 2845 ὃς
193 2765 355 2852 τοιαύτην
370 2768 503 2835 ἕκαστοι
523 2767 586 2854 τῆν
603 2766 742 2853 είρῆνην
762 2768 913 2852 ἕξουσιν,
934 2768 1011 2832 οῗαν
1027 2790 1090 2852 περ

144 2863 172 2930 ἓν
186 2871 250 2931 τοῦ
264 2868 414 2953 πολέμου
428 2867 634 2953 ποιήσωνται
648 2865 710 2953 τῆν
727 2866 921 2933 κατάλυσιν.

213 2958 309 3049 (κγ’.)
318 2953 381 3029 Ὧν
396 2966 672 3050 ἐνθυμουμένους
682 2959 745 3049 χρὴ
760 2958 805 3049 μῆ
817 2969 990 3047 προπετῶς
1004 2960 1092 3049 ὑμᾶς

144 3056 253 3138 τότοδς
269 3062 425 3148 ἐμβαλεῖν
441 3069 487 3142 είς
501 3058 638 3147 αίσχρόις
655 3058 851 3148 ὁμολογίας,
874 3061 958 3149 μηδὲ
978 3064 1091 3151 ρᾳθυ-

144 3156 273 3244 ,ότερον
282 3157 368 3245 ὑπὲρ
377 3168 435 3248 τῆς
446 3155 634 3248 πατρίδοςῆ
644 3166 713 3227 τῶν
723 3157 837 3228 ἄλλων
846 3165 996 3245 φανῆναι
1006 3167 1091 3247 βου-

147 3262 341 3344 ευομένους.
366 3256 606 3347 ἀναμνήσθητε
621 3260 657 3327 δὲ
671 3256 756 3345 πρὸς
771 3256 858 3345 ὑμᾶς
875 3255 1015 3344 αύτούς,
1037 3257 1088 3327 ότι
1101 3290 1116 3327 e

144 3356 187 3424 όν
207 3357 425 3443 παρελθόντα
444 3358 587 3445 χρόνον,
610 3364 641 3426 εί
653 3358 924 3445 πολιορκουμένη
940 3357 1007 3424 τιυὶ
1021 3365 1090 3425 τῶν

144 3458 262 3523 εόλεων
285 3464 354 3525 τῶν
377 3461 596 3545 συμμαχίδων
619 3452 665 3536 είς
687 3456 791 3545 μόνος
811 3459 1089 3542 Λακεδαιμονίων

144 3555 342 3642 ὀηθῆσειεν,
357 3554 424 3627 ὑπὸ
442 3556 581 3625 πάντων
595 3552 639 3623 ἄν
655 3553 854 3643 ὡμολογεῖτο
866 3551 957 3640 παρά
968 3564 1089 3624 τοῦτον

147 3654 288 3721 ενέσθοιι
297 3651 360 3739 τῆν
370 3661 537 3743 σωτηρίαν
548 3653 670 3735 αὐτοῖς.
684 3660 740 3724 καὶ
750 3653 830 3735 τούς
840 3655 903 3739 μὲν
913 3661 1090 3731 πλείστους
