2859 4334
469 387 826 475 AJPINHTJKOZ.
1064 384 1124 448 22?

173 559 308 628 δικαίως
322 549 545 635 φθονήσειεν,
564 559 597 617 εί
606 575 637 615 τι
652 555 721 615 τῶν
734 550 954 634 Θρασυλόχου
971 546 1153 635 πραγμό-ο

173 676 241 717 των
265 647 399 734 ἀγαθὸν
420 647 646 717 ἀπολέλαυκα·
680 646 823 733 καὶγὰρ
846 651 902 713 ἵνα
928 655 1129 734 χαρισαίμην

174 753 305 839 ἐκείνῳ,
328 750 602 834 καταικισάμενος
624 750 661 815 ἐν
681 753 834 832 Τροιζῆνι
848 748 1017 825 τοιαύταις
1032 749 1129 833 ἐχρη-

174 848 284 934 σάμην
300 862 505 933 συμφοραῖς,
528 839 578 914 τόν
594 844 748 914 οὐδέποτ’
766 843 810 912 ἀν
824 848 1047 914 ἐπιλαθέσθαι
1068 851 1129 913 δυ-

175 953 325 1031 νηθείην.

123 1072 160 1121 ·24
261 1043 343 1128 (ιγ’.)
361 1046 426 1112 Καὶ
441 1044 507 1129 μήν
523 1042 602 1111 ούδέ
616 1041 716 1111 τοῦθ’
736 1046 870 1123 ἕξουσιν
886 1050 1007 1130 εἰπεῖν,
1031 1042 1076 1124 ὡς
1092 1039 1130 1112 εύ

175 1147 236 1229 μὲν
250 1144 453 1224 πράττοντος
467 1143 688 1229 Θρασυλόχου
702 1143 811 1211 πάντα
828 1144 929 1212 ταῦθ’
948 1143 1128 1231 ὑπέμενον,

175 1242 424 1328 δυστυχήσαντα
437 1240 466 1308 δ’
480 1240 584 1309 αὐτὸν
596 1240 773 1310 ἀπέλιπον·
790 1245 828 1310 ἐν
842 1241 954 1323 αὐτοῖς
970 1242 1035 1330 γάρ
1050 1245 1128 1313 τού-

146 1380 149 1385 ·
174 1369 242 1421 τοις
254 1348 301 1410 ἔτι
312 1346 518 1427 σαφέστερον
528 1345 721 1431 καὶμᾶλλον
732 1345 986 1431 ἐνεπεδειξάμην
998 1344 1060 1431 τήν
1074 1343 1131 1411 εύ-

180 1467 292 1521 νοιαν,
311 1437 354 1526 ἣν
370 1439 457 1526 εἶχον
473 1448 518 1519 είς
532 1444 670 1510 ἐκεῖνον.
707 1440 820 1529 ἐπειδὴ
835 1444 899 1529 γὰρ
921 1450 968 1521 είς
982 1453 1127 1528 Αἴγιναν
1143 1464 1158 1502 e

178 1538 451 1622 καταικισάμενος
467 1534 633 1625 ἠσθένησε
644 1542 770 1626 ταύτην
781 1539 843 1627 τήν
854 1540 969 1626 νόσου,
981 1545 1013 1622 ἐξ
1024 1533 1132 1628 ἠσπερ

177 1636 365 1721 ἀπέθανεν,
392 1636 498 1717 οὕτως
526 1638 630 1707 αὐτόν
657 1643 886 1728 ἐθεράπευσα,
914 1641 958 1721 ὡς
981 1640 1042 1709 ούκ
1067 1639 1131 1711 οἶδ’

179 1737 268 1815 ὅστις
288 1736 423 1805 πώποθ’
446 1740 558 1822 ἕτερος
579 1743 709 1825 ἕτερον,
737 1741 797 1809 τόν
816 1745 879 1829 μὲν
898 1753 1052 1813 πλεῖστον
1072 1749 1132 1810 τοῦ

177 1837 302 1927 χρόνον
324 1836 480 1925 πονήρως
499 1840 562 1925 μὲν
577 1845 711 1925 ἔχοντα,
734 1846 897 1925 περιιέναι
913 1840 947 1908 δ’
964 1841 1132 1909 ἕτιδυνά-

126 1970 163 2019 25
178 1966 291 2028 μενον,
304 1942 337 2019 ἐξ
349 1946 454 2025 μῆνας
467 1940 503 2007 δὲ
518 1948 664 2025 συνεχῶς
679 1944 715 2008 ἐν
729 1948 769 2028 τῇ
780 1947 876 2026 κλίνη
890 1947 1053 2026 κείμενον.
1078 1944 1132 2007 καὶ

178 2040 308 2109 τούτων
319 2046 386 2106 τῶν
397 2047 631 2121 ταλαιπωριῶν
642 2038 751 2118 οὐδεὶς
762 2048 830 2107 τῶν
844 2049 1019 2127 συγγενῶν
1033 2068 1132 2126 μετα-

178 2154 269 2226 σχεῖν
279 2136 428 2225 ἠξίωσεν,
447 2137 519 2207 ἀλλ’
535 2136 609 2205 οὐδ’
622 2140 880 2223 ἐπισκεψόμενος
892 2137 1027 2225 ἀφίκετο
1045 2137 1133 2225 πλὴν

179 2236 1132 2326 τήςμητρὸςκαὶτῆςάδελφῆς,αΐπλέονθάτερονέποίησαν·

179 2336 385 2405 άσθενοῦσαι
396 2332 459 2422 γάρ
469 2328 578 2422 ἠλθον
586 2338 622 2403 ἐκ
633 2343 821 2422 Τροιζῆνος,
836 2334 914 2404 ὥστ’
924 2336 1020 2406 αύταλ
1026 2348 1132 2421 θερα-
1145 2337 1161 2393 d

179 2438 420 2515 πείαςέδέοντο.
436 2434 1135 2523 ἀλλ’ὅμωςἐγύ,τοιούτωντεόνάλλωυπερλ

179 2533 284 2603 αὐτὸν
298 2540 547 2620 γεγενημένων,
571 2532 633 2600 ούκ
646 2532 789 2601 ἀπεῖπον
803 2531 878 2602 οὐδ’
897 2533 1043 2621 ἀπέστην
1063 2534 1130 2604 ἀλλ’

130 2662 165 2714 26
183 2632 385 2718 ἐνοσήλευον
406 2630 510 2699 αὐτόν
530 2630 611 2719 μετὰ
634 2631 752 2710 παιδὸς
774 2632 862 2711 ἑνός·
891 2630 1049 2718 οὐδὲγάρ
1066 2640 1134 2699 τῶν

182 2739 320 2803 οίκετοίν
337 2728 447 2809 ούδελς
459 2730 644 2818 ὑπέμεινεν.
668 2734 722 2800 καὶ
737 2731 801 2819 γάρ
817 2732 918 2816 φύσει
932 2730 1073 2817 χαλεπός
1086 2727 1134 2798 ὢν

182 2840 230 2903 ἐτι
247 2831 498 2917 δυσκολώτερον
512 2831 567 2900 διὰ
593 2832 654 2918 τήν
676 2833 781 2899 νόσον
802 2835 956 2906 διέκειτο,
976 2828 1055 2897 ὥστ’
1072 2828 1135 2898 οάκ

182 2938 321 3001 ἐκείνων
333 2928 427 3011 ἀξιον
439 2932 634 3017 θαυμάζειν,
649 2939 678 2999 εί
689 2929 735 3018 μή
743 2935 941 3017 παρέμενον,
951 2928 1034 2999 ἀλλά
1048 2929 1136 2997 πολύ

182 3036 321 3118 μᾶλλον,
338 3027 427 3107 ὅπως
439 3027 502 3115 ἐμω
515 3031 674 3116 τοιαύτην
685 3031 789 3098 νόσον
800 3030 1002 3115 θεραπεύων
1012 3027 1135 3113 ἀνταρ-
1173 3051 1175 3054 ·

182 3142 255 3197 κεῖν
269 3124 461 3214 ἠδυνάμην·
485 3125 522 3205 ὃς
539 3134 663 3213 ἔμπυος
677 3132 739 3214 μὲν
754 3121 797 3215 ἠν
812 3124 921 3195 πολύν
940 3128 1081 3214 χρόνον,
1100 3129 1136 3193 ἐκ

129 3247 165 3303 ‘27
182 3229 219 3297 δὲ
234 3235 291 3314 τῆς
301 3234 415 3313 κλίνης
430 3225 492 3295 οὐκ
504 3226 649 3314 ἠδύνατο
666 3237 844 3311 κινεῖσθαι,
859 3233 995 3293 τοιαῦτα
1009 3221 1041 3292 δ’
1055 3231 1136 3291 ἐπα·
1151 3250 1166 3287 e

184 3347 263 3412 σχεν
278 3321 365 3392 ὥσθ’
378 3322 464 3411 ἡμᾶς
480 3330 644 3413 μηδεμίαν
670 3320 800 3411 ἡμέραν
824 3322 1037 3410 ἀδακρύτους
1060 3318 1134 3391 διά·

184 3452 274 3513 μειυ,
293 3422 377 3493 ἀλλά
393 3433 602 3512 θρηνοῦντες
616 3430 829 3511 διετελοῦμεν
843 3426 898 3491 καὶ
914 3422 993 3500 τούς
1011 3422 1137 3498 πόνους

181 3523 263 3602 τούς
288 3524 441 3610 άλλήλων
468 3529 522 3593 καὶ
545 3524 607 3612 τήν
633 3522 748 3611 φυγὴν
767 3525 822 3591 καλ
842 3520 904 3609 τήν
919 3522 1058 3607 ἐρημίαν
1075 3518 1136 3604 τήν

181 3621 346 3709 ἡμετέραν
361 3622 481 3690 αὐτῶν.
509 3627 561 3692 καί
574 3622 669 3693 ταῦτ’
686 3622 811 3690 οὐδένα
823 3620 947 3707 χρόνον
961 3622 1133 3749 δηίλειπευ·

947 3722 979 3769 15
