2859 4334
534 442 804 503 ΕΤΑΓΟΡΑΣ.
1088 443 1144 507 221

198 608 255 672 τοῦ
267 610 442 692 πολεμεῖν,
458 600 538 671 ὥστ’
553 603 756 690 εἰθισμένων
763 600 825 671 τόν
835 599 939 672 ἄλλον
948 603 1073 691 χρόνον
1083 612 1151 673 των

93 743 94 771 ι
196 706 358 791 βασιλέων
367 700 412 791 μὴ
421 702 675 773 διαλλάττεσθαι
686 698 935 789 τοίςᾶποστᾶσι,
948 705 1028 790 πρὶν
1038 702 1150 788 κύριοι

93 804 94 807 ’
194 806 344 889 γένοιντο
358 811 428 871 τῶν
447 801 627 888 σωμάτων,
647 798 786 888 ἄσμενοι
804 799 867 888 τήν
882 803 1021 889 εἰρήνην
1035 802 1149 891 ἐποιή-

194 920 311 988 σαντο,
325 901 489 980 λύσαντες
502 899 566 986 μὲν
578 896 640 967 τόν
653 898 763 986 νόμον
774 908 912 988 τοῦτον,
931 900 1033 971 οὐδέν
1047 901 1083 971 δέ
1097 930 1151 971 κι-

151 1014 181 1071 δέ
193 1000 353 1087 νήσαντες
369 1006 427 1086 τής
443 995 623 1085 Εὐαγόρου
638 1002 848 1086 τυραννίδος.
872 1004 927 1069 καὶ
940 1005 1151 1089 Λακεδαιμο-

193 1104 276 1168 νίων
284 1101 423 1187 μέντῶν
434 1099 489 1167 καὶ
501 1098 603 1179 δόξαν
613 1101 665 1167 καλ
679 1098 826 1185 δύναμιν
836 1107 995 1185 μεγίστην
1003 1100 1149 1185 ἐχόντων
1158 1131 1175 1166 e

193 1195 267 1267 κατ’
283 1196 490 1268 ἐκεῖνοντὸν
508 1197 633 1285 χρόνον
652 1195 746 1277 ἐντός
766 1203 869 1283 τριῶν
891 1200 975 1266 ἐτοῖν
994 1197 1150 1286 ἀφείλετο

192 1294 253 1386 τήν
267 1294 390 1385 ἀρχήν,
412 1294 572 1388 Εὐαγόρᾳ
587 1298 623 1366 δέ
637 1295 826 1384 πολεμήσας
840 1301 896 1384 ἐτη
911 1301 990 1366 δέκα
1003 1305 1072 1366 τῶν
1086 1296 1150 1367 αύ-

192 1402 261 1467 τιδν
274 1397 397 1480 κύριον
413 1393 518 1465 αὐτόν
533 1399 725 1483 κατέλιπεν,
748 1385 860 1483 όνπερ
877 1389 922 1484 ήν
936 1399 991 1466 καὶ
1004 1399 1085 1484 πρὶν
1103 1404 1150 1479 είς

191 1491 252 1563 τόν
266 1494 416 1582 πόλεμον
432 1499 606 1563 εἰσελθεῖν.
627 1490 693 1562 ὅδὲ
709 1493 847 1562 πάντων
858 1494 1069 1565 δεινότατον·
1088 1494 1151 1585 τήν

192 1590 257 1681 γὰρ
276 1590 394 1680 πόλιν,
415 1590 459 1681 ἢν
473 1590 649 1680 Εὐαγόρας
669 1597 785 1681 ἐτέρου
804 1602 1054 1680 τυραννοῦντος
1067 1591 1150 1683 μετὰ
1167 1610 1218 1663 m

192 1688 389 1779 πεντήκοντ’
412 1690 548 1777 ἀνδρῶν
574 1687 656 1780 εἷλε,
682 1694 809 1781 ταύτην
829 1692 987 1784 βασιλεύς
1007 1692 1026 1763 ὁ
1047 1700 1150 1784 μέγας

192 1789 359 1878 τοσαύτην
378 1789 524 1879 δύναμιν
546 1797 630 1879 έχων
649 1788 711 1879 οὐχ
735 1787 806 1872 οἷός
826 1790 856 1861 τ’
879 1796 1009 1881 ἐγένετο
1030 1791 1149 1881 χειρύ·

193 1900 327 1960 σασδαι.

147 2005 178 2061 ⁶5
276 1989 366 2070 (κδ’.)
387 1994 505 2058 Καίτοι
520 1996 590 2070 πῶς
605 1988 648 2058 ἄν
662 2015 711 2069 τις
724 1987 787 2077 τήν
799 1987 940 2078 ἀνδρίαν
953 1986 975 2078 ή
986 1989 1048 2080 τήν
1061 1992 1149 2079 φρό·

193 2111 293 2178 νησιν
308 2086 331 2177 ή
344 2088 526 2177 σύμπασαν
539 2086 601 2179 τήν
621 2087 745 2176 ἀρετήν
764 2087 827 2176 τήν
842 2087 1022 2177 Εὐαγόρου
1043 2116 1149 2178 φανε·

193 2188 342 2275 ρότερον
357 2190 548 2270 ἐπιδείξειεν
561 2184 647 2277 ήδιδ
659 2188 824 2257 τοιούτων
836 2194 946 2276 ἐργων
959 2192 1014 2259 καὶ
1029 2188 1149 2260 κινδύ-

193 2312 280 2369 νωνη
305 2282 347 2353 ού
362 2284 426 2373 γαρ
447 2286 555 2373 μόνον
575 2300 729 2375 φανεῖται
748 2284 828 2366 τούς
844 2286 967 2367 ἄλλους
983 2293 1149 2377 πολέμους

194 2381 277 2454 όλλᾶ
298 2387 352 2453 καὶ
374 2381 435 2453 τὸν
454 2392 522 2453 τῶν
542 2382 664 2473 ἡρώων
683 2383 972 2476 ὑπερβαλόμενος,
999 2387 1059 2457 τόν
1080 2385 1147 2457 ὑπὸ

193 2481 331 2552 πόντων
356 2480 550 2569 ἀνθρώπων
570 2482 797 2572 ὑμνούμενον.
837 2488 871 2553 οί
892 2485 955 2572 μέν
976 2483 1042 2573 γὰρ
1066 2482 1176 2574 μεθό

192 2580 323 2671 ἁπάσης
341 2589 400 2669 τῆς
413 2579 566 2662 Ἐλλύδος
583 2590 709 2670 Τροίαν
725 2582 836 2671 μόνην
851 2576 958 2669 εἷλον,
981 2580 999 2651 ὁ
1018 2586 1054 2653 δέ
1068 2590 1149 2671 μίαν

192 2682 292 2751 πόλιν
300 2685 386 2767 ἔχων
396 2678 480 2767 πρός
491 2677 626 2749 ἅπασαν
635 2679 698 2768 τήν
707 2678 822 2750 Ἀσίαν
832 2682 1050 2767 ἐπολέμησεν·
1067 2678 1146 2749 ὥστ’

193 2787 222 2851 εί
234 2787 388 2850 τοσοῦτοι
405 2778 442 2849 τό
458 2786 587 2869 πλῆθος
601 2781 817 2867 ἐγκωμιάζειν
831 2776 936 2847 αὐτόν
951 2777 1147 2868 ἠβουλήθη-

191 2902 273 2967 σαν,
289 2878 363 2947 ὅσοι
379 2903 441 2963 περ
457 2881 622 2966 ἐκείνους,
636 2877 724 2949 πολὺ
736 2875 780 2946 ἂν
789 2883 889 2967 μείζω
899 2880 954 2946 καὶ
967 2875 1030 2964 τήν
1045 2879 1147 2958 δόξαν

140 2993 175 3050 66
188 2977 301 3047 αὐτῶν
316 2983 443 3065 ἐλαβεν.
477 2977 563 3058 (κε’.)
588 2984 670 3045 Τίνα
690 2974 756 3063 γὰρ
777 2972 965 3062 εὑρήσομεν
985 2982 1053 3044 τῶν
1073 2976 1146 3043 τότε

190 3080 395 3165 γενομένων,
405 3081 436 3145 εί
441 3073 520 3156 τούς
527 3076 662 3164 μύθους
673 3072 814 3161 ἀφέντες
825 3071 888 3160 τήν
898 3070 1062 3161 ἀλήθειαν
1072 3092 1147 3141 σκο-

190 3191 328 3264 ποίμεν,
350 3170 488 3245 τοιαῦτα
509 3175 818 3262 διαπεπραγμένον,
838 3168 860 3260 ή
880 3179 956 3243 τίνα
976 3171 1148 3240 τοσούτων

190 3281 385 3362 μεταβολῶν
409 3276 447 3342 ἐν
466 3287 534 3352 τοις
556 3274 750 3360 πράγμασιν
772 3280 882 3341 αίτιον
905 3273 1175 3358 γεγενημένονςτ

190 3371 228 3454 δς
241 3370 348 3442 αὑτόν
366 3374 428 3461 μὲν
450 3375 483 3454 ἐξ
503 3372 641 3441 ἐδιότου
654 3373 825 3458 τύραννον
839 3374 1033 3458 κατέστησε,
1058 3368 1095 3439 τό
1111 3372 1147 3440 δέ

190 3474 288 3561 γένος
300 3469 391 3541 ἅπαν
404 3469 657 3559 ἀπεληλαμένον
665 3478 724 3561 τῆς
737 3476 903 3548 πολιτείας
916 3474 962 3547 είς
973 3466 1032 3548 τὰς
1042 3490 1148 3556 προσ-

189 3572 338 3661 ηκούσας
353 3569 450 3659 τιμὰς
465 3571 567 3640 πόλιν
583 3571 789 3659 ἐπανήγαγε,
811 3565 889 3647 τούς
905 3570 942 3635 δὲ
956 3573 1092 3647 πολίτας
1112 3570 1148 3637 ἐκ

187 3669 371 3757 βαρβάρων
382 3666 612 3757 μένἝλληνας
622 3672 788 3757 ἐποίησεν,
804 3668 837 3747 ἐξ
850 3662 1030 3747 όνόνδρων
1039 3667 1075 3735 δὲ
1086 3691 1148 3735 πο·
