2859 4334
466 409 580 464 mour
599 408 783 464 nomnen.
846 367 850 380 ’

126 574 226 639 molar
241 564 303 624 ἀλλ’
318 565 352 626 οὗ
368 566 417 624 διὰ
429 570 594 635 πλεονεξίαν

106 593 340 711 Iesnspnopsvf·
357 641 465 764 Harpa

149 714 297 781 (Clarias),
323 711 434 766 Alcibia
457 711 478 765 's
507 712 596 780 pater,

106 786 150 839 ad
168 783 320 908 {Ioroneam
339 799 466 852 pugnans
486 780 596 836 cecidIt.

152 927 312 993 Clisthenes,
331 924 466 994 Megaclis
480 924 509 989 f,
523 921 598 976 Alci-

107 996 213 1052 biadis
235 1013 253 1049 a
275 999 363 1050 matre
389 1011 522 1065 proavus,
549 1010 598 1063 po·

108 1067 216 1139 pulum
228 1066 427 1120 Atheniensem
442 1082 460 1118 a
472 1063 598 1134 tyrannis

108 1137 266 1209 expulsum
291 1138 404 1191 reduxit
431 1140 460 1191 et
487 1135 598 1190 Solonis

111 1207 321 1265 democratiam
329 1207 462 1263 restituit.
481 1207 542 1274 VII,
556 1213 598 1260 16.

112 1280 179 1346 xv,
198 1285 259 1334 aaa.
278 1281 362 1348 (sos.)
380 1279 453 1342 XVI,
472 1285 514 1333 aa.
534 1283 577 1331 ar.

154 1352 384 1421 Clytemestrae
395 1347 521 1402 laudatio
530 1349 598 1401 orat.

113 1420 238 1476 Isocrati
275 1420 347 1474 falso
383 1420 533 1489 adsenpta
573 1435 599 1472 v.

112 1491 229 1548 Ἀποσπ.
249 1490 269 1545 Ι.

157 1563 272 1618 Cnidus.
299 1563 327 1615 A
345 1560 433 1615 Cnido
456 1559 601 1629 usquead

113 1631 599 1703 SinopenGraecillsiamaecolunt.

113 1705 169 1773 IV,
191 1710 250 1758 162.
283 1701 404 1758 Cononis
429 1703 548 1757 victoria
566 1702 602 1755 ad

114 1775 243 1831 Cnidum
259 1773 395 1830 achan.
413 1781 473 1829 394.
499 1773 547 1839 IX,
559 1780 600 1828 08.

159 1847 236 1901 Coele
259 1861 349 1914 pagus
372 1845 492 1898 Atticae.
520 1843 602 1898 Philo

117 1915 155 1974 ἐκ
175 1918 286 1986 Κοίλης.
306 1915 405 1982 XVIII,
424 1921 467 1969 99.

160 1987 263 2044 Conon.
286 1986 428 2040 'IImothei
446 1985 479 2052 i,
498 1986 602 2039 Isocra·

116 2059 160 2113 tis
175 2056 323 2111 familiaris
337 2059 368 2112 et
379 2057 414 2110 de
424 2054 602 2124 Mytilenaeis

116 2127 332 2184 benemeritus.
352 2127 403 2197 Ep.
418 2128 493 2194 VIII,
507 2132 531 2182 8.
551 2128 602 2180 Ae

118 2200 208 2269 cepta
242 2198 272 2252 iu
303 2198 487 2268 Hellesponto
522 2197 602 2251 clade

118 2273 246 2339 Cyprum
265 2269 301 2324 sd
315 2268 473 2338 Euagoram
486 2269 604 2337 navigat

117 2346 159 2407 (a
184 2340 248 2394 Chr.
267 2357 293 2396 n.
317 2343 389 2410 406.)
411 2343 496 2409 atque
519 2339 603 2393 Lace·

118 2408 287 2466 daemonica
319 2408 408 2465 vincit
441 2410 603 2480 patriaeque

117 2481 246 2554 priscum
261 2482 346 2536 decus
360 2481 485 2536 restituit
493 2485 527 2550 (a.
540 2481 603 2536 Chr.

119 2573 150 2608 n.
172 2555 251 2622 aar).
279 2553 407 2620 IV,1⁶4.
435 2552 469 2622 V,
490 2559 596 2606 (ει-64

119 2631 167 2680 67.
196 2622 257 2692 VII,
282 2630 322 2678 12.
348 2629 390 2678 65.
418 2624 466 2689 IX,
490 2629 603 2678 52-57.

119 2693 186 2759 XII,
204 2700 261 2749 106.
281 2693 385 2763 quade
399 2710 498 2748 caussa
511 2696 605 2747 statua

120 2766 155 2819 in
184 2763 243 2818 eius
270 2765 404 2820 honorem
433 2767 476 2819 est
502 2764 602 2834 posita.

120 2834 172 2903 IX,
192 2842 234 2890 57.
266 2835 298 2889 In
316 2835 391 2890 bello
411 2834 527 2889 Cnidico
552 2834 606 2889 fuit

118 2905 201 2976 regis
223 2906 369 2960 Persarum
394 2907 450 2960 dux
473 2906 520 2973 IV,
545 2912 602 2960 142.

119 2980 170 3034 est
182 2995 202 3032 a
212 2977 357 3032 Persarum
371 2977 491 3046 satrapis
505 2976 536 3030 in
545 2976 604 3031 vin·

120 3047 191 3103 cula
209 3048 358 3102 coniectus.
378 3048 424 3115 IV,
446 3056 503 3102 164.

161 3120 262 3187 Corax,
277 3120 346 3174 artis
356 3118 494 3173 oratoriae
509 3118 604 3172 inven-

120 3195 177 3245 tor.
195 3185 303 3245 Ἀποσπ.
323 3190 369 3246 III.
390 3187 423 3246 cI.
444 3197 468 3246 1.

160 3262 282 3331 Corcyra
309 3259 465 3329 (Κέρκυραε
493 3256 510 3328 ἡ
534 3254 602 3326 παρ’

116 3330 231 3403 Ὁμήρῳ
250 3334 365 3400 Σχερία.
391 3330 480 3387 Bekk.
499 3328 603 3384 Anecd.

121 3405 198 3471 275.)
221 3401 458 3472 opportumssimo
487 3405 516 3455 et
542 3399 604 3468 pul-

120 3471 263 3528 cherrimo
287 3472 411 3528 omnium
434 3487 505 3540 quae
532 3471 606 3524 circa

119 3545 348 3613 Peloponnesum
365 3545 430 3598 sunt
448 3542 503 3596 sltu
519 3541 604 3595 collo·

119 3617 189 3672 eata
203 3617 232 3668 et
242 3615 388 3684 octoginta
398 3613 527 3667 triremes
541 3628 604 3681 pos·

120 3687 219 3740 sidens
229 3685 404 3740 aTimotheo
421 3687 464 3738 est
478 3683 603 3737 subacta.

121 3759 183 3823 XV,
205 3762 264 3811 108.
286 3762 344 3811 109.

1059 403 1122 468 291

686 569 752 623 Oore
768 566 964 637 (Proserpina),
982 565 1041 619 filia
1055 563 1129 618 Ioula

650 642 680 694 et
703 637 822 704 Cereris,
851 641 932 708 rapta
955 640 998 691 est
1020 636 1067 701 IV,
1086 640 1128 689 28.

650 713 680 764 et
706 709 735 763 in
764 708 835 763 Orco
868 711 995 763 versatur
1031 706 1129 762 coniux

650 780 777 834 Plutonis
793 780 838 846 IX,
855 787 905 846 15,
923 779 997 833 unde
1012 795 1073 833 earn
1087 776 1130 830 Pi·

651 851 759 905 rithous
775 855 835 905 erat
848 851 1026 905 abducturus.
1044 850 1077 916 X,
1088 855 1130 902 20.

689 925 893 977 Corinthiacum
901 921 1006 974 bellum
1015 920 1050 975 ob
1060 921 1130 974 The-

651 993 787 1047 banorum
819 992 997 1047 insolentiam
1031 994 1129 1046 ortum.

652 1063 725 1128 XIV,
746 1071 786 1119 27.

689 1133 1131 1204 Corintht’a'populusnulliusauc·

651 1205 776 1259 toritatis
792 1206 839 1272 Vl,
855 1213 896 1260 91.
919 1205 1021 1259 Eorum
1035 1221 1133 1274 agrum

653 1276 866 1331 lacedaemonii
899 1279 964 1330 sunt
995 1275 1130 1347 populati.

655 1347 728 1414 VIII,
749 1354 807 1402 100.

691 1419 844 1474 cornetan.
886 1417 1009 1472 Societas
1037 1421 1133 1472 contra

656 1489 807 1559 Spartanos
817 1488 857 1542 ibi
868 1489 994 1545 conflata,
1014 1489 1061 1554 IV,
1074 1496 1132 1543 142.

692 1562 821 1627 Coronea,
844 1559 892 1612 ubi
910 1559 1066 1614 Alcibiadis
1085 1576 1132 1629 pa

655 1633 699 1686 ter
718 1631 828 1686 cecidit.
856 1630 929 1699 XVI,
950 1635 991 1686 28.

693 1703 826 1757 ornemus
844 1701 969 1771 litigavit
986 1702 1021 1756 de
1038 1701 1133 1755 fundo.
1235 1726 1237 1732 ·

655 1772 755 1839 XVIII,
774 1779 887 1828 52-54.

692 1845 881 1914 Cresphontes,
909 1843 1038 1897 conditor
1064 1842 1132 1897 Mes·

656 1915 806 1983 semorum,
821 1932 854 1968 ex
864 1915 991 1969 Herculis
1002 1914 1134 1984 progenie

656 1988 734 2040 ortus
748 1985 917 2039 aMesseniis
928 1985 1072 2040 occiditur.
1087 1985 1135 2052 Vl,

656 2064 699 2110 22.
733 2055 801 2108 Eius
825 2056 875 2108 filii
899 2056 1135 2110 Lacedaemonem

657 2125 823 2196 confugiunt
850 2127 1135 2196 Lacedaemoniisque

656 2197 812 2252 Messenam
831 2198 953 2253 tradunt
973 2199 1020 2265 Vl,
1039 2206 1081 2253 31.

693 2270 780 2323 Creta.
813 2268 968 2323 Monstrum
1000 2285 1033 2322 ex
1059 2269 1134 2323 Pasi-

656 2339 738 2410 phae,
757 2338 831 2393 Solis
845 2339 912 2406 filia,
926 2341 1030 2404 natum,
1045 2357 1060 2393 e
1075 2339 1135 2394 viro

657 2413 686 2464 et
707 2412 788 2464 tauro
812 2409 974 2479 conflatum,
1002 2410 1041 2463 ibi
1071 2411 1135 2464 edu-

658 2485 752 2617 {atum
771 2483 801 2535 et
814 2497 831 2534 a
844 2481 951 2534 Theseo
967 2483 1134 2550 superatum.

694 2622 827 2678 &nensis
836 2624 952 2676 vocatur
961 2620 1059 2676 Minos.
1075 2621 1135 2689 XII,

694 2763 821 2819 Oresaeus
835 2780 902 2827 ager
921 2762 1137 2833 proverbialiter

657 2834 750 2889 dictus
778 2834 823 2904 (cf.
847 2833 918 2888 Plut.
944 2833 999 2888 Sol.
1024 2850 1046 2890 c.
1076 2837 1136 2903 11.),

656 2905 730 2971 XIV,
750 2912 791 2960 31.

694 2976 813 3032 cretton
830 2974 1030 3044 (Δημοσθένης
1048 2972 1079 3030 ἐν
1098 2976 1136 3048 τῷ

657 3045 731 3101 κατὰ
748 3043 975 3115 Ἀριστοκράτους.
1003 3043 1136 3114 Κρυθωτὴ

658 3120 708 3186 μία
727 3114 807 3179 πόλις
829 3119 884 3171 τῶν
909 3114 939 3171 ἐν
959 3112 1135 3187 Χερρονήσῳ,

658 3185 739 3242 καθά
764 3206 850 3257 φησιν
870 3184 1030 3248 Ἑλλάνικος
1054 3184 1085 3241 ἐν
1110 3185 1135 3240 α’

661 3261 804 3328 Tentoria
827 3255 949 3327 Ἔφορος
968 3253 997 3312 δ’
1014 3253 1045 3312 ἐν
1064 3255 1135 3346 τῇδ’

659 3330 746 3398 φησὶν
757 3324 845 3399 αὐτὴν
851 3329 1071 3397 κατοικισθῆναι
1080 3325 1136 3382 υπὸ

656 3395 811 3469 Ἀθηναίων
824 3399 879 3453 τῶν
894 3395 963 3468 μετὰ
979 3397 1136 3453 Μιλτιάδου

659 3467 723 3526 ἐκεῖ
750 3469 998 3539 παραγενομένων.
1031 3470 1135 3539 Harp),

658 3541 723 3594 urbs
739 3539 974 3623 opportunissime
988 3540 1017 3593 in
1029 3540 1135 3594 Helles·

657 3614 745 3735 ponto
759 3613 813 3665 srta
820 3614 874 3666 eta
883 3610 1031 3666 Timotheo
1045 3616 1134 3681 capta.

684 3682 717 3742 V.
740 3687 796 3736 108.
818 3689 877 3737 112.

694 3753 825 3824 Cyclades
850 3753 958 3806 insulae
981 3752 1135 3820 antiquitus

869 3841 922 3895 19*
