2859 4334
492 402 776 454 ΑΠΟΣΠΔΣΜΑΤΑ.
1072 399 1138 464 275

118 555 278 616 Διονόσιον
297 555 345 616 έπὶ
361 567 420 623 τοῖς
438 557 522 616 πέντε
546 560 595 615 καλ
617 562 722 647 εἴκοσι,
746 555 818 614 κατά
842 557 874 614 δέ
894 555 1078 615 Καικίλιον’
1064 557 1136 615 οκτό

115 632 173 686 καλ
192 635 289 686 εἴκοσι.
329 629 511 700 Γεγραφέναι
533 631 565 687 δέ
589 627 678 685 αότόν
704 629 806 701 τέχνην
812 627 993 718 ρητορικήν
1000 629 1137 700 λέγουσιν,

116 698 158 771 ἣν
179 698 261 756 καλ
246 709 328 788 ημεῐς
346 705 426 771 ἴσμεν
445 704 495 758 τοῦ
514 698 620 769 άνδρὸς
639 699 871 787 ἐπιγραφομένην
889 721 928 774 τῳ
928 699 1069 790 ιονόματι.
1102 700 1140 758 Οέ

116 773 154 828 δὲ
126 791 347 900 δσυτασκηῖει
361 768 498 844 μαλλον
481 794 499 843 η
518 772 601 844 τέχνη
622 770 781 843 χρήσασθαι
802 772 873 828 κατά
887 772 952 836 τούς
970 771 1071 844 λόγους
1088 770 1137 828 τόν

116 841 159 899 άν
182 864 219 913 ρα
237 862 298 913 φοισ

615 969 649 1025 IL

539 1075 727 1128 TEXNH.

198 1203 223 1253 1.
239 1193 397 1267 Ἰσοκράτης
415 1197 486 1267 φησὶ
504 1195 593 1266 μηδέν
612 1194 679 1252 ἄλλο
699 1193 879 1281 ἐπιτηδεύειν
897 1196 963 1262 τοὺς
984 1219 1102 1269 ρητσρας
1120 1220 1138 1269 η

119 1262 282 1338 έπιστήμην
296 1269 425 1330 πειθοῦς.
445 1267 671 1338 (SextusEmpir
687 1266 757 1336 πρὸς
771 1273 880 1338 μαθημ.
896 1270 928 1323 ΙΙ.
945 1277 968 1336 9.
982 1277 1015 1326 62
1035 1288 1062 1341 p
1078 1277 1138 1337 901,

119 1340 211 1408 F.)-
222 1355 282 1394 οιεε
296 1339 455 1394 rhetoricen
468 1339 701 1408 persuadendi
715 1339 892 1410 opificem,
906 1339 937 1394 id
952 1343 1003 1408 est,
1018 1344 1139 1404 πειθοῦς

119 1408 307 1497 δημιουργόν.
322 1409 486 1539 6666}
450 1409 516 1464 inst.
535 1411 606 1496 orati,
623 1411 658 1477 11,
680 1417 721 1476 15,
728 1412 777 1494 4.)

197 1489 223 1535 2.
244 1478 303 1537 Τὸν
371 1488 434 1544 ταῖς
455 1479 567 1550 τέχναις
573 1477 823 1568 ἀποφαινόμενον
851 1477 883 1538 έκ
907 1483 957 1551 τῆς
979 1481 1138 1554 προγόν(ων

120 1550 300 1621 εὐεργεσίας)
319 1548 421 1614 τόνους
438 1554 499 1606 δεῖν
518 1553 636 1621 ποιήσαι
653 1549 720 1615 τους
737 1548 887 1620 ἀκροατάς
913 1555 1013 1624 (Epist
1034 1553 1137 1610 Socrat.

119 1623 213 1690 XXX,
232 1623 302 1677 4de
321 1624 464 1711 Isocrate.)

199 1701 224 1779 ³:
240 1690 288 1748 Ἐν
311 1691 365 1764 γάρ
350 1701 449 1763 ρταῖς
471 1690 658 1749 καταστάσεσι
680 1689 715 1749 τά
739 1713 769 1750 τε
789 1694 881 1750 οἰκεια
901 1697 1072 1766 συνιστάμεν
1091 1697 1139 1751 καλ

120 1763 160 1820 τά
181 1766 237 1819 τῶν
257 1762 394 1822 ἐναντίων
412 1761 636 1853 διαράλλομεν
623 1762 693 1831 πρὸς
715 1762 746 1820 τό
767 1765 873 1822 οἰκεῖον
893 1767 1037 1838 συμφέρον
1057 1764 1105 1837 ἐργ
1108 1789 1138 1822 α-

122 1834 241 1905 ζόμενοι
268 1833 319 1898 τάς
345 1853 543 1904 καταστάσεις,
570 1856 607 1898 ως
627 1831 786 1907 Ἰσοκράτης
809 1834 948 1904 έ.δίδαξεν
986 1838 1086 1907 (Δωοσ.
1111 1841 1139 1894 et

121 1907 240 1962 Maxim.
259 1907 375 1962 Planud
397 1909 428 1973 V,
447 1912 508 1973 ⁶51,
528 1912 569 1960 10
589 1906 645 1977 W.)

198 1985 224 2033 4.
241 1973 398 2047 Ἰσοκράτης
412 1948 489 2034 έν
439 1998 490 2063 τη
505 1976 589 2062 τέχνη
606 1979 706 2061 φησίν
726 1974 763 2041 ὥς
778 1974 857 2034 έν
825 2000 857 2051 τη
867 1976 1007 2066 διηγήσει
1024 1978 1139 2036 λεκτέον

121 2046 156 2104 τό
177 2068 208 2104 τε
215 2051 338 2134 πρᾶγμα
352 2050 402 2103 καὶ
414 2046 449 2103 τά
464 2045 521 2137 πρό
533 2050 583 2102 τοῦ
597 2044 761 2136 πράγματος
780 2047 873 2104 καλ
843 2071 877 2104 τα
892 2049 973 2136 μετά
977 2048 1008 2105 τὸ
1024 2053 1139 2140 πρᾶγμα

122 2116 222 2176 καλ
191 2140 241 2182 τοις
255 2122 392 2207 διανοίας,
411 2115 485 2182 αἷς’
471 2116 604 2204 εκάτερος
618 2122 673 2174 τῶν
688 2115 904 2206 ἀγωνιζομένων
918 2118 1060 2191 χριόμενος
1073 2121 1138 2178 τόδε

122 2213 151 2246 τι
171 2189 324 2276 πέπραχεν
334 2212 352 2261 η
337 2186 461 2261 μελλει
474 2186 616 2258 πράττειν,
635 2191 685 2245 καλ
702 2188 809 2245 τούτων
826 2199 885 2253 τοις
895 2192 1140 2266 συμβαλλομένας

122 2260 366 2406 6366?ss
391 2260 998 2403 ι(ῗέ”ἓέ““1ἶὲἶξῖἱέέιΡρ3έέῑ,”ῗξ·
1020 2263 1140 2402 91911

189 2403 277 2458 Waz

125 2411 170 2460 16
198 2481 224 2528 5.
243 2404 360 2560 έλόοκρ.)
389 2474 476 2543 φησὶν
504 2468 536 2528 έν
563 2480 625 2534 ταις
651 2471 763 2542 τέχναις
790 2470 942 2543 προσήκειν
971 2475 1064 2530 οἰκεῖοι
1091 2477 1140 2531 καὶ

122 2542 254 2630 γνώριμα
273 2543 307 2599 τά
325 2546 542 2632 παραδείγματα
560 2542 667 2631 φέρειν.
700 2543 801 2629 (Epist.
821 2544 926 2600 socrat.
945 2545 1030 2616 XXX,
1050 2553 1073 2613 ξ.
1087 2550 1139 2616 10.)

199 2623 225 2672 δ.
243 2611 336 2670 '‘Eu
304 2636 353 2685 της
359 2610 535 2683 Ἰσοκράτους
547 2613 647 2699 τέχνης
657 2611 864 2701 διδασκόμεθα,
878 2624 957 2701 ποιαι
968 2618 1023 2671 τῶν
1024 2591 1140 2683 λέξεων

123 2686 258 2755 λέγονται
280 2688 421 2775 καθαραί·
445 2686 579 2741 τοσοῦτον
597 2684 678 2814 γάρ
678 2685 850 2754 πεφρόντικε
874 2688 924 2756 τῆς
944 2684 1140 2773 καθαρότητος

123 2761 183 2813 τῶν
202 2753 336 2823 λέξεων“
325 2777 340 2812 σ
359 2754 446 2847 άνήρ,
469 2753 507 2818 ὥς
529 2756 578 2811 καλ
611 2777 628 2810 ν
647 2777 679 2828 τη
704 2757 781 2813 οἰκεέ
815 2755 901 2842 τέχνη
918 2755 1013 2813 τοιάδε
1033 2777 1139 2844 παραγ.-

123 2828 237 2898 γέλλειν
254 2829 320 2898 περὶ
337 2826 449 2894 λέξεως·
473 2830 524 2883 δει
542 2825 612 2884 666
598 2825 630 2884 έν
653 2829 687 2899 τῇ
706 2827 759 2896 μέν
777 2778 901 2894 δέξει
870 2848 905 2882 τοι
932 2825 1082 2920 φωνήεντα
1101 2828 1138 2898 μή

124 2902 309 2985 συμπίπτειν
329 2897 419 2968 χωλὸν
437 2897 491 2967 γάρ
510 2918 541 2952 το
532 2894 680 2954 τοιόνδε·
700 2897 773 2968 μηδὲ
787 2901 921 2954 τελευτᾶν
936 2900 985 2954 καλ
999 2897 1140 2985 ἄρχεσθαι

123 2965 185 3025 άπὸ
205 2965 527 3054 τήςαότήςσυλλαβής,
547 2967 607 3024 οἷον
627 2968 773 3024 εἰποῦσα
781 2972 898 3058 σαφή,
903 2966 1139 3058 ἡλίκακαλά,

125 3041 217 3096 ἔνθα
237 3042 361 3127 Θαλῆς·
385 3041 434 3095 καλ
457 3038 522 3101 τοὺς
545 3040 736 3165 συνδέσμουςέ
741 3037 807 3103 τούς
825 3036 930 3103 αότοέις
948 3038 985 3111 μή
1005 3038 1141 3130 σόνεγγυς

123 3109 242 3166 τνδέναι
260 3113 309 3167 καὶ
327 3108 378 3166 τόν
402 3107 543 3198 έπόμενον
567 3113 604 3183 τῷ
627 3106 720 3196 ἡχουμ
723 3109 777 3184 ένφ
799 3107 888 3174 εὐθὺς
906 3108 1140 3179 άνταποδιδοναι,

124 3179 247 3268 όνόματι
269 3181 301 3238 δέ
325 3176 488 3270 χρῆσθαι
470 3203 488 3252 η
506 3167 665 3271 μεταφορᾷ
685 3178 723 3251 μή
743 3183 848 3268 σκλη
867 3184 942 3256 ητῷ
967 3156 1140 3272 καλλίστφή

123 3256 165 3325 τῷ
184 3247 285 3322 ήκιστα
303 3251 461 3339 πεποιημέν
503 3247 521 3322 6
540 3253 578 3325 τῷ
589 3249 802 3342 γνωριμωτάτῳ
810 3203 931 3325 6626
926 3251 989 3308 δὲ
976 3274 993 3309 ο
1007 3240 1091 3341 λόγος
1103 3254 1140 3340 μή

123 3311 210 3393 λόγος
228 3323 310 3379 ἔστω·
334 3321 420 3416 ξηρόν
439 3341 505 3393 γρ·
528 3309 600 3409 μηδέ
620 3323 636 3378 6¹
656 3341 766 3392 μετρος·
769 3322 960 3423 καταφανές
980 3321 1047 3394 γάρ·
1071 3321 1138 3379 ἄλλα

123 3397 289 3482 μεμίχθαι
271 3395 356 3449 παντλ
371 3392 482 3482 ρυθμῷ,
497 3399 615 3462 μαλιστα
661 3389 782 3480 μβικῷ
765 3414 783 3463 η
798 3405 945 3483 τροχαϊκφ.
924 3380 968 3519 6
984 3395 1137 3481 Διηγητέοι

124 3465 158 3521 δέ
179 3485 211 3519 το
221 3467 341 3552 πρῶτον
359 3467 409 3520 καὶ
426 3463 458 3520 τό
478 3463 624 3551 δεύτερον
631 3467 680 3518 καλ
698 3462 734 3519 τά
754 3461 873 3520 λοιπά’
859 3485 945 3536 επομε
966 3483 1016 3528 ως
1035 3467 1083 3520 καὶ
1103 3465 1137 3536 μή

123 3530 1140 3696 99133999199911νέ9399119999911199

124 3676 278 3735 οάσθωσαν
278 3673 402 3802 ν”έφ
387 3675 492 3740 εαυτάς
518 3674 772 3746 περιγραφόμεναι
809 3676 931 3744 (Maxim.
961 3677 1075 3735 Planud
1104 3678 1140 3733 ωδ

125 3749 302 3818 Hermogv
304 3767 356 3819 p.
376 3755 437 3813 499,
457 3756 481 3804 8.
502 3750 531 3802 et
550 3749 667 3801 loannes
686 3747 768 3801 Sicel
788 3747 834 3800 w.
855 3765 881 3817 p.
904 3755 962 3813 156,
984 3755 1034 3811 19.)

874 3838 927 3890 1⁸*
