2859 4334
301 364 360 427 152
581 367 762 425 ΙΣΟΚΡΑ
773 368 829 425 ΤΟ
840 369 901 425 ΤΣ
916 365 982 440 (15)

299 526 337 595 τό
353 528 389 596 δὲ
405 527 584 612 πραότερα,
600 524 639 592 τῦ
651 526 687 593 δὲ
699 527 935 612 φρονιμώτερα
947 536 1093 613 ποιοῦσι,
1105 530 1181 612 περὶ
1193 509 1256 615 τόν

299 636 367 696 τῦυ
378 627 574 713 ἀνθροπων
590 628 696 712 φῦσιν
710 631 875 712 μηδεμίαν
885 638 1012 695 οίονται
1023 628 1185 713 τοιαύτην
1196 629 1256 695 εῦ-

299 738 422 815 ρῆσθαι
439 732 610 811 παιδείαν,
633 725 707 811 ἥτις
723 722 766 792 ἄν
783 722 906 805 αῦτοῦς
926 730 983 793 ἐπί
993 753 1023 794 τι
1037 727 1169 793 τοότων
1185 719 1257 793 ὦν-

231 840 281 890 m
298 852 360 909 περ
376 824 484 894 καὶτὰ
499 832 602 911 θηρία
617 830 782 910 δυνηθείη
800 839 1015 910 προαγαγεῖν,
1033 823 1116 892 ἀλλὰ
1128 826 1256 893 τοσαῦ-

295 954 356 1012 την
385 924 547 993 ἁπόντων
575 923 673 1011 ἡμῶν
699 923 840 1010 ἀτυχίαν
864 923 1130 1009 κατεγνώκασιν,
1163 936 1253 991 ισθ’

295 1024 605 1111 ὁμολογησειανμὲν
618 1019 662 1089 όὶν
673 1037 744 1101 ταῖς
753 1021 925 1107 ἡμετέραις
936 1027 1098 1101 διανοίαις
1105 1026 1255 1090 ιἕκαστον

297 1130 364 1189 τῶν
380 1120 490 1188 όντων
507 1124 639 1209 βέλτιον
651 1128 828 1207 γίγνεσθαι
840 1124 895 1188 καὶ
909 1123 1171 1208 χρησιμώτερον,
1187 1121 1253 1189 αῦ-

298 1220 378 1299 τοῦς
395 1219 428 1288 δ’
449 1220 537 1308 ἡμᾶς
560 1218 639 1299 τοῦς
660 1226 794 1306 ἔχοντας
814 1219 875 1306 τὴν
892 1221 1060 1307 φρόνησιν
1075 1216 1254 1310 ταῦτην,ᾖ

298 1320 406 1388 πάντα
427 1327 582 1397 πλείονος
603 1318 679 1399 όξια
697 1326 876 1405 ποιοῦμεν,
901 1328 1045 1404 τολμῶσι
1060 1322 1189 1405 λέγειν,
1208 1317 1255 1397 ὡς

298 1416 399 1485 οὐδὲν
413 1414 457 1485 όν
472 1415 637 1505 ἀλλήλους
658 1417 743 1500 πρὸς
762 1421 943 1486 ἐπιείκειαν
960 1416 1250 1505 εῦεργετήσαιμεν.

228 1514 317 1585 ‘2136'
334 1520 370 1584 δὲ
381 1518 519 1584 πάντων
530 1517 734 1601 δεινότατον,
751 1516 802 1585 ὅτι
818 1515 900 1585 καθ’
913 1521 1053 1585 ἕκαστον
1062 1516 1124 1585 τόν
1135 1523 1254 1586 ἐνιαυ-

297 1618 356 1687 τόν
378 1626 591 1701 θεωροῦντες
613 1622 649 1687 ἐν
670 1633 739 1697 τοῖς
759 1618 911 1705 θαύμασι
932 1617 1011 1698 τοῦς
1030 1622 1093 1706 μὲν
1114 1624 1254 1699 λέοντας

298 1721 484 1805 πραότερον
506 1722 736 1806 διακειμένους
756 1715 841 1803 πρός
858 1718 936 1796 τοῦς
957 1718 1253 1807 θεραπεῦονταςῆ

297 1827 365 1886 τεόν
381 1818 577 1901 ἀνθρώπων
592 1826 675 1886 ἔνιοι
690 1816 774 1902 πρὸς
788 1817 867 1896 τοῦς
886 1811 925 1886 εὖ
937 1827 1128 1905 ποιοῦντας,
1144 1818 1206 1898 τὰς
1218 1817 1249 1887 δ’

297 1918 441 2000 ἄρκτους
456 1924 720 2003 καλινδουμίνας
730 1922 787 1985 ’καλ
799 1918 1006 1996 παλαιοῦσας
1017 1921 1071 1985 καὶ
1082 1923 1251 2005 μιμουμέ-
1273 1935 1313 1988 1oe

229 2031 279 2084 214
300 2046 359 2095 νας
372 2016 430 2095 τὰς
446 2015 605 2103 ἡμετέρας
622 2016 812 2103 ἐπιστήμας,
829 2014 903 2084 οὐδ’
922 2019 958 2084 ἐκ
973 2017 1104 2085 τούτων
1118 2019 1251 2086 δύναν-

297 2145 349 2183 ται
372 2124 499 2202 γνῶναι
522 2113 583 2202 τὴν
604 2122 759 2184 παιδείαν
782 2118 836 2183 καλ
856 2112 918 2202 τὴν
940 2117 1146 2202 ἐπιμέλειαν,
1163 2114 1251 2202 ὅσην

297 2222 360 2300 ἔχει
379 2215 535 2299 δύναμιν,
552 2211 626 2281 οὐδ’
644 2214 694 2281 ότι
707 2222 810 2281 ταῦτα
826 2212 913 2282 πολῦ
928 2210 972 2280 όν
989 2222 1116 2282 θᾶττον
1130 2213 1193 2301 τὴν
1207 2214 1250 2303 ἡ·

296 2318 436 2399 μετόραυ
463 2315 568 2399 φύσιν
599 2310 620 2399 ἢ
653 2312 714 2399 τὴν
743 2317 880 2381 ἐκείνων
910 2311 1129 2400 ὠφελήσειεν·
1166 2312 1247 2382 ὥστ’

297 2413 415 2497 ἀποροῖ
421 2467 430 2499 ,
453 2414 596 2496 πότερον
618 2412 661 2481 όν
684 2442 733 2492 τις
754 2414 964 2495 δικαιότερον
984 2415 1173 2499 θαυμάσειε
1189 2413 1249 2493 τὰς

296 2514 481 2599 πραότητας
494 2510 552 2591 τὰς
571 2527 638 2592 τοῖς
652 2514 895 2599 χαλεπωτάτοις
918 2519 986 2579 τῶν
1007 2519 1140 2599 θηρίων
1156 2516 1249 2599 ἐγγι-

295 2614 461 2699 γνομένας
480 2608 502 2699 ἢ
527 2612 585 2691 τός
607 2610 806 2699 ἀγριότητας
830 2612 889 2691 τὰς
906 2616 943 2679 ἐν
961 2627 1032 2691 ταῖς
1046 2626 1167 2697 ψυχαῖς
1179 2622 1249 2680 τῶν

295 2711 458 2779 τοιούτων
475 2710 669 2796 όνθριόπων
682 2712 833 2790 ἐνούσας.

228 2834 278 2885 215
370 2808 460 2897 Ἐχοι
476 2809 506 2877 δ’
525 2810 567 2878 ι’ίν
582 2840 630 2890 τις
653 2819 754 2879 πλείω
776 2815 851 2894 περὶ
871 2812 1001 2878 τούτων
1018 2818 1136 2879 εἰπεῖν·
1162 2811 1247 2881 ἀλλὰ

295 2907 359 2996 γόιρ
380 2904 424 2995 ἢν
445 2908 550 2977 πολλὰ
573 2916 649 2978 λίαν
670 2915 755 2995 λέγω
776 2914 851 2990 περὶ
873 2904 942 2976 τῶν
964 2908 1054 2996 παρὰ
1069 2926 1137 2989 τοῖς
1152 2921 1247 2979 πλεί-

294 3030 383 3085 στοις
398 3005 694 3095 ὁμολογουμένων,
718 3011 867 3094 δέδοικα,
886 3008 930 3096 μὴ
947 3014 1021 3093 περὶ
1037 3019 1104 3078 τῶν
1119 3008 1248 3097 ἀμφισ-

293 3112 511 3194 βητουμένων
529 3106 669 3193 ἀπορεῖν
690 3110 785 3189 δόξω.
832 3110 994 3195 (κς’.*ιξ.)
1022 3112 1248 3195 Παυσάμενος

294 3202 357 3294 οὖν
372 3209 502 3274 τούτων
518 3206 568 3275 ἐπ’
585 3212 734 3287 ἐκείνους
750 3214 910 3303 τρέψομαι
924 3207 1003 3288 τοῦς
1021 3209 1063 3278 οῦ
1074 3238 1247 3296 καταφρο-

293 3316 437 3387 νοῦντας
451 3308 513 3394 μὲν
528 3317 585 3396 τῆς
597 3317 807 3395 φιλοσοφίας,
823 3309 910 3378 πολῦ
923 3310 958 3378 δὲ
971 3310 1172 3395 πικρότερον
1183 3337 1247 3376 κα-

292 3414 518 3494 τηγοροῦντας
533 3403 652 3492 αὐτῆς,
674 3408 729 3474 καὶ
747 3412 995 3494 μεταφέροντας
1009 3409 1068 3486 τὰς
1082 3425 1245 3494 πονηρίας

293 3506 352 3583 τὰς
368 3511 435 3572 τῶν
451 3506 653 3589 φασκόντων
669 3508 731 3589 μὲν
748 3504 832 3573 είναι
848 3513 1036 3590 σοφιστῶν,
1057 3504 1138 3575 ἄλλο
1160 3512 1244 3576 δέτι

293 3603 507 3686 πραττόντων
521 3606 573 3671 ἐπὶ
588 3603 666 3683 τοῦς
684 3602 786 3672 οὐδὲν
801 3613 870 3673 τῶν
885 3597 1154 3684 αότῦνδέκείνοις
1169 3610 1240 3674 ἐπι-
