2859 4334
304 439 347 502 εο
597 437 963 508 ιεοιιεκνονειι
962 443 976 510 )

304 599 389 688 πρὸς
412 612 505 678 τίνας
526 598 591 719 χρή
613 604 771 681 πολεμεῖν
791 592 870 674 τούς
890 599 1051 682 μηδεμιᾶς
1073 600 1269 676 πλεονεξίαις
1348 594 1349 626 ¹

305 702 557 785 ἐπιθυμοῦντας
572 694 646 764 ἀλλ’
665 690 747 761 αὐτὸ
763 691 801 760 τδ
823 697 954 763 δίκαιον
975 699 1203 772 σκοποῦνταςς
1223 718 1268 761 ου

305 795 389 884 πρὸς
403 793 484 875 τοδς
497 796 553 862 καλ
567 792 733 881 πρότερον
748 798 858 871 κακῶς
872 789 935 880 τήν
944 789 1085 860 Ελλάδα
1099 792 1269 878 ποιήσαν-

305 922 363 976 τας
385 896 440 963 καλ
462 900 529 962 νῦν
550 891 832 979 ἐπιβουλεύοντας
852 893 908 960 καλ
927 893 1037 960 πάντα
1057 890 1118 961 τδν
1136 892 1296 979 χρόνονο

239 1011 288 1068 1⁸4
309 994 399 1064 οὕτω
413 990 499 1079 πρδς
511 989 598 1080 ἡμᾶς
612 993 843 1078 διακειμένους
849 1021 861 1072 ,·
881 999 947 1060 τίσι
965 994 1001 1062 δλ
1018 1003 1164 1079 φθονεῖν
1180 991 1271 1070 είκός

306 1098 375 1163 ίστι
384 1091 464 1171 τοάς
474 1091 520 1178 μή
531 1089 746 1159 παντάπασιν
755 1089 932 1177 ἀνάνδρως
943 1096 1174 1180 διακειμένους
1180 1089 1269 1160 ἀλλά

306 1198 446 1280 μετρίως
459 1189 568 1281 τούτῳ
582 1197 627 1281 τῷ
642 1190 812 1276 πράγματι
825 1195 1018 1277 χρωμένους
1025 1218 1038 1269 ,·
1054 1185 1096 1257 οά
1109 1203 1177 1269 τοῖς
1191 1195 1269 1275 μεί-

307 1299 383 1374 ζους
403 1292 465 1378 μὲν
485 1288 544 1368 τάς
564 1295 761 1368 δυναστείας
776 1285 798 1376 6
816 1288 889 1357 κατ’
903 1287 1109 1374 ἀνθρώπους
1130 1295 1268 1375 περιβε·

307 1392 500 1477 δλημίνοις,
523 1388 699 1467 ἐλάττονος
720 1384 752 1454 δ’
771 1384 874 1468 ἀξίοις
894 1395 962 1455 τών
985 1383 1065 1474 παρ’
1082 1385 1162 1474 ἡμῖν
1180 1391 1269 1454 δυσ-

306 1489 518 1579 τυχούντωνς
529 1492 680 1567 ἐπλτίνας
687 1488 724 1556 δὲ
731 1487 926 1572 στρατεύειν
936 1487 1098 1574 προσήκει
1108 1484 1267 1573 τοδςάμα

306 1591 369 1679 μὲν
387 1587 539 1678 εὐσεβεῖν
556 1593 801 1676 βουλομένους,
822 1585 891 1674 ἀμα
906 1591 943 1655 δὲ
957 1594 1019 1655 τοῦ
1033 1593 1267 1675 συμφέροντος

307 1692 585 1777 ἐνθυμουμένους
592 1718 604 1766 ,·
625 1685 688 1757 οάκ
710 1690 763 1755 ἐπὶ
787 1684 866 1765 τούς
891 1688 946 1755 καὶ
967 1687 1068 1774 φύσει
1085 1693 1269 1773 πολεμίους

306 1791 362 1857 καί
373 1784 556 1874 πατρικοὺς
566 1783 721 1873 ἐχθροὺς,
733 1790 788 1855 καὶ
798 1794 934 1854 πλεῖστα
945 1788 1008 1872 μὲν
1019 1784 1132 1872 ἀγαθά
1144 1811 1265 1872 κεκτη-
1277 1801 1296 1856 d

306 1889 440 1973 μένους,
448 1884 594 1972 ήκισταδ
598 1883 605 1908 ’
615 1884 700 1970 ὑπὲρ
710 1882 824 1953 αὐτῶν
835 1882 1026 1971 ἀμύνεσθαι
1037 1888 1268 1971 δυναμένους;

307 1981 436 2053 οὐκοῦν
445 1988 568 2054 ἐκείνοι
575 1991 658 2053 πᾶσι
666 1985 800 2064 τούτοις
808 1990 918 2070 ἔνοχοι
927 1984 1265 2071 τυγχάνουσινόντες.

239 2099 289 2156 186
308 2084 378 2167 (ν’.)
399 2087 466 2153 Καὶ
479 2081 548 2171 μήν
561 2081 641 2151 οὐδὲ
654 2081 713 2162 τάς
729 2084 842 2161 πόλεις
857 2083 1051 2170 λοπήσομεν
1065 2082 1267 2167 στρατιώτας

307 2186 340 2264 ἐξ
355 2180 468 2251 αάτών
483 2186 737 2270 καταλέγοντες,
754 2181 773 2250 6
787 2190 853 2251 νῦν
868 2185 905 2251 ἐν
919 2189 966 2274 τῷ
980 2185 1112 2273 πολέμςο
1123 2189 1169 2274 τῷ
1181 2179 1267 2269 πρὸς

307 2282 472 2369 ἀλλήλους
490 2277 714 2368 ὀχληρότατόν
732 2285 823 2350 ἐστιν
836 2279 969 2362 αὐτοῖς·
991 2280 1079 2351 πολδ
1094 2280 1158 2368 γὰρ
1174 2279 1267 2369 οίμαι

307 2384 556 2467 σπανιωτίρους
577 2388 715 2450 ἔσεσθαι
735 2378 814 2460 τούς
830 2383 945 2466 μένειν
961 2382 1183 2469 ἐθελήσοντας
1196 2387 1267 2448 τών

307 2491 579 2550 συνακολουθεῖν
593 2481 883 2568 ίτιιθυμησόντοιν.
905 2488 954 2560 τίς
964 2483 1030 2568 γὰρ
1041 2477 1267 2567 οδτωςήνέος

307 2576 329 2668 6
343 2578 484 2660 παλαιὰς
497 2578 654 2670 ῥᾴθυμός
668 2582 769 2666 ἐστιν,
792 2579 882 2660 ὅστις
898 2578 939 2648 οά
953 2595 1126 2668 μετασχεῖν
1139 2579 1268 2669 βουλή·
1280 2607 1296 2643 e

307 2703 400 2751 σεται
414 2680 536 2767 ταύτης
550 2687 607 2766 τῆς
622 2686 777 2764 στρατιᾶς
791 2686 850 2766 τής
862 2675 922 2747 ὑπ’
937 2675 1126 2766 Ἀθηναίων
1138 2681 1200 2767 μὲν
1210 2680 1266 2746 καὶ

307 2785 585 2864 Λακεδαιμονίων
611 2778 918 2864 στρατηγουμένης,
947 2773 1031 2864 ὑπὲρ
1057 2775 1093 2845 δὲ
1119 2784 1177 2864 τῆς
1197 2783 1266 2843 τών

307 2878 493 2966 συμμάχων
521 2879 716 2960 ἐλευθερίοις
748 2873 1009 2963 ἀθροιζομένης,
1043 2873 1110 2944 ἀπὸ
1143 2877 1179 2944 δὲ
1209 2881 1267 2962 τῆς

301 2977 460 3055 Ἑλλάδος
473 2974 603 3063 ἁπάσης
618 2980 885 3062 ἐκπεμπομένης,
904 2977 956 3043 ἐπὶ
973 2974 1009 3043 δὲ
1024 2972 1086 3062 τήν
1098 2981 1167 3044 τών
1181 2982 1267 3061 βαρ-

239 3091 289 3148 186
309 3077 426 3165 βάρων
439 3081 601 3162 τιμωρίαν
615 3076 844 3162 πορευομένης
851 3103 864 3154 ,·
885 3075 1001 3162 φήμην
1013 3078 1050 3143 δὲ
1064 3076 1120 3144 καί
1130 3075 1266 3161 μνήμην

306 3173 482 3254 καὶδόξαν
497 3172 607 3261 πόσην
627 3173 703 3241 τινά
720 3172 782 3260 χρή
799 3180 945 3261 νομίζειν
962 3168 984 3262 ή
1001 3180 1125 3256 ζῶντας
1140 3176 1228 3254 ἕξειν
1244 3167 1318 3260 ήθο

306 3274 567 3361 τελευτήσαντας
580 3279 793 3352 καταλείψειν
807 3270 887 3353 τοδς
901 3276 939 3341 ἐν
952 3287 1021 3352 τοῖς
1031 3273 1196 3351 τοιούτοις
1208 3277 1266 3357 ἔρ-

307 3399 380 3461 γοις
401 3368 680 3457 ἀριστεύσαντας;
702 3369 789 3440 ὅπου
811 3373 875 3458 γὰρ
894 3375 929 3440 σί
947 3370 1032 3457 πρὸς
1049 3370 1267 3454 Ἀλέξανδρον

307 3473 554 3558 πολεμήσαντες
569 3473 624 3539 καί
638 3477 719 3557 μίαν
733 3471 834 3541 πόλιν
849 3471 980 3551 ἑλόντες
995 3472 1160 3540 τοιούτων
1172 3473 1267 3538 ἐπαι-

309 3595 379 3639 νοον
395 3568 608 3658 ἠξιώθησαν,
630 3575 738 3638 ποίων
752 3576 856 3638 τινών
872 3568 933 3656 χρή
952 3573 1146 3657 προσδοκᾶν
1161 3571 1267 3655 ἐγκο-

307 3679 395 3755 μίων
419 3671 596 3748 τεύξεσθαι
618 3668 698 3749 τούς
719 3669 798 3759 ὅλης
819 3667 996 3755 τήςἈσίας
1020 3668 1268 3754 κρατήσαντας,·
