2859 4334
420 388 831 446 ΠΑΝΑΘΗΝΑΙΚΟΣ.
1054 383 1096 443 65

155 548 323 633 γράμματα
338 546 587 633 μανθάνουσιν,
610 544 847 632 ἀτηλικαύτην
867 552 931 632 ἔχει
951 546 1096 630 δύναμιν

156 644 234 714 ὥστε
260 643 341 723 τούς
365 648 603 729 ἐπισταμένους
627 650 682 713 καὶ
705 649 898 731 χρωμένους
917 643 1029 725 αὐτοῖς
1052 644 1096 732 κη

154 743 257 829 μόνον
273 746 449 829 ἐμπείρους
467 751 643 830 γίγνεσθαι
663 752 732 810 τῶν
751 746 803 811 ἐπὶ
823 753 880 831 της
896 742 1025 831 ἡλικίας
1039 750 1123 829 τηςε

152 840 260 909 αὑτῶν
277 846 498 928 πραχθέντων
511 840 595 911 ἀλλά
606 845 739 911 καὶτῶν
750 844 882 911 πώποτε
893 849 1093 930 γενομένων.

105 963 139 1013 10
152 938 222 1008 ἀλλ’
239 938 330 1026 ὅμως
349 938 393 1007 σύ
408 943 464 1009 καὶ
479 939 559 1019 τούς
571 948 640 1008 τῶν
657 943 821 1009 τοιούτων
841 940 983 1027 ἀμαθεῖς
998 942 1096 1020 ὄντας
1161 984 1165 993 ·

153 1040 330 1127 ἐτόλμησας
348 1047 470 1125 εἰπεῖν,
492 1038 536 1119 ῶς
551 1039 682 1127 εὑρεταὶ
697 1049 766 1109 τῶν
784 1050 969 1109 καλλίστων
984 1042 1095 1128 ἐπιτη-

151 1140 324 1225 δευμάτων
342 1141 512 1226 γεγόνασι,
527 1144 582 1208 καί
596 1138 690 1207 ταῦτ’
705 1139 810 1225 είδῶς,
826 1140 876 1209 ὅτι
889 1141 967 1220 τοὺς
976 1147 1096 1219 παῖδας

148 1236 225 1317 τούς
238 1237 350 1306 αὑτῶν
366 1242 514 1321 ἐθίζουσι
528 1244 602 1324 περὶ
617 1242 773 1319 τοιαύτας
786 1247 1011 1326 πραγματείας
1023 1244 1092 1307 δια-

149 1344 282 1423 τρίβειν,
300 1341 332 1417 ἐξ
347 1330 397 1405 ῶν
413 1341 601 1419 ἐλπίζουσιν
615 1336 740 1418 αὐτούς
761 1337 823 1406 οὐκ
842 1337 1015 1425 εὐεργέτας
1039 1364 1097 1424 γε·
1112 1348 1161 1405 ’277

149 1439 310 1523 νησεσθαι
325 1445 393 1504 τῶν
403 1438 515 1507 ἀλλων
533 1438 616 1507 ἀλλά
634 1446 744 1517 κακῶς
754 1454 864 1507 ποιεῖν
875 1440 1016 1526 μάλιστα
1033 1443 1094 1505 δν-

102 1563 125 1611 ι]
146 1536 572 1625 νησεσθαιτούςἝλληνας.
601 1540 670 1626 (πδ
671 1537 760 1623 .)“Ας
771 1540 879 1618 πάσας
889 1541 952 1625 μὲν
963 1536 1095 1618 διεξιῶν

146 1635 254 1705 πολύν
268 1635 367 1722 ὄχλον
384 1640 514 1726 ἐμαυτῷ
529 1635 559 1704 τ’
576 1634 621 1705 ἀν
632 1640 833 1724 παράσχοιμι
845 1641 899 1707 καλ
910 1653 978 1717 τοῖς
988 1635 1074 1706 ἀκού

145 1758 254 1821 ουσιν,
270 1744 350 1822 μίαν
366 1737 403 1804 δέ
419 1738 527 1823 μόνον
542 1736 655 1823 είπῶν,
670 1734 714 1824 ἣν
727 1736 877 1823 ἀγαπῶσι
892 1742 946 1805 καὶ
960 1742 1034 1823 περὶ
1053 1736 1093 1825 ἣν

145 1837 286 1923 μάλιστα
306 1838 568 1922 σπουδάζουσιν,
589 1836 678 1923 οἶμαι
702 1838 866 1923 δηλώσειν
888 1836 1019 1905 άπαντα
1032 1836 1092 1906 τὸν

144 1936 272 2020 τρόπον
282 1933 404 2004 αὐτῶν.
428 1935 622 2023 ἐκεῖνοιγάρ
638 1935 718 2005 καθ’
736 1938 877 2023 ἑκάστην
893 1936 1092 2027 τήνὴμέραν

144 2033 252 2113 εύθύς
267 2038 300 2115 ἐξ
317 2033 416 2124 εὐνῆς
431 2039 634 2122 ἐκπέμπουσι
652 2035 731 2115 τούς
745 2042 874 2120 παῖδας,
888 2034 968 2123 μεθ’
983 2029 1031 2104 ῶν
1046 2032 1091 2104 ἀν

143 2138 276 2203 ἕκαστοι
294 2142 499 2222 βουληθῶσι,
513 2137 602 2225 λόγῳ
614 2137 676 2222 μέν
688 2140 740 2206 ἐπὶ
752 2138 876 2223 θήραν,
891 2143 975 2226 ἔργῳ
991 2136 1023 2204 δ’
1042 2140 1121 2207 ἐπλλ)

107 2240 311 2302 λκλωπείαν
336 2242 403 2302 τῶν
429 2239 467 2303 ἐν
490 2252 558 2313 τοῖς
584 2236 698 2322 ἀγροῖς
720 2236 982 2304 κατοικούντων·
1016 2229 1095 2325 ἐνῇ

140 2340 320 2419 συμβαίνει
343 2332 422 2413 τούς
444 2336 506 2420 μέν
528 2337 719 2420 ληφθέντας
738 2332 904 2421 ἀργύριον
921 2333 1093 2402 ἀποτίνειν

139 2435 197 2499 καὶ
218 2430 347 2519 πληγάς
369 2433 570 2520 λαμβάνειν,
596 2432 674 2512 τούς
695 2436 731 2501 δέ
753 2443 886 2503 πλείστα
902 2435 1097 2521 κακονργή·Ι

139 2552 266 2607 σαντας
280 2534 333 2597 καλ
349 2541 470 2600 λαθεῖν
484 2538 693 2619 δυνηθέντας
708 2539 746 2600 ἐν
763 2558 797 2599 τε
812 2548 880 2611 τοῖς
902 2538 1016 2601 παισὶν
1035 2533 1091 2601 εύ-

138 2635 294 2715 δοκιμελν
307 2636 436 2715 μᾶλλον
452 2639 521 2698 τῶν
541 2631 669 2716 ἀλλων,
689 2630 826 2700 ἐπειδάν
849 2630 882 2692 τ’
903 2640 948 2711 είς
967 2633 1093 2717 ἀνδρας

138 2736 360 2815 συντελῶσιν,
377 2727 421 2816 ἢν
435 2734 612 2817 ἐμμείνωσι
625 2747 692 2810 τοῖς
707 2730 829 2817 ἤθεσιν
845 2728 894 2809 οἷς
905 2737 1019 2810 παῖδες
1033 2730 1092 2800 ὅν-

135 2856 193 2908 τες
219 2832 435 2915 ἐμελέτησαν,
459 2829 559 2918 έγγύς
586 2830 670 2900 εἶναι
695 2836 764 2897 τῶν
779 2837 944 2915 μεγίστων
969 2828 1090 2916 ἀρχῶν.

102 2950 121 3000 3
136 2932 196 2997 καὶ
213 2928 336 3014 ταύτης
357 2927 398 3016 ἤν
421 2957 469 3009 τις
484 2933 628 3018 ἐπιδείξη
643 2934 797 2997 παιδείαν
812 2935 940 3013 μᾶλλον
954 2926 1117 3015 ἀγαπῶ-ι

133 3034 249 3115 μένην
266 3024 289 3113 ἢ
304 3034 568 3116 σπουδαιοτέραν
589 3029 668 3112 παρ’
687 3025 800 3103 αὐτοῖς
816 3025 900 3093 εἶναι
918 3031 1092 3113 νομιζομέ-

133 3156 216 3214 νην,
235 3124 388 3214 ὁμολογῶ
399 3132 504 3216 μηδέν
515 3127 638 3214 ἀληθές
651 3132 818 3213 εἰρηκέναι
834 3128 916 3214 μηδὲ
933 3131 1008 3214 περὶ
1019 3128 1094 3207 ἑνδς

132 3228 276 3297 πῶποτε
299 3229 499 3314 πράγματος.
528 3237 635 3296 καίτοι
655 3236 688 3295 τί
711 3234 780 3294 τῶν
800 3227 964 3295 τοιούτων
984 3233 1093 3314 ἔργων

132 3328 248 3445 καλόγ
262 3329 352 3393 ἐστιν
367 3322 389 3411 ἢ
405 3326 531 3414 σεμνόν
546 3324 620 3395 ἀλλ’
638 3323 701 3393 ούκ
717 3327 876 3413 αἰσχύνης
894 3324 1004 3409 ἀξιονς
1020 3335 1091 3406 πῶς

131 3423 167 3491 δ’
194 3422 261 3491 ούκ
275 3422 441 3540 ἀνοήτους
449 3450 510 3510 χρη
500 3422 668 3537 νομίζειν
682 3422 762 3503 τούς
774 3427 994 3503 ἐπαινοῦντας
1011 3424 1091 3505 τούς

127 3529 302 3621 τοσοντον
311 3524 380 3589 τῶν
393 3527 581 3638 νόμωντῶν
595 3529 721 3592 κοινῶν
733 3529 945 3614 ἐξεστηκότας
957 3536 1014 3596 καὶ
1028 3556 1093 3613 μη-

129 3627 195 3692 δέν
211 3628 283 3689 τῶν
298 3618 506 3770 αύτῶιῃμητε
517 3637 585 3701 τοῖς
591 3620 727 3708 Ελλησι
741 3624 821 3710 μήτε
833 3638 901 3702 τοῖς
910 3632 1094 3713 βαρβάροις

221 3732 367 3771 ιεοαιιιτε
934 3728 952 3775 .¹›
