2859 4334
293 445 335 508 52
581 447 765 506 ΙΣΟΚΡΛ
774 446 903 504 Tm
918 452 962 518 (4)

1351 525 1352 568 ι

293 606 455 693 λαμβάνει
470 606 570 687 δόξαν
586 602 670 672 ὥστε
683 601 774 689 παρά
789 611 892 670 πᾶσιν
906 601 1101 691 ἀνθρώποις
1114 603 1244 693 άγαπιῐ-

293 715 384 774 σθαι.
406 706 505 791 χωρὶς
525 702 561 771 δὲ
580 702 712 770 τούτων
733 705 769 769 αί
780 701 843 786 μὲν
856 700 954 772 άλλαι
968 703 1174 791 πανηγύρεις
1190 699 1249 771 διά.
1289 701 1290 704 '
1351 729 1352 777 ς

293 809 420 871 πολλοῦ
432 802 558 888 χρόνου
573 808 781 886 σνλλεγεῖσαι
795 801 917 886 ταχέως
932 802 1154 890 διελύθησαν,
1176 798 1196 886 ἡ
1213 797 1246 866 δ’
1259 812 1278 865 b
1351 825 1352 886 3

291 899 434 990 ἡμετέρα
450 900 547 978 πόλις
561 897 692 966 ἅπαντα
706 897 768 966 τόν
782 905 887 968 αίωνα
902 914 969 980 τοῖς
984 898 1247 988 ἀφικνουμένοις
1351 905 1352 962 ἰ

293 999 481 1087 πανήγυρίς
494 1002 594 1067 ἐστιν.

245 1109 278 1165 47
376 1098 461 1181 (ιγ’.)
481 1102 690 1180 Φιλοσοφίαν
702 1099 830 1181 τοίνυν,
847 1091 869 1179 ἢ
885 1093 995 1161 πάντα
1008 1103 1112 1163 ταῦτα
1127 1098 1247 1174 συνεξ·
1351 1091 1352 1172 l

293 1203 370 1283 εὗρε
388 1199 445 1265 καλ
465 1195 767 1282 συγκατεσκεύασε,
796 1197 850 1262 καὶ
870 1194 953 1277 πρός
972 1221 1009 1262 τε
1029 1193 1089 1274 τάς
1113 1193 1248 1277 πράξεις
1351 1225 1352 1282 3

292 1293 378 1384 ἡμᾶς
392 1297 566 1363 ἐπαίδευσε
581 1296 636 1360 καὶ
651 1290 735 1377 πρδς
749 1289 915 1379 ἀλλήλους
928 1293 1092 1379 ἐπράϋνε,
1110 1295 1247 1361 καὶτῶν
1351 1353 1352 1368 ,

293 1400 479 1482 συμφορῶν
493 1393 551 1474 τάς
565 1419 600 1461 τε
615 1391 659 1460 δι’
677 1390 828 1478 ἀμαθίαν
842 1394 897 1459 καλ
910 1389 970 1470 τάς
984 1394 1017 1470 ἐξ
1030 1389 1179 1478 ἀνάγκης
1192 1418 1246 1477 γι-

292 1497 457 1582 γνομένας
472 1497 589 1578 διεῖλε,
604 1492 659 1558 καὶ
673 1487 732 1570 τάς
746 1490 808 1577 μὲν
822 1490 1054 1576 φυλάξασθαι,
1069 1487 1128 1569 τάς
1137 1490 1174 1557 δὲ
1185 1514 1248 1556 κα-

292 1600 359 1672 λῶς
378 1597 527 1679 ἐνεγκεῖν
547 1595 712 1673 ἐδίδαξεν,
735 1587 756 1676 ἡ
777 1587 983 1679 πόλιςὴμοὸν
996 1591 1174 1674 κατέδειξε,
1192 1589 1248 1656 καὶ

292 1691 415 1778 λόγους
428 1694 598 1777 ἐτίμησεν,
617 1681 666 1756 ἀν
681 1690 803 1766 πάντες
816 1688 879 1774 μὲν
891 1685 1114 1774 Ιἐπιθυμοῦσι,
1129 1701 1198 1766 τοῖς
1212 1687 1246 1754 δ’
1258 1719 1273 1758 α

244 1795 279 1849 48
294 1791 522 1875 ἐπισταμένοις
536 1793 720 1872 φθονοῦσι,
735 1791 909 1854 συνειδυῖα
920 1791 995 1874 μὲν,
1010 1785 1062 1854 ὅτι
1072 1792 1172 1854 τοῦτο
1182 1786 1248 1874 μό-

293 1913 356 1954 νον
370 1889 404 1967 ἐξ
418 1884 577 1953 ἁπάντων
594 1892 661 1952 τῶν
675 1884 768 1965 ζάων
782 1890 870 1954 ίδιον
884 1891 1013 1971 ἔφυμεν
1029 1891 1175 1970 ἔχοντες,
1192 1887 1249 1953 καλ

293 1985 380 2052 διότι
400 1982 508 2074 τούτῳ
528 1983 830 2071 πλεονεκτήσαντες
844 1988 981 2064 καὶτοῖς
995 1983 1108 2064 ἀλλοις
1122 1984 1249 2052 άπασιν

293 2082 407 2152 αὐτῶν
429 2084 665 2170 διηνίγκαμεν,
680 2081 804 2168 ’ὁρῶσα
823 2084 860 2151 δδ
880 2087 956 2169 περὶ
979 2085 1041 2171 μὲν
1064 2082 1123 2162 τάς
1146 2083 1249 2163 άλλας

293 2181 428 2267 πράξεις
442 2179 531 2249 οὕτω
546 2181 746 2266 ταραχώδεις
761 2181 863 2258 οὔσας
877 2179 936 2260 τάς
949 2181 1050 2267 τύχας
1065 2181 1148 2250 ὥστε
1163 2190 1249 2251 πολ·
1351 2243 1352 2246 ,

293 2281 389 2358 λάκις
402 2282 439 2347 ἐν
453 2275 568 2359 αύταίς
583 2283 638 2347 καὶ
652 2277 733 2358 τούς
747 2289 935 2366 φρονίμους
950 2276 1084 2365 ἀτυχεῖν
1099 2282 1154 2348 καὶ
1167 2278 1249 2358 τούς
1351 2271 1352 2354 ]

293 2377 457 2464 ἀνοήτους
478 2385 687 2464 κατορθοῦν,
706 2385 775 2447 τόν
796 2379 832 2446 δὲ
852 2378 964 2465 λόγων
984 2387 1052 2446 τῶν
1068 2386 1177 2458 καλῶς
1191 2380 1248 2447 καὶ

292 2484 447 2564 τεχνικῶς
461 2477 605 2563 ἐχόντων
619 2475 660 2544 ού
673 2475 776 2564 μετδυ
787 2491 855 2556 τοῖς
870 2478 1028 2563 φαύλοις,
1045 2475 1128 2546 ἀλλά
1139 2485 1247 2563 ψυχῆς
1351 2515 1352 2540 ι

245 2584 279 2638 49
294 2570 333 2645 εὖ
355 2578 548 2664 φρονούσης
568 2583 668 2663 ἔργον
685 2575 800 2662 ὄντας,
825 2579 881 2644 καλ
900 2576 980 2653 τούς
993 2601 1029 2642 τε
1048 2573 1176 2661 σοφούς
1191 2580 1279 2652 κοίη

291 2673 372 2753 τούς
388 2674 530 2762 ἀμαθεῖς
547 2679 730 2753 δοκοῦντας
746 2672 830 2741 εἶναι
850 2673 954 2762 ταύτη
971 2684 1126 2742 πλεῖστον
1142 2670 1248 2758 ἀλλή-

292 2783 362 2842 λων
377 2777 614 2858 διαφέροντας,
631 2780 678 2841 ἔτι
693 2774 730 2841 δὲ
744 2769 823 2850 τοδς
835 2769 941 2849 εὐθύς
952 2777 984 2852 ἐξ
996 2768 1097 2858 ἀρχῆς
1108 2771 1247 2838 ἐλευθε-

289 2875 371 2953 ρίως
384 2869 638 2955 τεθραμμένους
653 2874 689 2939 ἐκ
709 2874 771 2956 μὲν
793 2869 930 2953 ἀνδρίας
950 2871 1006 2937 καλ
1025 2872 1175 2937 πλούτου
1190 2871 1246 2935 καὶ

292 2975 360 3034 τῶν
375 2971 538 3035 τοιούτων
551 2967 692 3053 ἀγαθῶν
708 2965 750 3035 ού
760 2973 1062 3055 γιγνωσκομένους,
1077 2973 1114 3036 ἐκ
1127 2969 1163 3036 δὲ
1177 2973 1246 3034 τῶν

293 3070 483 3153 λεγομένων
490 3067 1077 3154 μάλιστακαταφανεῖςγιγνομένους,
1086 3070 1245 3136 καὶτοῦτο

293 3165 466 3251 σύμβολον
485 3171 542 3251 τῆς
561 3167 768 3245 παιδεύσεως
780 3163 876 3252 ἡμῶν
891 3165 1033 3234 ἑκάστου
1048 3166 1248 3232 πιστότατον

293 3262 586 3349 ἀποδεδειγμένον,
603 3268 660 3330 καλ
672 3261 753 3341 τούς
766 3264 855 3352 λόγφ
872 3271 981 3341 καλῶς
997 3268 1188 3348 χρωμένους
1205 3262 1247 3331 ού

291 3359 400 3446 μόνον
415 3362 452 3427 ἐν
465 3374 536 3439 ταῖς
550 3358 662 3428 αὑτων
677 3362 887 3446 δνναμίνονς
902 3357 985 3429 ἀλλά
1003 3365 1057 3430 καὶ
1071 3359 1161 3446 παρά
1176 3373 1273 3438 τοῖςε

244 3476 279 3529 60
293 3457 407 3538 ἀλλοις
428 3463 580 3546 ἐντίμους
600 3458 708 3537 ὄντας.
742 3468 905 3527 τοσοῦτον
925 3456 959 3544 δ’
983 3458 1202 3529 ἀπολέλοιπεν
1223 3455 1245 3545 ἡ

290 3556 387 3636 πόλις
406 3554 503 3644 ἡμῶν
522 3560 599 3644 περὶ
617 3555 654 3625 τδ
677 3572 819 3644 φρονεῖν
833 3558 889 3626 καὶ
903 3562 1011 3646 λέγειν
1026 3556 1106 3637 τούς
1123 3556 1248 3635 ἄλλους

291 3652 511 3740 ἀνθρώπους,
531 3654 618 3723 οἶσθ’
635 3661 669 3724 οί
681 3656 804 3743 ταύτης
818 3659 966 3741 μαθηταὶ
982 3663 1051 3724 τοῖν
1067 3654 1179 3724 ἀλλων
1194 3659 1244 3722 δυ
