2859 4334
310 425 373 489 102
596 428 983 506 ιεοιινκνονερ)

259 609 295 666 ω
304 588 472 666 λιιιοάτυις
485 599 600 666 κακοῖς
613 602 805 673 περιπεσεῖν
823 587 908 657 ὥστε
921 593 1059 677 μηδέπω
1075 597 1141 657 νῦν
1160 590 1272 675 ἐξιτή-

307 697 389 766 λους
406 685 491 754 εἶναι
505 683 564 764 τὰς
581 683 758 771 συμφοράς
771 684 829 766 τὰς
845 685 889 755 δι’
903 685 1107 757 ἐκεῖνοντὸν
1119 688 1273 774 πόλεμον

308 790 347 857 ἐν
366 800 436 864 ταῖς
456 785 596 853 πόλεσιν
617 785 895 873 ἐγγεγενημένας,
922 790 1209 873 Λακεδαιμονίους
1233 786 1273 853 δὲ

307 884 388 965 τούς
401 884 476 953 τότε
495 883 656 964 δόξαντας
676 881 827 971 εότυχεῖν
848 891 894 965 είς
907 883 967 964 τάς
987 892 1054 954 νῦν
1070 882 1205 969 ἀτυχίας
1219 881 1269 951 δι’

305 983 518 1071 Ἀλκιβιάδην
536 981 760 1051 καθεστάναι·
788 987 982 1062 πεισθέντες
1001 979 1067 1069 γάρ
1082 979 1141 1049 ὑπ’
1161 978 1298 1051 αότοῦο

306 1091 365 1172 τῆς
375 1080 459 1152 κατά
466 1083 638 1152 θάλατταν
647 1081 822 1167 δυνάμεως
832 1084 1038 1169 ἐπιθυμῆσαι
1047 1084 1102 1148 καὶ
1111 1076 1173 1167 τήν
1182 1076 1271 1147 κατά

258 1203 292 1260 σι
306 1189 372 1271 γῆν
388 1180 572 1269 ἡγεμονίαν
587 1178 784 1268 άπάλεσαν,
809 1179 885 1249 ὅστ’
904 1191 937 1250 εί
953 1208 1002 1261 τις
1017 1187 1100 1267 φαίη
1114 1180 1189 1248 τότε
1203 1177 1271 1266 τήν

307 1280 414 1370 ἀρχήν
436 1278 548 1359 αὐτοῖς
568 1288 746 1368 γίγνεσθαι
768 1287 837 1348 τῶν
857 1279 1037 1364 παρόντων
1056 1283 1187 1363 κακῶν,
1210 1275 1270 1344 ὅτε

306 1380 370 1469 τήν
390 1379 496 1467 άρχήν
515 1387 573 1467 τής
587 1380 756 1466 θαλάττης
770 1381 976 1467 ἐλάμβανον,
1001 1376 1065 1447 οὐκ
1079 1375 1123 1445 άν
1137 1381 1270 1463 ἐξελεγ-

304 1487 403 1569 χθείη
422 1481 639 1567 ψευδόμενος.
673 1482 799 1556 ἐκεῖνος
820 1477 883 1565 μὲν
900 1471 965 1546 οὖν
988 1478 1196 1564 τηλικούτων
1213 1486 1270 1542 αί-

305 1607 376 1660 τιος
392 1580 574 1666 γενόμενος
591 1585 760 1665 κατῆλθεν
778 1583 823 1656 είς
838 1575 901 1664 τήν
911 1579 1028 1662 πόλιν,
1048 1576 1194 1664 μεγάλης
1204 1575 1270 1661 μὲν
1324 1601 1326 1606 ·

173 1758 179 1768 ,
306 1681 405 1767 δόξης
424 1678 552 1766 τυχάυ,
583 1675 624 1745 οό
645 1676 714 1763 μήν
739 1677 980 1764 ἐπαινούμενος
1009 1673 1071 1763 ὑφ’
1094 1674 1267 1744 ἁπάντων.

306 1781 396 1867 (κε’.)
419 1779 543 1846 Κόνων
557 1773 586 1845 δ’
600 1773 643 1844 οὐ
658 1784 795 1855 πολλοῖς
811 1782 919 1844 ἐτεσιν
934 1773 1078 1862 ὕστερον
1092 1773 1270 1858 ἀντίστρο-

257 1900 292 1956 62
307 1907 357 1966 φα
366 1879 497 1946 τούτων
511 1880 661 1961 ἔπραξεν.
683 1873 849 1963 ιἰτυχήσας
862 1873 927 1962 γάρ
942 1875 979 1942 ἐν
992 1880 1032 1962 τή
1044 1877 1211 1962 ναυμαχίην
1224 1879 1296 1959 τήδ

305 1979 381 2060 περὶ
389 1975 635 2063 Ἑλλήσποντον
649 1971 690 2043 οὐ
705 1972 750 2042 δι’
766 1972 872 2044 αὑτόν
883 1970 968 2044 άλλᾶ
981 1970 1036 2042 διά
1047 1970 1126 2052 τοὺς
1136 1972 1266 2057 συνάρ-

305 2104 425 2166 χοντας
436 2080 550 2147 οίκαδε
560 2076 622 2164 μὲν
636 2073 820 2162 ἀφικέσθαι
831 2077 1058 2164 κατησχόνθη,
1074 2071 1221 2150 πλεύσας
1233 2069 1266 2137 δ’

306 2184 353 2255 είς
367 2177 512 2263 Κάπρον
525 2175 650 2261 χρόνον
665 2177 729 2261 μέν
743 2201 819 2244 τινα
834 2176 910 2261 περὶ
924 2172 986 2260 τήν
1002 2181 1070 2242 τῶν
1084 2177 1181 2241 ίδίων
1192 2175 1269 2242 ἐπι-

305 2281 440 2364 μέλειαν
462 2279 643 2363 διέτριβεν,
672 2274 877 2361 αἰσθόμενος
903 2270 935 2341 δ’
959 2271 1156 2361 Ἀγησίλαον
1183 2298 1267 2358 μετα

304 2384 429 2463 πολλῆς
455 2375 631 2461 δυνάμεως
662 2381 707 2453 είς
733 2371 796 2461 τήν
824 2371 937 2442 Ἀσίαν
963 2372 1184 2461 διαβεβηκότα
1212 2377 1269 2441 καί

255 2491 292 2548 θδ
306 2482 504 2563 πορθοῦντα
525 2472 587 2561 τήν
607 2473 721 2559 χάραν
742 2471 832 2541 οὕτω
855 2470 929 2560 μέγ’
952 2472 1158 2559 ἐφρόνησεν,
1184 2469 1266 2539 ὥστ’

305 2571 466 2663 ἀφορμήν
481 2571 642 2661 οόδεμίαν
652 2571 761 2661 άλλην
772 2579 857 2660 ἔχων
871 2571 960 2661 πλήν
974 2569 1012 2640 τό
1029 2580 1124 2660 σῶμα
1138 2573 1193 2641 καί
1205 2569 1269 2658 τήν
1281 2605 1296 2640 ε

305 2676 463 2745 διάνοιαν
478 2666 596 2743 άλπισε
604 2677 893 2760 Λακεδαιμονίους
903 2671 1189 2758 καταπολεμήσειν
1203 2668 1268 2756 ἄρ-

303 2800 424 2859 χοντας
439 2778 508 2840 τῶν
522 2770 694 2858 Ἑλλήνων
713 2768 867 2838 καὶκατὰ
883 2778 948 2858 γήν
966 2774 1022 2838 καὶ
1037 2766 1120 2837 κατά
1135 2769 1268 2836 θάλατ-

303 2896 389 2955 ταν,
399 2872 455 2938 καὶ
469 2876 574 2937 ταῦτα
588 2871 729 2956 πέμπων
742 2867 786 2950 ὡς
799 2867 878 2950 τούς
888 2873 1049 2958 βασιλέως
1060 2867 1269 2955 στρατηγοὺς

303 2966 494 3054 ὑπισχνεῖτο
509 2969 672 3055 ποιήσειν.
697 2970 752 3036 καὶ
766 2975 801 3038 τί
812 2972 866 3036 δεῖ
875 2967 916 3036 τό
931 2976 1034 3037 πλείω
1047 2969 1175 3054 λέγεινς
1202 2985 1268 3033 συ-

301 3066 443 3146 στάντος
459 3066 526 3155 γάρ
540 3063 635 3159 αὐτῷ
648 3071 815 3137 ναυτικοῦ
828 3069 908 3156 περὶ
922 3064 1048 3156 Ῥόδον,
1065 3068 1208 3157 νικήσας
1224 3068 1269 3159 τῇ

300 3174 472 3258 ναυμαχίᾳ
490 3173 779 3257 Λακεδαιμονίους
803 3166 868 3256 μὲν
886 3169 1041 3258 ἐξέβαλεν
1065 3172 1102 3239 ἐκ
1120 3175 1179 3258 τῆς
1203 3164 1269 3258 άρ-
1287 3185 1318 3236 σε

249 3284 283 3335 σε
300 3274 373 3356 χής,
390 3268 472 3349 τοάς
489 3264 698 3358 δ’Ἕλληνας
716 3269 965 3358 ήλευθέρωσεν,
984 3267 1026 3340 οό
1043 3271 1151 3360 μόνον
1168 3269 1209 3341 δδ
1225 3270 1269 3341 τά

300 3377 392 3458 τείχη
408 3370 450 3440 τά
459 3375 517 3458 τῆς
535 3374 698 3458 πατρίδος
710 3370 921 3456 άνόρθωσεν
934 3369 1021 3440 άλλδι
1028 3374 1085 3442 καὶ
1091 3372 1153 3460 τήν
1167 3372 1269 3442 πόλιν

301 3475 349 3550 είς
366 3469 428 3558 τήν
446 3470 555 3560 αότήν
573 3472 678 3555 δόξαν
695 3473 902 3561 προήγαγεν,
923 3474 956 3555 ἐξ
974 3463 1082 3561 ἧσπερ
1101 3473 1267 3554 ἐξέπεσεν.

301 3577 412 3640 καίτοι
420 3580 472 3653 τίς
481 3570 527 3643 άν
536 3571 786 3662 προσεδόκησεν
795 3570 858 3643 ὑπ’
867 3568 995 3660 άνδρός
1004 3571 1094 3644 οὕτω
1101 3581 1268 3656 ταπεινῶς

302 3672 491 3756 πράξαντος
498 3673 825 3762 άναστραφήσεσθαι
831 3674 872 3743 τά
879 3674 1098 3760 τήςἘλλάδος
1108 3676 1268 3763 πράγμα-
