2859 4334
276 394 337 459 ινε
560 398 944 481 mmmm)

210 572 258 629 109
274 581 364 643 τεροι
374 556 562 645 γεγόναμεν
573 563 642 624 τόν
649 557 768 646 Φυλὴν
779 564 1038 650 καταλαβόντων
1043 594 1056 645 ,·
1071 562 1155 633 ἀλλὰ
1165 591 1233 653 γαρ
1243 596 1262 635 ο

274 657 328 725 ἐπὶ
341 663 410 725 τόν
424 656 612 726 ἐλαττόνων
625 661 680 727 καί
690 666 752 726 τοῦ
762 666 841 746 βίον
850 668 912 729 τοῦ
922 659 1004 730 καθ’
1016 660 1145 751 ἡμέραν
1157 668 1231 733 ἐπι-

274 758 412 835 δείξειεν
431 754 475 822 άν
495 781 544 834 τις
563 752 643 834 τούς
663 754 810 837 πολλούς
825 764 1001 845 χαίροντας
1015 762 1078 848 μὲν
1092 766 1148 831 καί
1161 769 1231 831 τῶν

274 850 465 939 ἐδεσμάτων
485 855 541 921 καί
560 858 628 921 τάν
647 856 919 941 ἐπιτηδευμάτων
931 872 1000 937 τοῖς
1013 864 1069 927 καὶ
1082 856 1119 926 τό
1134 865 1231 945 σῶμα

273 954 328 1021 καὶ
348 949 412 1039 τὴν
431 949 543 1041 ψυχὴν
563 954 786 1041 βλάπτουσιν,
809 957 951 1023 ἐπίπονα
972 959 1009 1025 δὲ
1028 960 1084 1026 καὶ
1103 955 1230 1043 χαλεπά

273 1058 482 1139 νομίζοντας,
513 1049 575 1139 άφ’
603 1048 652 1120 ὧν
675 1050 849 1141 άμφότερα
871 1051 969 1123 ταῦτ’
989 1051 1033 1123 ἂν
1055 1052 1230 1142 ὠφελοῖτο,

274 1150 329 1218 καί
343 1146 560 1236 καρτερικούς
576 1147 660 1217 εἶναι
676 1154 860 1229 δοκοῦντας
874 1151 954 1230 τούς
968 1154 1006 1220 ἐν
1025 1153 1157 1232 τούτοις
1171 1154 1230 1240 ἐμ-

208 1254 258 1307 110
273 1251 442 1333 μένοντας.
465 1250 587 1327 οἵτινες
601 1240 665 1316 ούυ
679 1253 716 1317 ἐν
732 1242 781 1327 οἷς
794 1246 846 1318 άελ
862 1255 939 1330 ζῶσι
950 1252 1092 1338 καὶπερὶ
1105 1243 1154 1320 όν
1165 1246 1230 1319 αύ·

275 1359 342 1425 τοῖς
352 1353 480 1433 μᾶλλον
489 1350 591 1433 μέλει,
604 1342 644 1414 τά
654 1353 754 1433 χείρω
766 1353 945 1434 φαίνονται
955 1349 1229 1436 προαιρούμενοι,
1242 1356 1261 1410 d

274 1451 308 1513 τί
317 1440 528 1531 θαυμαστόν,
553 1450 583 1512 εί
597 1446 671 1527 περὶ
686 1452 745 1531 τῆς
765 1442 866 1533 ἀρχῆς
887 1452 944 1532 τῆς
958 1445 1042 1515 κατὰ
1057 1448 1231 1516 θάλατταν

274 1544 436 1635 άγνοοόσι
450 1547 506 1614 καί
516 1546 679 1632 μάχονται
690 1545 775 1634 πρός
785 1544 967 1635 ἀλλήλους,
980 1552 1056 1633 περὶ
1065 1542 1107 1637 ἧς
1116 1550 1231 1635 μηδεὶς

273 1641 401 1713 πώποτ’
418 1640 530 1723 αύτοίς
547 1641 706 1731 λογισμός
720 1652 895 1733 είσῆλθενς

206 1750 252 1802 lll
357 1744 445 1832 (λς’.)
467 1742 584 1827 Ὁρᾶτε
606 1748 644 1813 δὲ
666 1748 722 1813 καὶ
746 1742 804 1824 τάς
827 1752 1007 1832 μοναρχίας
1026 1742 1086 1824 τάς
1101 1748 1138 1813 ἐν
1158 1759 1229 1825 ταῖς

272 1846 388 1915 πόλεσι
403 1849 666 1930 καθισταμένας,
683 1842 785 1924 ὅσους
799 1850 912 1931 έχουσι
926 1842 1005 1925 τούς
1018 1843 1229 1932 ἐπιθυμητὰς

271 1946 327 2012 καλ
347 1939 427 2021 τούς
447 1942 598 2028 ἑτοίμους
612 1938 712 2021 ὄντας
727 1939 843 2010 ὁτιοῦν
863 1942 1004 2028 πάσχειν
1020 1940 1105 2012 ύστε
1124 1970 1228 2012 κατα·

272 2054 363 2127 σχεῖν
384 2036 503 2119 αύτάς·
526 2034 579 2119 αλς
599 2047 634 2107 τί
649 2047 718 2108 τάν
734 2045 857 2109 δεινόν
877 2036 900 2127 ἢ
921 2048 989 2108 τῶν
1009 2049 1164 2128 χαλεπῶν
1185 2040 1227 2111 ού

272 2138 467 2223 πρόσεστινς
483 2135 545 2205 ούκ
554 2134 661 2218 εύθύς
668 2136 806 2207 ἐπειδᾶν
813 2137 942 2227 λάβωσι
951 2136 1010 2218 τάς
1018 2144 1227 2228 δυναστείας,

206 2246 251 2301 112
270 2239 308 2305 ἐν
324 2236 495 2317 τοσούτοις
510 2240 769 2326 ἐμπεπλεγμένοι
788 2253 901 2319 κακοῖς
914 2241 1008 2325 εἰσίν,
1027 2236 1106 2307 ὥστ’
1119 2236 1254 2327 ἀνάγ-ε

270 2336 430 2419 κάζεσθαι
444 2352 602 2423 πολεμεῖν
614 2340 677 2425 μὲν
691 2336 795 2406 ἅπασι
809 2353 877 2418 τοῖς
890 2345 1055 2426 πολίταις,
1070 2353 1182 2425 μισεῖν
1193 2334 1226 2406 δ’

270 2434 333 2524 ὑφ’
349 2427 398 2506 όν
420 2434 521 2506 οὐδὲν
542 2434 649 2506 κακόν
669 2437 900 2523 πεπόνθασιν,
929 2434 1081 2506 άπιστεῖν
1100 2439 1137 2507 δέ
1159 2451 1230 2517 τοῖς

270 2542 380 2624 φίλοις
389 2540 521 2616 καὶτοῖς
532 2540 673 2623 ἑταίροις
683 2551 752 2616 τοῖς
761 2534 884 2624 αὑτόν,
893 2546 1229 2625 παρακατατίθεσθαι
1245 2557 1298 2610 182

270 2639 306 2704 δὲ
320 2632 464 2723 τὴντῶν
478 2633 642 2722 σωμάτων
659 2643 827 2723 σωτηρίαν
842 2635 1070 2724 μισθοφόροις
1086 2633 1228 2720 α’νθρύ-

269 2759 361 2821 ποις,
382 2731 441 2816 ούς
455 2734 535 2804 οὐδὲ
549 2734 677 2805 πώποτ’
696 2734 797 2822 εἶδον,
819 2737 925 2823 μηδὲν
940 2733 973 2803 δ’
988 2727 1091 2824 ἦττον
1107 2743 1227 2824 φοβεί-

269 2844 351 2901 σθαι
365 2832 445 2915 τούς
460 2835 688 2921 φυλάττοντας
701 2830 724 2923 ἢ
737 2831 818 2913 τούς
830 2834 1121 2923 ἐπιβουλεύοντας,
1135 2832 1227 2903 οὕτω

269 2930 301 3001 δ’
311 2930 469 3014 ὑπόπτως
478 2931 563 3020 πρὸς
573 2933 723 3014 ἅπαντας
734 2939 823 3021 ἔχειν
833 2930 918 3001 ὥστε
928 2933 1013 3021 μηδὲ
1023 2948 1092 3013 τοῖς
1102 2939 1226 3003 dmo-

204 3042 252 3101 113
266 3030 378 3111 τάτοις
391 3042 536 3118 θαρρειν
549 3034 806 3119 πλησιάζουταςς
822 3033 972 3113 εἰκότως·
990 3040 1148 3101 συνίσασι
1159 3029 1225 3119 γὰρ

267 3126 346 3209 τούς
361 3128 426 3216 πρό
445 3128 558 3200 αὑτῶν
572 3132 878 3216 τετυραννευκότας
898 3129 978 3211 τούς
990 3131 1055 3218 μὶν
1073 3128 1142 3200 ύπό
1156 3137 1227 3201 τόν

267 3231 398 3301 νονέων
411 3228 661 3319 άνηρημένους,
678 3229 757 3311 τούς
770 3229 803 3298 δ’
819 3228 887 3299 ὑπὸ
902 3237 972 3299 τάν
986 3235 1128 3317 παίδων,
1145 3228 1227 3310 τούς

268 3328 299 3397 δ’
308 3324 368 3395 ὑπ’
381 3324 549 3417 άδελφοίυ,
561 3329 641 3411 τούς
651 3328 684 3399 δ’
696 3327 763 3398 ὑπό
773 3337 959 3418 γυναικοῖν,
970 3337 1019 3399 ἐτι
1030 3333 1068 3399 δὲ
1076 3328 1116 3400 τό
1126 3333 1255 3419 γένοςι)

267 3424 381 3495 αὐτόν
401 3430 434 3509 ἐξ
459 3426 655 3513 ἀνθρώπων
677 3428 919 3518 ἠφανισμένον.
947 3427 1021 3499 ἀλλ’
1044 3428 1136 3517 ὅμως
1156 3426 1225 3499 ὑπό

267 3526 431 3607 τοσαύτας
445 3525 481 3595 τό
499 3537 629 3617 πλῆθος
648 3527 827 3617 συμφοράς
844 3530 980 3611 ἑκόντες
994 3537 1084 3618 σφᾶς
1099 3527 1226 3610 αύτούς

270 3620 530 3707 ὑποβάλλουσιν.
553 3628 641 3696 ὅπου
650 3628 683 3696 δ’
696 3633 732 3697 οἱ
742 3630 973 3711 πρωτεύοντες
984 3633 1040 3699 καὶ
1054 3631 1154 3711 δόξας
1162 3656 1224 3713 με·
