2859 4334
479 344 862 406 ΤΡΑΠΕΖΙΤιΚΟΣ.
1084 346 1143 409 199

552 510 791 571 MAPTYPIA.
854 524 856 529 “

137 624 176 678 ³3
281 601 363 688 (ις’.)
377 600 447 670 Ὅτι
461 607 524 687 μὲν
538 609 656 671 τοίνυν
668 601 727 681 τάς
738 606 912 693 συνθήκας
923 610 1142 695 ἐποιησάμεθ’

195 726 257 785 ουχ
274 699 320 779 ῶς
334 708 472 769 Πασίων
488 702 686 788 ἐπιχειρήσει
700 705 821 788 λέγειν,
836 702 911 774 ἀλλ’
926 704 972 786 ῶς
986 706 1052 793 ἐγῶ
1063 704 1146 791 πρὸς

195 797 285 886 ὑμᾶς
299 809 425 885 είρηκα,
443 805 566 879 ίκανῶς
580 804 803 887 ἐπιδεδεῖχθαι
817 811 948 890 νομίζω.
973 804 1035 873 οὐκ
1050 805 1144 887 άξιον

196 901 234 968 δὲ
247 900 450 987 θαυμάζειν,
474 892 500 967 ῶ
514 898 634 981 ἄνδρες
648 904 808 987 δικασταὶ,
825 909 856 971 εί
868 902 904 971 τό
920 919 1144 991 γραμματεῖον

196 1002 401 1083 διέφθειρεν,
415 998 568 1085 οὐμόνον
579 999 751 1087 διάτοῦτο,
764 998 1058 1074 ότιπολλᾶτοιαῦτ’
1082 1002 1146 1091 ἤδη

196 1100 353 1185 γέγονεν,
378 1096 452 1167 ἀλλ’
475 1096 526 1167 ὅτι
548 1101 600 1165 καί
618 1106 686 1166 τῶν
699 1103 881 1186 χρωμένων
895 1104 981 1182 τινὲς
996 1109 1174 1171 Πασίῶνιο

195 1196 283 1269 πολύ
298 1199 469 1281 δεινότερα
483 1197 613 1265 τούτων
629 1200 837 1286 πεποιήκασι.
876 1202 955 1289 (ιζ.)
974 1203 1146 1270 Πυθόδω·

189 1326 259 1383 ,ρον
272 1297 337 1384 γάρ
351 1296 411 1365 τόν
421 1305 580 1384 σκηνίτην
592 1300 814 1386 καλούμενον,
826 1297 863 1379 ὃς
874 1298 960 1385 ὑπὲρ
970 1308 1146 1379 Πασίωνος

196 1396 328 1465 ἅπαντα
342 1399 397 1465 καλ
411 1400 498 1482 λέγει
514 1400 568 1465 καί
579 1397 728 1482 πράττει,
741 1406 790 1477 τίς
801 1396 864 1466 οὐκ
876 1397 967 1467 οἶδεν
977 1396 1074 1485 ὑμῶν
1084 1402 1146 1467 πέ-

196 1518 297 1583 ρυσιν
311 1494 488 1576 ἀνοίξαντα
506 1495 563 1575 τὰς
574 1494 691 1581 ὑδρίας
705 1499 761 1565 καί
772 1495 851 1576 τούς
863 1495 979 1582 κριτάς
992 1498 1145 1578 ἐξελόντα

143 1626 181 1679 ςη
197 1594 277 1675 τοὺς
291 1594 357 1664 ὑπό
373 1604 431 1683 τῆς
444 1605 568 1685 βουλῆς
583 1602 835 1684 είσβληθένταςς
864 1605 971 1666 καίτοι
988 1596 1078 1676 ὅστις
1090 1624 1146 1683 μι-

196 1704 289 1780 κρῶν
309 1697 407 1765 ἕνεκα
430 1700 488 1767 καὶ
504 1698 580 1780 περὶ
592 1704 654 1764 τοῦ
667 1698 819 1782 σῶματος
833 1696 1045 1765 κινδυνεύων
1063 1697 1146 1764 ταύ-

196 1822 254 1873 τας
264 1792 461 1881 ὑπανοίγων
477 1794 668 1881 ἐτόλμησεν,
683 1800 720 1861 αἳ
730 1797 975 1881 σεσημασμέναι
986 1794 1049 1883 μὲν
1059 1787 1146 1882 ἦσαν

196 1892 263 1963 ὑπὸ
279 1903 346 1962 τῶν
360 1896 576 1979 πρυτάνεων,
590 1896 913 1979 κατεσφραγισμέναι
929 1892 961 1962 δ’
989 1892 1056 1962 ὑπὸ
1075 1902 1171 1961 τῶνο

201 1994 368 2079 χορηγῶν,
386 1996 611 2081 ἐφυλάττοντο
629 1991 660 2060 δ’
677 1991 744 2061 ὑπὸ
767 2000 835 2060 τῶν
849 2002 992 2080 ταμιῶν,
1018 1999 1145 2061 ἐκειντο

197 2090 230 2162 δ’
246 2098 284 2161 ἐν
297 2092 494 2180 ἀκροπόλει,
509 2101 543 2163 τί
556 2098 608 2162 δεῖ
617 2092 822 2179 θαυμάζειν,
844 2099 874 2162 εί
886 2097 1145 2179 γραμματείδιον

197 2192 278 2278 παρ’
305 2192 477 2285 άνθρῶπῳ
513 2197 595 2285 ξένῳ
623 2200 778 2280 κείμενον
801 2199 946 2260 τοσαῦτα
971 2196 1146 2278 μέλλοντες

196 2293 346 2381 χρήματα
360 2298 548 2378 κερδαίνειν
563 2296 790 2379 μετέγραψαν,
810 2288 833 2379 ἢ
855 2290 933 2370 τούς
946 2296 1066 2370 παῖδας
1082 2288 1149 2358 αὐ-

196 2399 257 2460 τοῦ
271 2398 444 2470 πείσαντες
458 2387 479 2479 ἢ
497 2390 585 2481 άλλη)
600 2392 732 2481 τρόπῳ,
796 2387 982 2477 ἠδύναντο,
997 2415 1146 2476 μηχανη-

196 2490 355 2575 σάμενοις
369 2492 444 2573 περί
454 2492 515 2575 μὲν
527 2482 591 2555 οὖν
602 2490 732 2556 τούτων
747 2486 809 2555 οὐκ
825 2485 888 2556 οἷδ’
904 2486 964 2555 ότι
979 2492 1031 2555 δεῖ
1044 2496 1146 2557 πλείω

196 2592 312 2673 λέγειν.

145 2724 179 2776 35
254 2683 424 2775 (ιη’.)Ἢδη
437 2688 476 2753 δέ
484 2712 576 2763 τινας
591 2691 729 2754 Πασίων
744 2688 931 2772 ἐπεχείρησε
943 2695 1086 2774 πείθειν,
1101 2686 1145 2767 ῶς

196 2784 233 2852 τὸ
247 2785 408 2868 παράπαν
426 2780 500 2851 οὐδ’
520 2776 564 2870 ἦν
579 2785 704 2853 ἐνθάδε
719 2810 777 2871 μοι
790 2786 952 2873 χρήματα,
967 2790 1085 2872 λέγων,
1101 2785 1171 2865 ῶςε

196 2882 287 2967 παρά
302 2888 554 2970 Στρατοκλέους
568 2885 790 2971 ἐδανεισάμην
804 2893 1014 2966 τριακοσίους
1029 2893 1145 2972 στατῆ-

199 3012 270 3071 ρας.
289 2982 382 3066 ἄξιον
390 2979 601 3072 οὖνκαὶπερλ
608 2985 739 3055 τούτων
746 2984 897 3073 ἀκοῦσαι,
905 2981 947 3055 ἵν’
954 2980 1144 3072 ἐπίστησθ’,

196 3080 281 3156 οἵοις
295 3085 482 3164 τεκμηρίοις
496 3081 653 3163 ἐπαρθείς
673 3085 851 3163 ἀποστερεῖ
870 3108 911 3167 με
930 3090 998 3151 τῶν
1018 3084 1144 3171 χρημά-

196 3203 274 3245 των.
314 3176 404 3263 (ιδ’.)
426 3174 506 3262 ’Πγῶ
522 3176 597 3262 γάρ,
616 3172 777 3261 ῶάνδρες
793 3182 953 3267 δικασταὶ,
968 3185 1144 3267 μέλλοντος

196 3277 446 3357 Στρατοκλέους
464 3282 609 3344 εἰσπλεῖν
625 3284 671 3356 είς
691 3274 752 3344 τόν
767 3278 917 3363 Πόντον,
940 3281 1145 3366 βουλόμενος

196 3379 329 3443 ἐκεῖθεν
340 3371 384 3453 ῶς
394 3372 522 3443 πλεῖστ’
534 3378 1042 3464 ἐκκομίσασθαιτῶνχρημάτων,
1054 3379 1144 3465 ἐδεή-

194 3482 266 3557 θην
278 3474 529 3557 Στρατοκλέους
539 3469 576 3539 τό
599 3476 662 3558 μὲν
676 3473 783 3542 αὑτοῦ
801 3483 941 3561 χρυσιύν
956 3478 1028 3561 ἐμοὶ
1041 3502 1143 3543 κατα-

196 3582 315 3657 λιπεῖν,
330 3574 367 3639 ἐν
381 3575 417 3639 δὲ
430 3578 476 3659 τῷ.
494 3572 612 3660 Πόντςο
628 3571 719 3659 παρά
728 3581 790 3641 τοῦ
803 3573 928 3654 πατρὸς
942 3572 1070 3660 τούμοῦ
1083 3602 1142 3644 κο-
1158 3593 1209 3646 366
