2859 4334
471 409 838 469 ΠΑΝΗΓΤΡΙΚΟΣ.
1091 409 1132 468 49

180 574 412 656 κεαλειμίνους
424 572 479 637 καί
494 565 549 636 διά
565 569 770 654 σπανιότητα
783 575 840 654 τῆς
854 575 914 656 γῆς
932 569 1131 656 ἐπιβουλεύ-

178 667 276 747 οντάς
294 693 331 737 τε
350 674 468 755 σφίσιν
487 664 601 746 αύτοίς
619 670 675 736 καλ
695 674 867 752 στρατείας
890 665 943 735 ἐπ’
965 666 1131 756 ἀλλήλους

176 769 415 853 ποιουμένους,
431 770 486 836 καί
501 764 581 845 τούς
595 771 658 852 μὲν
670 762 714 834 δι’
728 771 860 834 ἔνδειαν
874 775 942 836 τῶν
956 765 1037 836 καθ’
1049 764 1131 854 ἡμί-

134 885 163 938 σσ
177 891 259 952 ραν,
281 862 362 944 τούς
382 865 418 933 δὲ
434 862 489 932 διά
509 863 571 933 τὸν
590 864 740 950 πόλεμον
760 863 1028 952 ἀπολλυμένους,
1050 863 1158 933 ούδλᾱ

175 961 276 1032 ταῦθ’
294 959 403 1042 ούτας
424 969 541 1050 ἔχοντα
562 968 735 1046 περιεῖδεν,
745 961 820 1032 ἀλλ’
835 961 1001 1052 ἡγεμόνας
1016 970 1062 1045 είς
1074 962 1133 1043 τάς

176 1065 288 1142 πόλεις
301 1065 494 1150 ἐξέπεμψεν,
508 1068 544 1131 ολ
550 1062 802 1147 παραλαβόντες
812 1061 892 1141 τούς
902 1063 1043 1148 μάλιστα
1055 1069 1132 1149 βίου

176 1166 368 1249 δεομένους,
382 1164 560 1250 στρατηγοὶ
573 1159 796 1238 καταστάντες
809 1158 922 1228 αὐτῶν
933 1164 988 1230 καλ
997 1167 1132 1253 πολέμῳ

175 1262 400 1348 κρατήσαντες
411 1260 491 1341 τούς
504 1260 713 1348 βαρβάρους,
732 1256 857 1337 πολλάς
871 1261 934 1346 μὲν
948 1257 1004 1345 ἐφ’
1020 1263 1132 1328 ἑκατέ-

177 1386 235 1445 ρας
244 1368 305 1445 τῆς
313 1357 456 1446 ἠπείρου
467 1360 581 1439 πόλεις
591 1365 735 1442 ἔκτισαν,
751 1355 882 1436 ἀπάσας
892 1362 928 1425 δὲ
938 1355 997 1436 τάς
1008 1359 1133 1445 νήσους

178 1458 377 1548 κατῴκισαν,
398 1455 608 1544 ἀμφοτέρους
622 1459 659 1524 δὲ
673 1461 728 1526 καὶ
740 1454 820 1536 τούς
837 1454 1134 1546 ἀκολουθήσαντας
1238 1457 1242 1466 ’

139 1577 166 1631 ει
179 1559 232 1624 καί
241 1552 325 1634 τούς
338 1552 584 1642 ὑπομείναντας
601 1562 748 1625 ἔσωσαν·
768 1569 836 1637 τοῖς
852 1557 915 1643 μὲν
930 1556 995 1643 γάρ
1012 1555 1133 1643 ἱκανὴν

176 1653 235 1741 τὴν
249 1660 339 1722 οῑκοι
356 1655 469 1739 χάραν
483 1664 677 1740 κατέλιπον,
694 1667 765 1734 τοίς
778 1658 815 1724 δὲ
830 1663 907 1725 πλεί
906 1681 932 1724 α
947 1663 1004 1743 τῆς
1019 1655 1158 1743 ὕπαρ-ε

175 1754 297 1839 χούσης
315 1753 538 1838 ἐπόρισαν·”
515 1779 647 1823 απαντα
661 1753 728 1842 γάρ
745 1755 983 1843 περιεβάλοντο
1001 1753 1062 1823 πὰν
1073 1752 1132 1823 τύ-

175 1878 255 1940 πον,
280 1878 322 1921 ον
341 1860 408 1920 νῦν
427 1855 638 1940 τυγχάνομεν
657 1857 856 1939 κατέχοντες.
887 1852 970 1922 ὥστε
990 1857 1045 1922 καὶ
1065 1865 1133 1932 τοῖς

175 1952 319 2036 ὕστερον
334 1960 555 2039 βουληθεῖσιν
568 1949 739 2020 ἀποικίσαι
750 1951 843 2032 τινάς
858 1955 912 2022 καί
923 1955 1131 2040 μιμήσασθαι

174 2050 234 2138 τὴν
248 2049 353 2119 πόλιν
365 2051 429 2138 τήν
442 2048 606 2138 ἡμετέραν
619 2050 749 2136 πολλην
763 2050 939 2140 ῥαστώνην
955 2055 1130 2138 ἐποίησαν·

175 2149 215 2218 ού
228 2147 296 2237 γάρ
312 2147 436 2228 αύτούς
447 2154 514 2219 ἔδει
523 2153 714 2237 κτωμένους
725 2151 838 2235 χώραν
850 2151 1130 2235 διακινδυνεύειν,

175 2247 248 2318 ἀλλ’
266 2254 315 2327 είς
327 2248 390 2335 τὴν
404 2246 468 2335 ὑφ’
482 2246 579 2336 ἡμῶν
593 2248 852 2336 ἀφορισθείσαν,
877 2255 922 2329 είς
937 2251 1063 2336 ταύτην
1081 2255 1131 2317 οί·
1145 2267 1177 2318 εδ

133 2367 162 2420 ³⁷
177 2362 248 2416 κείν
265 2347 387 2425 ἰόντας.
416 2355 523 2415 καίτοι
542 2355 592 2427 τίς
607 2345 652 2416 ἀν
668 2348 791 2434 ταύτης
808 2344 988 2436 ἡγεμονίαν
1010 2352 1133 2417 ἐπιδεί-

177 2442 297 2535 ξειενῆ
308 2452 538 2533 πατριατέραν
547 2455 606 2534 τῆς
616 2450 783 2534 πρότερον
793 2451 974 2536 γενομένης
985 2448 1064 2531 πρίν
1074 2444 1130 2525 τάς

177 2553 333 2625 πλείστας
341 2553 533 2635 οἰκισθῆναι
542 2546 817 2632 τῶνἙλληνίδαν
824 2541 995 2633 πάλεων,η“
1005 2551 1133 2630 μᾶλλον

177 2649 419 2732 συμφέρουσαν
441 2654 500 2734 τῆς
519 2643 600 2725 τούς
623 2649 684 2733 μὲν
710 2645 903 2732 βαρβάρους
927 2643 1133 2721 ἀναστάτους

177 2743 378 2831 ποιησάσης,
399 2743 479 2825 τούς
500 2743 701 2832 δ’Ἕλληνας
723 2751 770 2824 είς
789 2744 956 2829 τοσαύτην
972 2740 1132 2827 εὐπορίαν

177 2843 453 2930 προαγαγούσηςς

133 2956 165 3010 ³8
261 2940 326 3026 (ι’.)
350 2939 402 3008 Ού
417 2948 545 3029 τοίνυν,
568 2941 680 3029 ἐπειδὴ
697 2941 737 3009 τά
751 2945 887 3028 μέγιστα
903 2944 1131 3026 σννδιέπραξε,

177 3046 245 3105 τῶν
256 3037 371 3107 ἀλλων
382 3037 607 3128 ύλιγύρησεν,
623 3037 698 3110 ἀλλ’
710 3037 816 3126 ἀρχὴν
827 3040 889 3126 μὲν
900 3038 1026 3124 ταύτην
1037 3040 1156 3105 ἔνιοι-ο

176 3138 279 3224 η’σατο
294 3142 363 3204 τῶν
378 3135 589 3225 εὐεργεσιῶν,
604 3136 736 3225 τροφὴν
747 3153 815 3216 τοῖς
826 3140 996 3224 δεομένοις
1008 3134 1130 3220 εύρεῑν,

170 3235 276 3324 ἥνπερ
295 3235 359 3324 χρὴ
375 3235 459 3317 τούς
475 3237 659 3323 μέλλοντας
683 3234 741 3302 καὶ
759 3234 921 3318 περὶτῶν
941 3232 1053 3302 ἀλλων
1071 3261 1133 3303 κα-

172 3343 236 3418 λῶς
253 3336 451 3424 διοικήσειν,
473 3335 645 3425 ἡγουμένη
662 3334 701 3403 δέ
724 3336 785 3403 τὸν
801 3340 879 3420 βίον
895 3333 955 3403 τὸν
975 3335 1030 3402 έπὶ
1052 3335 1132 3404 τού-

172 3465 237 3518 τοις
254 3439 364 3525 μύνον
380 3436 478 3508 ούπα
494 3439 556 3506 τού
573 3441 632 3524 ζῆν
650 3438 829 3522 ἐπιδυμελν
847 3432 947 3516 ἀξίας
966 3441 1052 3521 ἔχειν
1070 3435 1131 3505 ού·

172 3567 233 3620 τος
253 3539 441 3628 ἐπεμελήθη
455 3542 512 3608 καὶ
528 3543 598 3607 τάν
612 3542 752 3623 λοιπῶν,
772 3535 856 3604 ὥστε
870 3541 941 3605 τῶν
955 3536 1133 3624 παρόντων

173 3657 240 3720 τοῖς
257 3639 454 3727 ἀνθρώποις
472 3640 625 3727 ἀγαθῶν,
645 3635 708 3706 ὅσα
722 3635 767 3726 μὴ
785 3637 877 3727 καρά
894 3641 989 3708 θεῶν
1005 3645 1133 3726 ἔχομεν,

219 3740 412 3793 ποιητικαὶ
966 3755 983 3800 ι

1182 2827 1191 2864 ί
