2859 4334
451 413 823 474 ΠΑΝΗΓΥΡΙΚΟΣ.
1071 406 1112 474 73

157 579 352 659 κεκτῆσθαι,
373 575 428 641 καί
443 568 505 658 τὴν
518 568 683 657 ἡμετέραν
696 567 811 639 αὐτῶν
823 571 938 658 χάραν
952 579 1111 660 διαφθει-

108 689 143 742 ιδε
157 695 272 757 ρομεν,
294 667 520 757 ἀμελήσαντες
533 667 596 757 τὴν
609 668 722 738 Ἀσίαν
741 677 967 758 καρποῦσθαι.
995 673 1050 744 υαλ
1064 683 1111 763 τῷ

156 771 212 856 μέν
225 768 329 839 οὐδὲν
342 767 625 857 προύργιαίτερύν
638 765 759 856 έστινὴ
770 783 924 856 σκοπεῖν,
939 772 972 852 ἐξ
987 763 1036 840 οῦν
1044 798 1110 860 μη-

157 876 270 939 δέποτε
280 870 484 957 παυσόμεθα
494 866 579 956 πρὸς
587 865 753 956 ἀλλήλους
764 875 1004 957 πολεμοῦντες·
1017 867 1110 958 ἡμεῖς

156 969 186 1037 δέ
199 967 368 1037 τοσούτου
382 972 502 1054 δέομεν
516 967 722 1054 συγκρούειν
734 994 766 1035 τι
779 975 849 1036 τῶν
859 970 991 1037 ἐκείνου
1001 994 1109 1055 τραγ-

154 1066 267 1152 μάτων
283 1061 306 1152 ἡ
321 1079 429 1134 ποιεῖν
443 1065 647 1152 στασιάζειν,
671 1061 755 1133 ὅστε
776 1066 832 1133 καλ
853 1065 911 1146 τάς
933 1063 987 1134 διά
1007 1067 1112 1152 τύχην

155 1162 242 1255 αύτῷ
252 1165 477 1252 γεγενημένας
488 1162 631 1251 ταραηάς
641 1164 1108 1252 συνδιαλύεινέπιχειροῦμεν,
1121 1193 1137 1232 ο

155 1266 273 1342 οἵτινες
284 1267 340 1331 καλ
352 1277 424 1332 τοῖν
435 1267 674 1350 στρατοπέδοιν
684 1277 758 1333 τοῖν
768 1265 844 1349 περὶ
854 1263 993 1348 Κύπρον
1003 1267 1109 1350 ἐῶμεν

155 1359 256 1430 αύτόν
266 1368 313 1452 τῷ
325 1363 388 1447 μὲν
401 1369 562 1447 χρῆσθαι,
578 1359 614 1428 τό
627 1360 664 1429 δὲ
677 1369 888 1448 πολιορκεῖν,
902 1357 1109 1448 ἀμφοτέροιν

107 1475 141 1530 ιλο
155 1458 269 1528 αύτοῖν
278 1465 338 1545 τῆς
346 1455 502 1538 Ἑλλάδος
513 1456 637 1527 ὄντοιν.
657 1462 693 1528 ολ
701 1485 737 1528 τε
750 1456 816 1545 γάρ
826 1457 1014 1546 ἀφεστῶτες
1024 1457 1109 1547 πρὸς

155 1560 237 1648 ἡμᾶς
251 1558 282 1627 τ’
306 1565 435 1640 οίκείως
455 1565 568 1646 έχουσι
581 1563 637 1629 καλ
650 1563 926 1646 Λακεδαιμονίοις
942 1567 1031 1647 σφᾶς
1044 1557 1107 1628 αύ-

156 1660 230 1742 τούς
245 1661 455 1745 ένδιδύασιν,
477 1666 545 1730 τῶν
558 1687 593 1729 τε
614 1658 696 1746 μετά
715 1662 912 1749 Τειριβάζου
926 1682 1106 1745 στρατευο-

156 1765 264 1847 μένων
278 1761 335 1828 καλ
350 1767 410 1828 τοῦ
431 1765 532 1841 πεζοῦ
547 1757 583 1826 τῦ
600 1759 852 1846 χρησιμώτατον
866 1761 903 1827 έκ
921 1763 1026 1830 τῦνδε
1040 1765 1109 1828 των

157 1859 265 1928 τύπων
284 1855 477 1944 ἥθροισται,
499 1860 554 1925 καλ
574 1863 635 1925 τοῦ
650 1863 813 1926 ναυτικοῦ
826 1855 863 1926 τὸ
879 1866 1035 1927 πλεῖστον
1048 1854 1106 1926 ἀπ’

154 1956 273 2034 Ἰονίας
295 1960 566 2042 συμπίπλευκεν,
588 1962 623 2024 ολ
636 1955 723 2026 πολύ
744 1951 789 2024 ἀν
808 1954 905 2044 ἡδιον
925 1965 1022 2046 κοινῇ
1045 1953 1135 2043 τὴνδ

154 2055 259 2123 Ἀσίαν
274 2055 450 2138 ἐπόρθουν
463 2052 482 2139 ἡ
494 2051 578 2139 πρὸς
588 2051 755 2141 ἀλλήλους
766 2055 864 2124 ἕνεκα
875 2062 1004 2141 μικρῶν
1016 2058 1107 2126 έκιν-

106 2168 142 2223 136
155 2155 306 2222 δύνευον.
345 2144 395 2220 οῦν
422 2150 515 2240 ἡμεῖς
536 2148 697 2238 ούδεμίαν
718 2151 908 2239 ποιούμεθα
929 2153 1106 2238 πρόνοιαν,

158 2250 235 2321 ἀλλά
246 2252 325 2335 περὶ
339 2253 401 2336 μέν
412 2259 480 2318 τῶν
491 2250 680 2318 Κυκλάδων
695 2248 809 2336 νήσων
819 2247 1106 2339 ἀμφισβητοῦμεν,

159 2353 317 2429 τοσαύτας
333 2351 369 2417 δὲ
384 2347 421 2416 τὸ
438 2356 569 2435 πλῆθος
582 2349 696 2428 πόλεις
710 2351 765 2418 καλ
780 2349 978 2435 τηλικαύτας
993 2349 1029 2418 τῦ
1047 2355 1107 2437 μέ-

159 2459 252 2532 γεθος
268 2444 430 2531 δυνάμεις
449 2443 557 2524 οὕτως
578 2450 649 2534 εἰκῇ
668 2453 714 2536 τῷ
733 2447 893 2537 βαρβάρῳ
907 2447 1106 2526 παραδιδού-

159 2573 266 2634 καμεν.
296 2551 480 2629 τοιγαροῦν
501 2543 540 2611 τά
556 2544 618 2630 μὲν
636 2549 717 2630 ἔχει,
738 2543 777 2612 τά
793 2545 829 2612 δὲ
842 2548 971 2632 μέλλει,
993 2560 1061 2625 τοῖς
1074 2543 1106 2613 δ’

160 2641 381 2734 ἐπιβουλεύει,
406 2646 541 2722 δικαίως
562 2641 721 2712 ἁπάντων
735 2642 829 2730 ἡμῶν
850 2672 1109 2736 καταπεφρονη-

108 2759 142 2817 ,δῖ
158 2747 224 2826 κάς.
249 2749 490 2831 διαπέπρακται
502 2744 583 2830 γάρ,
598 2742 700 2812 δυῶν
711 2747 842 2815 ἐκείνου
853 2747 1034 2833 προγόνων
1048 2745 1135 2816 οῦ-ε

158 2845 377 2926 δελςιτύποτε·
392 2845 455 2931 τήν
466 2871 501 2912 τε
513 2842 577 2931 γάρ
585 2842 698 2912 Ἀσίαν
708 2845 952 2932 διωμολόγηται
963 2847 1018 2914 καλ
1026 2843 1107 2931 παρ’

160 2944 245 3032 ἡμῶν
257 2947 313 3014 καὶ
325 2941 415 3028 παρὰ
427 2950 703 3029 Λακεδαιμονίων
713 2947 876 3029 βασιλέως
888 2943 990 3024 εἶναι,
1005 2944 1064 3024 τάς
1074 2970 1110 3014 τε

159 3047 264 3124 πόλεις
278 3042 337 3122 τάς
347 3041 540 3130 Ἑλληνίδας
555 3041 644 3110 οὕτω
659 3049 783 3125 κυρίως
801 3052 1007 3132 παρείληφεν
1019 3046 1107 3114 ῦστε

158 3140 208 3222 τάς
224 3146 288 3228 μὲν
306 3139 419 3209 αὐτῶν
437 3143 696 3226 κατασκάπτειν,
719 3144 756 3210 έν
770 3143 806 3210 δὲ
821 3156 891 3221 ταῖς
911 3140 1110 3228 ἀκροπόλεις

158 3245 345 3328 ἐντειχίζειν.
366 3246 537 3310 καὶταῦτα
549 3242 659 3308 πάντα
674 3242 793 3326 γέγονε
808 3238 863 3308 διὰ
875 3237 936 3326 τὴυ
948 3237 1110 3326 ἡμετέραν

157 3338 271 3409 ἀνοιαν
287 3336 363 3409 ἀλλ’
380 3337 422 3407 οῦ
437 3337 493 3407 διά
509 3339 570 3426 τὴν
584 3343 716 3408 ἐκείνου
731 3339 885 3424 δύναμιν.

111 3453 143 3507 38
234 3440 327 3523 (λη’.)
347 3444 466 3507 Καίτοι
486 3440 575 3517 τινές
595 3438 808 3524 θαυμάζουσι
828 3436 864 3504 τὸ
883 3441 1028 3522 μέγεθος
1041 3445 1109 3505 τῶν
1123 3459 1157 3513 σς

156 3545 312 3622 βασιλέως
328 3540 535 3624 πραγμάτων
547 3542 600 3606 καὶ
613 3539 716 3623 φασίν
729 3533 834 3604 αῦτδν
845 3533 929 3604 εἶναι
945 3537 1111 3604 δυσπολί-

157 3665 272 3724 αητον,
288 3637 481 3720 διεξιόντες,
497 3636 542 3716 ῦς
556 3635 681 3715 πολλάς
692 3632 751 3714 τάς
763 3631 946 3719 μεταβολὰς
957 3647 1025 3712 τοῖς
1032 3632 1108 3704 “m-
