2859 4334
278 376 337 438 ιιι
561 378 953 457 ιῑοιιεκτουεμ)

276 553 354 632 λεύς
383 548 487 631 αύτὸς
516 551 738 638 ποιησάμενος
768 558 946 638 στρατείαν
977 547 1152 640 κρατήσειε
1182 551 1246 622 καὶ

274 658 333 738 τῆς
347 651 402 720 διδ
415 652 476 720 τὸν
489 650 641 740 ποταμδν
653 658 847 740 δυσχωρίας
860 653 992 738 καὶτῆς
1010 650 1115 739 ἄλλης
1128 676 1244 742 παρα·
1267 677 1284 726 d

276 757 398 840 σκευῆς
416 752 563 840 δπύσης·
582 755 650 821 νῦν
663 750 696 820 δ’
712 740 813 832 οὗτος
831 750 1022 840 ἀπήλλαξεν
1036 750 1163 833 αύτούς
1179 757 1247 822 τού

277 854 376 933 δέους
399 851 536 924 τούτου.
568 852 776 941 συναγαγῶν
793 851 860 943 γδρ
878 852 1043 942 δύναμιν,
1068 853 1153 942 ὅσην
1170 849 1245 934 οἷός

275 952 306 1022 ι’
325 945 368 1041 ἦν
385 960 566 1042 πλείστην,
588 956 646 1024 καὶ
665 952 872 1043 στρατεύσας
891 953 944 1025 ἐπ’
965 954 1110 1043 αύτούς,
1129 953 1243 1044 ἀπῆλ-

274 1065 340 1124 θεν
359 1056 492 1124 έκεῑθεν
509 1053 550 1123 ού
569 1054 676 1142 μόνον
694 1054 851 1143 ἡττηθεὶς
876 1053 1036 1124 ἀλλὰκαὶ
1055 1064 1245 1142 καταγελα·

275 1156 372 1235 σθεὶς
386 1157 443 1225 καί
452 1152 553 1237 δόξας
563 1154 642 1225 οὔτε
647 1155 838 1244 βασιλεύειν
853 1154 931 1225 ούτε
940 1172 1138 1245 στρατηγεῖν
1151 1156 1245 1239 ἄξιος

211 1276 257 1325 ιοε
276 1254 371 1325 εἶναι.
402 1256 443 1325 τοὶ
456 1264 576 1326 τοίνυν
587 1259 664 1346 περὶ
678 1257 823 1346 Κύπρον
836 1256 892 1325 καὶ
904 1264 1067 1344 Φοινίκην
1080 1257 1241 1327 καίΚιλι-
1347 1260 1348 1342 λ

274 1363 354 1427 κίαν
371 1360 429 1427 καὶ
447 1357 508 1426 τδν
525 1357 628 1427 τόπον
647 1361 795 1446 ἐκεῖνον,
812 1355 895 1427 ὅθεν
914 1359 1063 1446 ἐχρῶντο
1079 1363 1244 1452 ναυτικῷ,

274 1457 349 1529 τότε
365 1458 428 1548 μέν
445 1450 489 1546 ἦν
506 1459 686 1545 βασιλέως,
712 1462 779 1528 νῦν
798 1458 836 1528 δὲ
853 1460 894 1527 ιδ
912 1459 976 1546 μὲν
993 1458 1178 1548 ἀφέστηκε,
1199 1460 1243 1530 τὰ
1264 1503 1282 1537 e
1348 1482 1349 1506 ³

275 1555 308 1628 δ’
330 1562 367 1629 ἐν
383 1562 520 1651 πολέμῳ
538 1559 594 1627 καί
611 1573 729 1640 κακοῖς
746 1558 920 1640 τοσούτοις
940 1561 1033 1630 ἐστίν
1051 1558 1132 1631 ὥστ’
1152 1563 1244 1631 ἐκεί-

280 1687 329 1751 νῳ
344 1662 406 1746 μὲν
422 1658 526 1746 μηδὲν
541 1657 625 1727 εἶναι
641 1659 771 1726 τούτων
785 1665 853 1725 τῶν
866 1660 978 1727 ἐθνῶν
992 1659 1170 1746 χρήσιμον,
1186 1661 1241 1727 σοὶ

281 1755 311 1825 δ’
331 1753 372 1843 ἢν
386 1763 544 1841 πολεμεῖν
555 1753 639 1841 πρὸς
649 1752 754 1824 αὐτὸν
764 1763 937 1846 βουληθῇς
948 1757 1131 1844 συμφόρως
1142 1759 1238 1838 ἕξειν.

216 1873 263 1925 103
281 1854 377 1942 (μγ.)
398 1857 464 1921 Καὶ
481 1851 549 1940 μην
565 1850 682 1937 Ἱδριέα
703 1880 742 1941 γε
757 1851 817 1921 τδν
839 1851 1073 1939 εὐπορώτατον
1091 1861 1160 1923 τῶν
1173 1860 1240 1922 νῦν

281 1957 357 2039 περὶ
373 1951 436 2039 τὴν
456 1949 597 2040 ἤπειρον
612 1953 774 2041 προσήκει
791 1957 1057 2040 δυσμενέστερον
1073 1952 1158 2021 εἶναι
1171 1966 1240 2032 τοις

281 2054 443 2142 βασιλέως
462 2053 633 2140 πράγμασι
652 2060 721 2121 τῶν
735 2054 990 2140 πολεμούντων·
1013 2049 1035 2138 ἢ
1050 2053 1189 2120 πάντων
1205 2049 1238 2138 γ’

282 2148 326 2220 δν
351 2161 400 2239 είη
423 2152 673 2239 σχετλιώτατος,
699 2159 730 2221 εί
748 2149 793 2239 μὴ
817 2151 973 2240 βούλοιτο
995 2151 1242 2243 καταλελύσθαι
1263 2171 1312 2223 103

282 2250 408 2338 ταύτην
419 2249 482 2337 τὴν
495 2248 611 2338 ἀρχὴν,
627 2250 689 2338 τὴν
701 2255 920 2338 αἰκισαμένην
931 2251 993 2337 μὲν
1003 2247 1064 2320 τδν
1078 2247 1240 2337 ἄδελφδν,

282 2348 518 2436 πολεμήσασαν
534 2351 570 2417 δὲ
591 2348 674 2436 πρδς
689 2348 812 2435 αὑτὸν,
834 2349 966 2417 ἅπαντα
981 2349 1017 2417 δὲ
1038 2347 1099 2418 τδν
1115 2346 1243 2435 χρόνον

280 2448 569 2535 ἐπιβουλεύουσαν
584 2451 640 2516 καλ
659 2452 871 2535 βουλομένην
886 2454 947 2516 τοῦ
960 2473 995 2516 τε
1011 2448 1161 2534 σώματος
1175 2446 1237 2514 αύ-

279 2554 340 2616 ιοῦ
364 2549 510 2616 καὶτῶν
534 2546 713 2634 χρημάτων
741 2544 901 2615 ἁπάντων
923 2550 1083 2634 γενέσθαι
1107 2551 1237 2632 κυρίαν.

211 2664 263 2717 104
278 2644 364 2733 ὑπὲρ
380 2637 429 2715 εδν
441 2642 560 2724 δεδιδς
570 2653 638 2712 νῦν
648 2646 711 2732 μὲν
726 2641 945 2732 ἀναγκάζεται
959 2643 1165 2731 θεραπεύειν
1175 2640 1239 2711 αύ-

280 2743 340 2814 τόν
361 2746 416 2814 καί
436 2745 586 2832 χρήματα
606 2743 712 2815 πολλὰ
733 2743 811 2814 καθ’
836 2747 977 2815 ἕκαστον
1002 2743 1062 2814 τὸν
1083 2742 1239 2814 ένιαντδν

280 2842 505 2930 ἀναπέμπειν·
526 2851 557 2914 εί
568 2847 605 2913 δὲ
619 2842 663 2914 σύ
675 2849 828 2933 διαβαίης
844 2851 890 2924 είς
903 2843 965 2932 τὴν
980 2843 1136 2932 ἤπειρον,
1153 2846 1268 2913 ἐκεῖ-ο

280 2940 339 3018 νύς
350 2938 380 3007 τ’
394 2937 438 3008 δν
450 2940 593 3028 ἄσμενος
604 2947 670 3012 ἴδοι
683 2942 816 3030 βοηθὸν
828 2942 923 3030 ἥκειν
934 2939 1025 3032 αὐτῷ
1036 2961 1073 3010 σε
1084 2947 1238 3029 νομίζων,

280 3066 348 3108 τιιν
362 3039 403 3108 τ’
431 3040 544 3111 ἄλλων
570 3050 751 3129 σατραπῶν
776 3041 922 3123 πολλοὺς
947 3040 1160 3129 ύποστήσεις,
1194 3036 1239 3128 ἢν

280 3137 410 3226 ὑπόσχῃ
421 3138 483 3226 τὴν
494 3146 692 3227 ἐλευθερίαν
703 3141 879 3222 αὐτοῖςκαὶ
891 3139 1040 3228 τοῦνομα
1053 3147 1152 3210 τοῦτο
1163 3143 1238 3209 δια-

280 3243 416 3327 σπείρης
431 3245 477 3318 είς
492 3236 553 3327 τὴν
565 3238 695 3328 Ἀσίαν,
712 3240 794 3326 ὅπερ
808 3248 853 3319 εἰς
867 3237 1114 3326 τοδςἝλληνας
1127 3244 1238 3308 είσπε-

280 3334 342 3405 σδν
356 3341 411 3405 καλ
430 3334 492 3425 τὴν
505 3336 670 3428 ἡμετέραν
687 3343 743 3408 καὶ
764 3337 825 3427 την
840 3341 1115 3423 Λακεδαιμονίων
1132 3333 1238 3422 ἀρχὴν

279 3439 468 3504 κατέλυσεν.

214 3551 262 3603 105
365 3538 434 3622 (μδ
436 3536 538 3624 .)Ἕτι
551 3537 583 3606 δ’
597 3534 642 3606 δν
652 3547 756 3609 πλείω
767 3540 877 3626 λέγειν
888 3541 1093 3624 ἐπεχείρουν,
1105 3533 1147 3606 ὃν
1156 3534 1237 3620 τρύ-

278 3657 344 3700 πον
362 3641 519 3720 πολεμῶν
530 3635 656 3723 τάχιστ’
666 3633 710 3706 ἂν
721 3642 910 3726 περιγένοιο
927 3645 984 3723 τῆς
999 3645 1060 3706 τοῦ
1075 3639 1237 3723 βασιλέως
