2859 4334
453 435 583 494 τινοε
603 437 877 518 monam.
1098 431 1136 494 ιτ

182 591 262 661 ούτε
277 601 391 662 κυνῶν
408 592 480 662 οὔτ’
498 591 635 674 ἀνδρῶν
653 591 728 660 οὔτ’
743 593 850 664 άλλου
866 597 1060 682 πράγματος
1076 592 1138 662 ού-

181 691 280 771 δενδς
293 689 366 760 οἷόν
378 718 415 760 τε
428 699 537 770 καλῶς
550 687 677 777 άρχειν,
698 687 743 760 δν
757 693 803 778 μή
817 721 869 772 τις
881 701 979 782 χαίρή
995 691 1137 778 τούτοις,

180 783 230 857 ῶν
251 787 356 858 αύτόν
377 796 430 858 δεῖ
445 799 615 858 ποιεῖσθαι
630 785 695 875 τήν
708 793 907 876 ἐπιμέλειαν.
939 793 1064 879 μελέτω
1084 811 1138 859 σοι

177 896 238 956 τοῦ
258 890 429 976 πλήθους,
453 893 509 958 καί
529 893 606 974 περί
626 887 752 970 παντὸς
770 898 872 958 ποιού
893 892 1138 978 κεχαρισμένως

138 999 164 1054 16
177 985 292 1067 αὐτοῖς
312 987 444 1073 άρχειν,
470 985 685 1072 γιγνώσκων,
713 984 766 1054 ὅτι
780 990 836 1055 καὶ
850 996 918 1055 τῶν
938 985 1139 1075 ὀλιγαρχιῶν
1151 1017 1185 1072 χρ

177 1091 315 1157 καὶτῶν
330 1084 443 1156 άλλων
457 1091 633 1154 πολιτειῶν
648 1077 747 1153 αύται
761 1095 919 1154 πλεῖστον
928 1085 1053 1173 χρόνον
1063 1091 1138 1153 δια-

174 1191 356 1270 μένουσιν,
372 1188 496 1262 αἳτινες
509 1179 554 1252 δν
564 1181 684 1270 άριστα
695 1181 733 1251 τὸ
746 1191 878 1270 πλῆθος
887 1184 1135 1268 θεραπεύωσιν.

176 1294 285 1364 καλῶς
300 1286 337 1354 δὲ
353 1284 622 1372 δημαγωγήσεις,
638 1279 683 1370 ήν
697 1280 783 1370 μήθ’
799 1279 948 1370 ὑβρίζειν
962 1281 1023 1352 τδν
1037 1282 1138 1370 ὄχλον

175 1387 226 1472 ἐᾷς
242 1381 332 1470 μήθ’
348 1380 570 1470 ὑβριζόμενον
586 1388 763 1471 περιορᾷς,
785 1380 868 1450 άλλά
885 1390 1028 1470 σκοπῇς,
1046 1381 1137 1460 ὅπως

175 1487 205 1549 οί
216 1484 388 1570 βέλτιστοι
401 1479 465 1566 μὲν
477 1479 537 1560 τάς
550 1478 648 1566 τιμάς
663 1483 808 1567 ἕξουσιν,
826 1484 862 1548 οί
873 1478 905 1548 δ’
922 1478 1017 1550 ἄλλοι
1031 1481 1137 1568 μηδὲν

175 1578 410 1667 ἀδικήσονται·
432 1586 536 1650 ταῦτα
553 1577 619 1664 γάρ
636 1592 780 1665 στοιχεῖα
795 1585 911 1664 πρῶτα
925 1582 982 1647 καί
998 1580 1136 1665 μέγιστα

138 1695 163 1748 17
174 1684 318 1765 χρηστῆς
328 1684 495 1756 πολιτείας
506 1679 605 1745 ἐστίν.
629 1677 696 1762 (ς’.)
715 1684 792 1744 Τῶν
803 1677 1069 1764 προσταγμάτων
1081 1677 1137 1744 καὶ

174 1788 238 1845 τῶν
256 1777 531 1863 ἐπιτηδευμάτων
547 1783 634 1845 κίνει
649 1779 705 1845 καὶ
722 1784 892 1862 μετατίθει
906 1774 945 1843 τά
964 1773 1009 1862 μή
1025 1782 1163 1862 καλῶςχ,

175 1883 388 1954 καθεστῶτα,
405 1879 460 1944 καὶ
470 1877 613 1962 μάλιστα
626 1877 689 1962 μὲν
701 1872 838 1962 εὑρετής
847 1882 967 1960 γίγνου
978 1881 1047 1942 τῶν
1057 1881 1136 1961 βελ-

89 2003 91 2010 ’
175 1983 313 2057 τίστων,
341 1976 421 2042 εἰδὲ
437 1972 498 2061 μή,
524 1981 629 2060 μιμού
645 1971 686 2040 τά
703 1971 794 2054 παρά
812 1987 881 2051 τοῖς
895 1971 1008 2051 άλλοις
1023 1969 1137 2058 ὀρθῶς

175 2081 301 2160 ἔχοντα.
320 2073 406 2160 ζήτει
416 2073 544 2158 νόμους
554 2072 590 2139 τὸ
603 2074 666 2156 μὲν
673 2072 812 2156 σύμπαν
822 2077 971 2149 δικαίους
981 2073 1037 2138 καὶ
1047 2091 1134 2155 συμ·
1188 2150 1192 2157 ,

176 2178 342 2260 φέροντας
355 2177 410 2240 καὶ
425 2181 542 2258 σφίσιν
552 2168 667 2249 αὐτοῖς
677 2167 986 2256 ὁμολογουμένους,
1002 2168 1086 2253 πρὸς
1098 2173 1135 2238 δὲ

173 2270 306 2347 τούτοις
322 2272 444 2348 οἵτινες
460 2270 519 2349 τάς
534 2271 596 2356 μὲν
613 2268 878 2356 ἀμφισβητήσεις
894 2266 940 2348 ῶς
955 2272 1135 2356 ἐλαχίστας,

174 2369 230 2449 τὰς
251 2371 289 2438 δὲ
311 2369 481 2446 διαλύσεις
503 2397 547 2447 ιις
571 2363 646 2437 οἷόν
666 2394 702 2436 τε
722 2377 875 2454 ταχίστας
894 2382 963 2446 τοῖς
986 2375 1136 2446 πολίταις

176 2475 349 2537 ποιοῦσιν·
364 2475 469 2536 ταῦτα
480 2467 545 2554 γάρ
556 2467 687 2536 ἅπαντα
700 2479 874 2554 προσεῖναι
887 2471 941 2536 δεῖ
947 2483 1016 2546 τοῖς
1026 2476 1135 2543 καλῶς

138 2587 165 2642 18
176 2575 350 2655 κειμένοις.
367 2567 425 2646 τάς
433 2569 496 2654 μὲν
507 2569 663 2654 ἐργασίας
672 2563 788 2644 αὐτοῖς
794 2573 937 2652 καθίστη
944 2570 1162 2651 κερδαλέας,ς

176 2666 232 2746 τὰς
247 2666 284 2734 δὲ
299 2672 523 2751 πραγματείας
537 2669 743 2767 ἐπιζημίους,1
753 2667 812 2732 ἵνα
824 2661 885 2743 τάς
894 2665 958 2750 μὲν
969 2664 1132 2750 φεύγωσι,

176 2765 259 2850 πρὸς
273 2769 310 2833 δὲ
324 2764 382 2844 τάς
397 2766 657 2852 προθυμότερον
672 2771 803 2850 ἔχωσιν.
824 2762 885 2842 τάς
895 2773 1024 2850 κρίσεις
1033 2772 1133 2831 ποιοῦ

176 2868 249 2948 περὶ
260 2856 311 2932 ῶν
321 2860 365 2933 &v
377 2863 461 2950 πρὸς
472 2861 637 2952 ἀλλήλους
647 2862 882 2951 ἀμφισβητῶσι
890 2861 935 2950 μή
944 2860 1029 2951 πρὸς
1036 2864 1136 2949 χάριν

176 2963 252 3052 μηδ’
262 2960 591 3051 ἐναντίαςάλλήλαις,
608 2960 848 3032 ἀλλ’άεὶταύτά
860 2966 1013 3049 περὶτῶν
1022 2962 1135 3031 αὐτῶν

176 3071 356 3150 γίγνωσκε·
371 3063 428 3129 καὶ
438 3061 503 3147 γάρ
515 3065 633 3146 πρέπει
644 3066 699 3130 καί
710 3064 875 3148 συμφέρει
883 3060 945 3148 τήν
955 3068 1024 3130 τῶν
1037 3070 1134 3151 βασι-

177 3165 261 3232 λέων
274 3162 416 3248 γνῶμην
430 3158 595 3248 ἀκινήτως
610 3167 697 3248 ἔχειν
714 3161 791 3245 περὶ
806 3167 875 3228 τῶν
892 3164 1049 3243 δικαίων,
1066 3158 1135 3227 ῶσ-

137 3281 165 3335 19
178 3287 240 3346 περ
250 3259 331 3338 τούς
342 3261 468 3346 νόμους
477 3259 556 3340 τούς
566 3268 675 3338 καλῶς
683 3261 868 3344 κειμένους.
898 3267 981 3326 οίκει
991 3256 1054 3343 τήν
1066 3256 1160 3331 τιό-(ι

177 3371 230 3429 λιν
248 3357 371 3448 ὁμοίως
388 3356 569 3447 ῶσπερτδν
583 3365 742 3445 πατρῷον
757 3354 852 3424 οἶκον
866 3370 937 3434 ταῖς
952 3358 1016 3442 μὲν
1032 3381 1135 3423 κατα-

178 3473 308 3538 σκευαῖς
334 3466 493 3546 λαμπρῶς
517 3461 572 3526 καὶ
596 3463 792 3542 βασιλικῶς,
820 3468 890 3532 ταῖς
914 3455 950 3522 δὲ
974 3453 1134 3539 πράξεσιν

178 3560 336 3648 ἀκριβῶς,
352 3556 394 3646 ἰγ’
409 3557 585 3646 εύδοκιμής
598 3557 667 3645 άμα
681 3560 737 3624 καὶ
751 3561 896 3643 διαρκής.
919 3581 981 3638 την
992 3563 1130 3640 μεγαλο-

177 3655 828 3810 πρίπὲζήᾏίφέἑλεήκνυσομήδἕνμιᾴτῶν
838 3661 1134 3802 πολυτελιὲιῶντῶν
