2859 4334
434 406 853 466 ΠΑΝΑΘΗΝΑΙΚΟΣ.
1082 399 1118 466 11

167 568 407 656 ἀποδεχόμενοι
429 565 670 652 τυγχάνουσιν·
702 563 809 642 οὕτως
830 560 957 650 ἀτυχῶς
980 569 1123 651 φέρομαι

167 666 245 751 παρ’
262 662 384 743 αὐτοῖς.

125 779 152 830 16
253 764 321 850 (ζ.)
344 764 409 830 Καὶ
423 768 457 831 τί
475 766 528 829 δεῖ
538 763 726 848 θαυμάζειν
742 769 811 829 τῶν
824 760 908 847 πρὸς
921 760 1051 841 ἁπάσας
1066 760 1150 840 τάςῖι

167 860 335 949 ὑπεροχάς
349 859 438 929 οὕτω
455 865 643 930 διακεῖσθαι
657 861 876 947 πεφυκότων,
891 860 979 929 ὅπου
992 863 1123 930 καὶτῶν

167 964 333 1049 οἰομένων
348 964 521 1046 διαφέρειν
534 964 589 1029 καὶ
604 961 795 1047 ζηλούντων
809 961 865 1045 ἐμὲ
880 961 936 1028 καὶ
950 970 1123 1046 μιμεῖσθαι

167 1064 375 1149 γλιχομένων
395 1061 482 1139 τινες
498 1066 545 1127 ἔτι
569 1063 832 1147 δυσμενέστερον
855 1064 969 1144 ἔχουσί
985 1085 1042 1145 μοι
1056 1064 1120 1127 τῶν

167 1164 326 1228 ἰδιωτῶν·
351 1150 400 1225 ῶν
413 1165 506 1237 τίνας
520 1157 563 1224 ἀν
580 1184 629 1235 τις
644 1156 737 1244 εύροι
752 1162 1014 1243 πονηροτέρους,
1032 1157 1123 1245 είρη-

167 1279 260 1327 σεται
274 1256 357 1344 γάρ,
373 1264 404 1327 εί
417 1264 474 1325 καί
485 1275 549 1325 τισι
566 1261 653 1338 δόξω
666 1258 812 1344 νεῶτερα
824 1259 879 1324 ιιαδ
889 1257 1057 1343 βαρύτερα
1068 1262 1122 1323 λέ-

168 1384 243 1444 γειν
263 1364 320 1442 τῆς
338 1353 482 1443 ἡλικίας,
511 1359 632 1435 οἵτινες
651 1353 730 1424 οὔτε
745 1354 885 1439 φράζειν
909 1351 1009 1422 οὐδὲν
1023 1357 1123 1441 μέρος

168 1461 299 1541 ἔχοντες
315 1468 382 1532 τοῖς
400 1464 565 1540 μαθηταῖς
578 1460 645 1521 τῶν
661 1455 846 1539 εἰρημένων
859 1450 918 1519 ὑπ’
935 1455 1033 1540 ἐμοῦ,
1054 1465 1123 1529 τοῖς

168 1580 204 1620 τε
218 1554 330 1639 λόγοις
344 1556 586 1639 παραδείγμασι
600 1553 767 1639 χρεόμενοι
781 1567 849 1630 τοῖς
865 1555 954 1638 ἐμοῖς
967 1553 1021 1619 καὶ
1039 1557 1149 1632 ζῶν-ν

168 1679 221 1731 τες
244 1654 405 1719 ἐντεῦθεν
428 1652 593 1719 τοσούτου
613 1655 727 1720 δέουσι
749 1653 848 1739 χάριν
876 1659 963 1741 ἐχειν
982 1654 1121 1738 τούτων,

170 1748 248 1819 ὥστ’
266 1747 339 1817 οὐδ’
357 1748 492 1836 ἀμελεῖν
506 1748 603 1837 ἡμῶν
617 1754 797 1819 ἐθέλουσιν
811 1748 887 1821 ἀλλ’
901 1748 956 1819 ἀεί
969 1779 999 1819 τι
1011 1758 1115 1836 φλαῦ-

123 1872 153 1926 Π
169 1877 231 1937 ρον
246 1851 322 1931 περὶ
339 1851 421 1935 ἐμοῦ
435 1852 602 1934 λέγουσιν.
625 1848 699 1937 (η’.)
714 1849 798 1930 Ἕως
812 1851 875 1937 μὲν
891 1843 955 1918 οῦν
969 1847 1047 1929 τούς
1057 1850 1121 1940 ,λό-

167 1976 251 2037 γους
262 1947 357 2035 ἡμῶν
368 1944 602 2036 ἐλυμαίνοντο,
618 1949 995 2036 παραναγιγνωσκοντες
1006 1947 1050 2029 ῶς
1061 1954 1120 2016 δυ-

169 2048 274 2120 νατόν
290 2051 429 2119 κάκιστα
443 2065 511 2129 τοῖς
525 2049 638 2119 αὑτῶν
649 2053 703 2120 καὶ
715 2056 923 2135 διαιροῦντες
934 2050 996 2120 ούιι
1010 2050 1123 2138 ὀρθῶς

169 2156 224 2220 ιιαλ
239 2156 488 2231 κατακνίζοντες
509 2154 564 2219 καὶ
581 2152 690 2219 πάντα
710 2151 837 2237 τρόπον
858 2156 1122 2236 διαφθείροντες,

169 2248 271 2319 ούδὲυ
291 2239 488 2335 ἐφρόντιζον
505 2258 573 2317 τῶν
594 2249 894 2337 ἀπαγγελλομένων
914 2247 997 2317 ἀλλά
1012 2250 1123 2339 ῥᾳθύ-

168 2376 238 2436 μως
256 2346 360 2434 εἶχον·
384 2346 505 2434 μικρόν
517 2348 552 2417 δὲ
563 2347 628 2432 πρό
641 2376 709 2416 τιιν
719 2356 972 2433 Παναθηναίων
986 2356 1054 2415 τῶν
1064 2375 1123 2435 με·

123 2470 154 2522 18
169 2450 285 2535 γάλων
299 2445 473 2533 ἠχθέσθην
485 2444 529 2514 δι’
541 2446 673 2525 αύτούς.
693 2445 941 2531 ἀπαντήσαντες
956 2446 1020 2531 γάρ
1035 2448 1149 2527 τινέςδ

170 2575 226 2636 μοι
247 2554 314 2614 τῶν
333 2548 526 2632 ἐπιτηδείων
547 2554 680 2633 ἔλεγον,
703 2544 747 2624 ῶς
769 2548 806 2613 έν
826 2553 871 2634 τῷ
888 2552 1018 2633 Λυκείῳ
1039 2565 1123 2628 συγ-

170 2644 389 2731 καθεζόμενοι
400 2658 488 2729 τρεῖς
500 2641 522 2731 ἢ
535 2648 760 2726 τέτταρεςτῶν
770 2641 935 2731 ἀγελαίων
946 2656 1118 2732 σοφιστῶν

173 2748 232 2814 καὶ
256 2743 365 2813 πάντα
390 2741 589 2830 φασκόντων
615 2743 740 2809 εἰδέναι
763 2743 821 2810 καὶ
841 2743 965 2828 ταχέως
996 2767 1123 2809 παντα-

169 2845 232 2923 χοῦ
240 2839 461 2922 γιγνομὲνων,
472 2841 679 2923 διαλέγοιντο
692 2846 771 2922 περί
780 2865 813 2905 τε
826 2847 892 2904 τῶν
904 2842 1015 2906 ἀλλων
1025 2863 1122 2925 ποιη-

170 2942 238 3003 τῶν
253 2936 308 3001 καὶ
318 2931 540 3019 τῆςἩσιόδου
551 2937 606 3004 καὶ
616 2944 673 3022 τῆς
679 2934 828 3023 Ὁμήρου
837 2937 1011 3022 ποιήσεως,
1023 2935 1123 3006 οὐδὲν

169 3039 232 3124 μέν
243 3031 323 3117 παρ’
337 3032 450 3102 αὑτῶν
460 3038 628 3122 λέγοντες,
644 3036 685 3105 τά
698 3036 730 3106 δ’
744 3041 881 3105 ἐκείνων
890 3041 1123 3129 ραύφδοῦντες

168 3138 223 3205 καὶ
244 3142 311 3201 τῶν
332 3135 496 3219 πρότερον
517 3134 628 3217 ἀλλοις
648 3139 735 3205 τισὶν
756 3139 941 3223 είρημένων
957 3135 997 3204 τά
1012 3142 1149 3223 χαριέθ

123 3244 155 3299 19
169 3257 271 3303 στατα
288 3235 573 3320 μνημονεύοντες·
595 3234 851 3323 ἀποδεξαμένων
869 3240 905 3304 δὲ
924 3244 992 3304 τῶν
1011 3262 1123 3321 περιε-

168 3332 305 3401 στῶτων
324 3329 387 3418 τὴν
407 3333 583 3421 διατριβὴν
602 3333 715 3403 αύτῶν
731 3338 789 3403 ἕνα
803 3333 863 3402 τόν
877 3335 1123 3421 τολμηρότατον

168 3434 374 3517 έπιχειρῆσαί
388 3457 429 3517 με
450 3436 661 3520 διαβάλλειν,
683 3430 822 3519 λέγονθ’
839 3432 883 3511 ἀς
900 3430 965 3520 έγῶ
986 3432 1122 3502 πάντων

167 3536 372 3613 ιιαταφρονῶ
385 3535 453 3597 τῶν
469 3532 643 3618 τοιούτων,
659 3533 714 3600 καὶ
729 3533 787 3611 τάς
801 3558 835 3599 τε
851 3538 1053 3617 φιλοσοφίας
1065 3524 1124 3613 τάς
1139 3547 1187 3604 ²³7

168 3633 236 3696 τῶν
250 3625 362 3697 ἀλλων
377 3629 431 3699 ιιαὶ
445 3627 503 3708 τάς
518 3634 668 3711 παιδείας
678 3627 810 3708 ἁπάσας
821 3627 958 3716 ἀναιρῶ,
974 3630 1028 3697 καὶ
1039 3633 1124 3719 φημὶ

252 3737 409 3779 mmm.
426 3724 459 3779 ΙΙ.
971 3729 989 3781 2
