2859 4334
805 144 850 233 ΠΝ

390 390 519 447 κατα
543 387 645 447 τινα
664 387 946 448 mmmm.
1102 383 1143 447 ετ

191 550 277 631 πρὸς
306 547 412 616 πολλά
446 553 703 635 φρονιμωτέρως
740 552 925 617 διακεῖσθαι
963 550 1141 634 ποιήσειεν.

146 660 180 716 16
193 649 272 736 (θ’.)
307 650 479 737 Βούλομαι
511 647 542 715 δ’
580 649 693 735 ἐπειδή
722 673 785 733 περ
823 654 868 727 είς
895 654 993 716 τοῦτο
1019 654 1142 732 προῆλ-

191 760 277 833 θον,
299 754 345 817 έτι
366 751 573 835 σαφέστερον
596 754 701 816 εἰπεῖν
720 749 796 833 περὶ
821 744 942 814 αὐτῶν.
972 747 1056 833 φημλ
1079 743 1170 831 γάρο

192 844 258 933 έγῶ
274 854 342 914 τῶν
355 847 417 934 μὲν
434 851 545 932 λδεῶν,
566 849 600 928 έξ
621 838 670 914 ῶν
691 844 772 927 τούς
786 847 908 934 λόγους
928 845 1076 923 ἅπαντας
1090 847 1144 912 καὶ

193 954 334 1036 λέγομεν
356 953 411 1016 καλ
426 956 645 1035 συντίθεμεν,
665 956 782 1036 λαβεῖν
805 945 868 1034 τήν
884 948 1067 1033 ἐπιστήμην
1082 944 1144 1013 οὐκ

193 1048 279 1117 εδναι
300 1055 368 1116 τῶν
390 1049 482 1116 πάνυ
502 1056 673 1135 χαλεπῶν,
697 1047 741 1134 ήυ
763 1076 811 1127 τις
827 1045 933 1115 αὑτὸν
947 1052 1085 1137 παραδῷ
1100 1044 1144 1132 μή

191 1163 261 1227 τοῖς
277 1152 399 1236 ῥᾳδίως
413 1145 692 1234 ὑπισχνουμένοις
714 1145 797 1216 ἀλλά
822 1162 891 1225 τοῖς
905 1146 1008 1214 εἰδόσι
1023 1173 1053 1212 τι
1069 1146 1144 1228 περὶ

190 1244 319 1314 αὐτῶν·
342 1244 378 1313 τό
395 1249 431 1315 δὲ
447 1248 577 1315 τούτων
591 1245 646 1329 ἐφ’
664 1248 789 1336 ἑκάστῳ
805 1253 872 1313 τῶν
887 1246 1093 1331 πραγμάτων
1105 1241 1144 1322 ἀς

192 1346 251 1410 δεῖ
269 1341 471 1427 προελέσθαι
495 1340 549 1408 καὶ
573 1341 664 1426 μῖξαι
687 1338 772 1423 πρὸς
796 1336 945 1425 ἀλλήλας
967 1338 1024 1407 καλ
1047 1338 1141 1422 τάξαι

194 1442 279 1513 κατά
309 1444 455 1529 τρόπον,
487 1449 533 1511 ἔτι
562 1442 601 1509 δέ
626 1448 695 1508 τῶν
722 1447 847 1523 καιρῶν
874 1439 919 1527 μὴ
946 1446 1140 1529 διαμαρτεῖν

191 1537 277 1608 ἀλλά
293 1544 427 1620 καὶτοῖς
443 1543 655 1629 ἐνθυμήμασι
667 1543 861 1627 πρεπόντως
876 1540 958 1611 ὅλον
967 1540 1141 1626 τὸνλόγον
1154 1550 1171 1605 δ

192 1648 425 1708 καταποικῖλαι
440 1643 577 1718 παλτοῖς
591 1638 755 1725 ὀνόμασιν
768 1638 948 1726 εὐρύθμως
960 1643 1013 1708 καλ
1025 1659 1146 1727 μουσι-

142 1746 176 1801 17
194 1745 263 1816 πῶς
278 1743 398 1824 εἰπεῖν,
419 1745 523 1805 ταῦτα
546 1739 582 1807 δέ
598 1746 723 1825 πολλῆς
738 1741 922 1824 ἐπιμελείας
942 1744 1073 1807 δεῖσθαι
1092 1743 1145 1806 καὶ

194 1846 303 1923 ψυχῆς
319 1834 480 1924 ἀνδρικῆς
493 1840 550 1905 καὶ
567 1842 761 1923 δοξαστικῆς
778 1843 878 1923 ἔργον
893 1836 988 1925 εἶναι,
1006 1842 1061 1907 καὶ
1075 1844 1145 1907 δεῖνι

193 1964 254 2005 του
269 1938 331 2024 μὲν
348 1933 505 2024 μαθητήν
516 1934 598 2022 πρὸς
613 1943 658 2027 τῷ
676 1934 738 2022 τήν
754 1937 860 2022 φύσιν
878 1942 964 2023 ἔχειν
980 1942 1056 2005 οἵαν
1072 1937 1145 2025 χρὴ,

193 2036 234 2105 τά
241 2038 302 2123 μὲν
315 2041 385 2124 ελδη
397 2034 437 2105 τά
452 2044 520 2104 τῶν
534 2036 647 2123 λόγων
660 2046 796 2122 μαθεῖν,
809 2039 883 2119 περὶ
896 2039 932 2105 δὲ
944 2035 1002 2117 τάς
1012 2038 1146 2124 χρήσεις

195 2134 308 2204 αὐτῶν
321 2143 580 2223 γυμνασθῆναι,
602 2134 662 2204 τόν
678 2138 713 2203 δὲ
730 2136 932 2204 διδάσκαλον
953 2135 993 2203 τά
1009 2140 1071 2224 μέν
1085 2136 1146 2205 οὕ-

194 2264 260 2316 τως
275 2236 421 2325 ἀκριβῶς
441 2231 515 2305 οἷόν
535 2233 566 2303 τ’
590 2234 674 2304 εἶναι
690 2240 838 2305 διελθεῖν
863 2234 945 2303 ὥστε
960 2238 1064 2322 μηδὲν
1078 2244 1146 2305 τῶν

118 2397 125 2405 ,
194 2341 360 2404 διδακτῶν
374 2347 592 2423 παραλιπεῖν,
614 2338 690 2421 περὶ
708 2340 744 2403 δὲ
759 2342 827 2402 τῶν
842 2344 970 2405 λοιπῶν
988 2344 1169 2405 τοιούτους

145 2450 183 2505 18
197 2434 303 2505 αὑτόν
320 2438 529 2524 παράδειγμα
545 2451 728 2522 παρασχεῖν
738 2433 821 2503 ῶστε
835 2433 914 2514 τοὺς
930 2439 1144 2505 έιιτνπωθέν-

194 2564 252 2615 τας
269 2537 324 2604 καὶ
337 2537 547 2624 μιμήσασθαι
561 2540 771 2621 δυναμένους
787 2532 892 2613 εὐθὺς
913 2534 1146 2624 ἀνθηρότερον

194 2638 251 2704 παλ
264 2637 477 2720 χαριέστερον
493 2641 561 2701 τῶν
575 2632 688 2704 ἀλλων
705 2640 888 2719 φαίνεσθαι
904 2636 1069 2720 λέγοντας.
1092 2638 1146 2705 καὶ
1172 2676 1174 2680 v

196 2733 326 2801 τούτων
347 2731 410 2819 μέν
427 2730 586 2799 ἀπάντων
601 2734 843 2819 συμπεσόντων
863 2741 993 2812 τελείως
1014 2737 1146 2815 ἕξουσιν

196 2838 231 2901 οί
245 2838 525 2918 φιλοσοφοῦντες·
549 2830 628 2899 καθ’
648 2828 668 2899 ό
685 2830 716 2899 δ’
734 2827 778 2899 ἀν
793 2835 954 2922 έλλειφθή
968 2862 999 2901 τι
1014 2842 1082 2901 τῶν
1098 2841 1144 2902 εἰ·
1162 2846 1211 2901 29⁵

197 2932 364 3019 ρημένων,
379 2928 510 3016 ἀνάγκη
524 2931 628 3020 ταάτη
638 2945 750 3018 χεῖρον
764 2935 952 3001 διακεῖσθαι
967 2932 1046 3013 τούς
1062 2943 1145 3020 πλη-

195 3031 376 3112 σιάζοντας.

144 3134 184 3191 ¹9
282 3132 345 3215 (ι’.)
361 3136 407 3199 οί
415 3132 478 3219 μέν
488 3124 553 3199 οάν
564 3130 639 3216 ἀρτι
651 3138 719 3198 τῶν
731 3139 901 3216 σοφιστῶν
915 3129 1144 3218 ἀναφυόμενοι

196 3227 977 3315 καὶνεωστίπροσπεπτωκότεςταῖςάλαζονείαις,
986 3236 1015 3297 εί
1021 3232 1146 3298 καλοῦν

195 3330 450 3412 πλεονάζουσιν,
467 3323 506 3397 εὖ
523 3326 587 3397 οἷδ’
604 3328 655 3397 ότι
669 3330 791 3406 πάντες
807 3331 859 3396 έπλ
867 3329 993 3415 ταύτην
1010 3354 1144 3396 κατενε-

195 3430 381 3518 χθήσονται
396 3427 458 3515 τήν
475 3427 653 3497 ὑπόθεσιν.
682 3427 764 3507 (ια’.)
786 3429 906 3495 Λοιποὶ
921 3425 953 3493 δ’
968 3426 1048 3514 ἡμῖν
1063 3429 1146 3496 είσλν

196 3534 232 3597 οί
251 3527 316 3615 πρό
337 3527 434 3616 ἡμῶν
453 3524 632 3616 ’γενόμενοι
652 3530 707 3595 καὶ
726 3524 784 3605 τάς
809 3530 1017 3613 καλουμένας
1031 3527 1147 3612 τέχνας

195 3640 325 3717 γραυαι
338 3628 568 3718 τολμήσαντες,
583 3624 643 3709 οδς
653 3623 715 3695 οάκ
727 3623 869 3711 ἀφετέον
880 3623 1144 3709 ἀνεπιτιμήτους
