2859 4334
275 338 297 391 X
669 340 876 397 PRAEFATIO

273 491 309 551 ἀν
332 498 422 551 Turn:
449 497 538 569 μηδὲν
564 493 601 553 ἀν
626 502 653 553 Γ
672 498 723 554 Bk.
747 498 831 555 Dobr.
863 500 948 565 (sicut
969 499 1071 559 dicitur
1093 495 1181 555 οῦδὲν
1205 498 1282 568 ὑγιές

275 564 395 639 τοῦτου),
414 568 524 638 μηδένα
543 589 568 624 v.
589 602 620 610 -
642 576 673 623 21
695 568 992 640 παρακολουθήσασαν
1011 590 1036 626 v.
1052 603 1085 612 —
1102 569 1133 625 έν
1148 579 1207 633 τοῖς
1221 571 1282 626 Cor.

276 643 300 692 Γ
315 638 380 694 Bk:
399 648 465 703 τοῖς.
484 673 519 682 -
538 643 607 709 περί
622 660 656 710 με
678 644 704 693 Γ
720 642 813 694 Turn:
836 642 902 711 περὶ
925 637 984 711 έμέ,
1005 674 1036 681 -
1057 638 1284 712 ὁμολογουμένης

272 714 309 772 P:
328 712 377 779 τῆς
395 707 472 779 ὁμολ.
492 712 526 767 cf.
545 718 560 778 ξ
581 719 632 767 260
651 706 729 781 (μήτε
749 712 799 781 τῆς
822 709 899 780 ὁμολ.
919 708 991 781 μήθ’
1015 706 1051 782 ἣν
1070 714 1104 769 ci.
1123 714 1228 781 Βοὴ).
1247 743 1283 754 -

273 781 332 853 μοι]
353 779 415 851 ἐμοὶ
431 800 456 836 v.
476 814 509 824 —
530 789 563 836 22
583 778 793 852 ἀντικατηγοριῦ
813 782 898 839 wolfi
919 784 978 839 Cor.
1000 786 1026 837 Γ
1042 784 1105 837 Bk:
1132 780 1284 853 ἀντικατη-

273 854 373 921 γορῶν,
391 852 488 909 addito
512 855 665 923 γενήσομαι
684 856 749 908 ante
768 854 816 907 καὶ
834 851 936 923 λέγειν.
952 886 984 894 -
999 856 1068 923 περί
1080 874 1134 923 μου
1151 860 1177 909 Γ
1189 856 1284 910 Turn:

272 923 336 991 περὶ
356 920 422 993 ’μοῦ
446 927 485 993 Ε,
509 924 574 992 περὶ
597 920 667 1010 ἐμοῦ
690 942 716 979 v.
734 954 771 965 -
788 920 988 994 ἀνεπιτήδειον
1011 921 1176 995 τολμώντων
1202 927 1282 981 codd.

272 997 383 1084 praeter
409 1012 443 1064 pr
467 1000 503 1062 Γγ
531 1000 695 1064 τολμωντων
718 994 796 1050 uncis
819 994 934 1050 inclusit
959 996 1023 1064 Bk„
1051 997 1104 1050 del.
1129 997 1174 1051 Bc.
1195 1030 1227 1037 -
1247 1004 1283 1052 23

273 1061 414 1134 υπεριδάν
429 1105 457 1119 ..
478 1068 661 1134 φθονοῦντας
681 1068 707 1119 Γ
722 1066 788 1120 Bk:
811 1062 956 1135 ῦπεριδὼν
980 1064 1017 1128 ὡς
1035 1069 1229 1134 φθονοῦντας.
1248 1100 1282 1109 -
1355 1085 1356 1092 ’

273 1136 320 1190 καὶ
338 1140 402 1191 ante
421 1138 562 1207 πειρῶμαι
581 1138 642 1191 add.
666 1139 691 1190 Γ
706 1135 758 1191 Bk.
778 1168 812 1178 -
826 1140 896 1207 περί
909 1158 963 1207 μου
985 1142 1011 1191 Γ
1027 1139 1119 1193 Turn:
1138 1137 1204 1206 περὶ
1215 1134 1284 1209 ’μοῦ

273 1211 305 1274 Β,
324 1208 388 1276 περὶ
408 1202 477 1277 έμοῦ
498 1228 522 1261 v.
541 1239 576 1248 —
596 1204 643 1262 διὰ
668 1209 734 1275 post
756 1200 775 1277 ἢ
798 1208 862 1263 cdd.
884 1212 911 1261 Γ
926 1208 976 1263 Bk.
1000 1208 1044 1280 (ci.
1064 1210 1160 1278 Wolf.)
1180 1241 1213 1250 —
1233 1206 1282 1264 ἀλ-

271 1277 380 1403 γήφειν]
404 1280 500 1333 malim
524 1274 620 1366 ἀλγεῖν
644 1274 782 1403 ποὶήσειν.
806 1310 851 1405 R
863 1272 975 1405 ιὶἀνΒιΓ
990 1280 1041 1333 Bk.
1065 1280 1109 1405 (φὶ.
1134 1280 1220 1406 ῼοτῇι
1247 1278 1285 1366 ἀμ
1355 1305 1356 1316 ³

272 1369 372 1488 ἶῗὲῥιι.
396 1350 827 1505 ζηέῖἔὲἔὲἷιῖαλὲἀὲῦᾞ
850 1426 885 1475 τι
908 1370 1284 1513 μιέλξῖαξέιέ“έόιῖμ-”

272 1492 1081 1633 {fitss'W-‘Zss‘zf5¹11„3532⁶ff²32322s22¹35⁰2³5
1098 1492 1162 1619 335:
1178 1492 1285 1619 ῦΒῦιῖ

273 1665 306 1717 T
325 1631 481 1721 διενοήθην
507 1632 610 1717 εἰπεζν·
635 1630 713 1703 οἶμαι
736 1650 762 1688 v,
781 1666 813 1673 —
835 1631 962 1722 φανερρν
987 1638 1018 1690 Γ.
1044 1666 1081 1723 ·-‚
1097 1641 1132 1691 26
1156 1637 1250 1721 λοῦσαι
1270 1643 1284 1701 5

272 1701 1046 1846 caca·fflccff‘c&34012330322'33
1061 1724 1285 1846 ἶῖἷῗζῖἰεζῗῦ

273 1848 333 1901 Cor.
350 1850 376 1901 Γ
387 1848 452 1902 Bk.:
470 1842 655 1914 παρακελεῦω
674 1840 712 1915 μή
731 1854 830 1901 πονεῖν
849 1847 898 1902 καλ
915 1844 953 1917 μή
972 1846 1128 1916 προσέχειν.
1147 1879 1180 1889 -
1196 1846 1284 1918 δυνή-

271 1936 349 1972 σεται
369 1935 394 1970 v.
414 1947 447 1959 -
466 1922 501 1971 28
525 1912 777 2043 dunuccfccm'vcvc
802 1921 832 1973 Γ.
854 1950 885 1958 -
905 1925 939 1973 29
959 1913 1029 1982 ὅλως
1052 1917 1084 1975 δὲ
1104 1918 1237 1988 καὶπερὶ
1257 1940 1284 1975 v.

271 2020 305 2029 -
323 1988 389 2057 περὶ
407 1985 458 2051 τάς
475 1985 575 2056 τέχνας
593 2008 633 2073 κα
666 1990 731 2042 add.
753 1992 778 2042 Γ
792 1990 844 2044 Bk.
863 2020 898 2032 -
917 1987 1117 2060 διοικήσοντας
1134 2009 1159 2046 v.
1178 2021 1215 2031 —
1233 2012 1284 2062 με·

272 2059 1284 2199 ἒῖἔέῗ’ῗ,ἰ“ιῖήέ.’Ῐλέιῗιῗῦλὲῦῗοάθῦιάθέιοῗέῖῗ5ὶάἶέ

272 2218 346 2271 pocr.
366 2220 385 2256 s.
405 2218 430 2257 v.
450 2200 551 2271 Anger.
573 2204 599 2255 Γ
614 2201 679 2255 Bk.:
700 2196 912 2272 ἐλαφροτέρους.
928 2235 960 2241 -
976 2200 1018 2256 έτι
1031 2198 1097 2265 τοῦς
1112 2206 1139 2257 Γ
1150 2204 1201 2257 Bk.
1217 2221 1283 2259 cum

271 2272 362 2328 Stcb.:
383 2269 424 2326 ἔτι
443 2268 474 2326 δὲ
494 2268 559 2333 τοῦς
572 2289 598 2325 v.
614 2272 700 2328 clem.
717 2303 749 2311 —
764 2269 812 2327 ἀεὶ
830 2290 884 2329 om.
900 2272 996 2340 clem„
1014 2273 1089 2328 idem
1107 2292 1158 2343 pro
1173 2276 1283 2330 διακει-

270 2341 373 2413 μένους
391 2343 477 2397 habet
499 2336 774 2413 ἀναστρεφομένους.
795 2374 828 2384 -
847 2340 879 2399 έν
902 2339 1013 2416 αῦταῐς]
1035 2341 1106 2414 πρὸς
1128 2340 1218 2407 αῦτάς
1236 2347 1283 2403 Hi.

276 2448 302 2453 --
327 2420 361 2469 32
385 2410 585 2482 ἐξισταμένους
607 2414 667 2469 Gor.
692 2431 756 2467 cum
779 2413 865 2471 Glem.
890 2414 968 2470 Stob.
996 2418 1022 2469 Γ
1046 2416 1112 2470 Bk:
1135 2412 1283 2481 ἐξανιστα-

270 2482 379 2555 μένους.
404 2516 437 2525 -
462 2480 648 2554 ἐπιμένοντας
675 2483 761 2540 Clem.
785 2516 820 2526 -
842 2486 875 2558 τῇ
904 2488 968 2554 post
993 2482 1072 2552 τάξει
1093 2485 1156 2541 οῦδ.
1183 2490 1209 2540 Γ
1229 2488 1282 2543 Bk.

270 2562 334 2625 (om.
360 2554 437 2611 Scob.
461 2555 568 2625 Olea).
590 2588 619 2595 -
640 2552 806 2625 γενομένοις
827 2557 892 2612 maL
917 2556 977 2611 Cor.
998 2588 1031 2596 -
1051 2557 1100 2612 καὶ
1122 2560 1187 2626 post
1209 2553 1282 2612 ἀλλά

270 2627 332 2681 add.
357 2631 381 2680 Γ
397 2627 446 2681 Bk.
471 2631 534 2695 (om.
555 2626 640 2683 Clem.
661 2627 758 2695 stoc).
778 2658 812 2667 -
830 2628 954 2689 τελείους
972 2626 1058 2682 clem.
1079 2628 1156 2683 stob.
1175 2646 1202 2682 v.
1221 2629 1284 2686 Ba:

269 2696 381 2759 τελέους
409 2700 457 2752 ΓΛ
484 2697 535 2752 Bk.
561 2729 591 2738 -
620 2704 653 2753 33
676 2698 766 2752 ταῦτα
792 2695 955 2768 γιγνώσκων
981 2694 1110 2768 τυγγάνω
1134 2717 1160 2752 v.
1180 2730 1212 2739 -
1233 2702 1285 2770 ,τῆς

270 2765 397 2823 Ἠσιόδου
421 2767 471 2823 καλ
492 2768 542 2837 τῆς
564 2767 627 2823 cdd.
653 2772 680 2821 Γ
698 2767 749 2821 Bk.
770 2799 804 2809 -
823 2765 857 2822 τά
886 2764 1004 2824 ἐκείνων
1027 2788 1054 2825 v.
1074 2770 1285 2837 -ληροῦντας

270 2837 303 2893 τὰ
329 2838 393 2907 περὶ
417 2857 442 2893 v.
466 2836 511 2908 (τά
536 2838 590 2893 dcl.
619 2839 651 2893 ολ
673 2837 754 2907 (λοι).
772 2869 809 2880 -
827 2846 861 2894 34
881 2838 939 2893 ἔστι
957 2835 986 2894 δ’
1006 2857 1112 2896 accrr.
1131 2841 1224 2895 estin
1245 2848 1284 2908 Γ;

270 2906 375 2978 ἀνδρὸς
392 2926 447 2966 om.
465 2927 500 2979 pr
519 2912 550 2964 Γ.
571 2940 603 2949 -
623 2903 658 2979 ἢν
678 2908 728 2978 ἔχῃ
752 2908 814 2966 Cor.
835 2913 861 2964 Γ
876 2911 942 2965 Bk:
965 2904 1001 2979 ἣν
1025 2909 1092 2982 ἔχει
1113 2942 1144 2950 -
1164 2907 1239 2981 ῦπέρ
1262 2918 1286 2966 Γ

270 2982 333 3035 Bk:
358 2980 422 3048 περὶ
445 2998 471 3035 v.
493 3011 524 3019 -
543 2974 561 3049 ἢ
580 2980 645 3048 περὶ
660 3020 688 3035 ..
713 2980 767 3050 έχω
792 3002 819 3034 τι
842 2984 868 3035 Γ
884 2982 947 3035 Bk.:
971 2982 1037 3050 περὶ
1053 2978 1114 3108 γὰρ
1129 3022 1158 3035 ..
1178 2980 1282 3053 ἔχομεν

270 3070 294 3107 v.
314 3082 347 3090 -
367 3057 401 3105 35
421 3046 452 3105 έν
471 3048 564 3119 λόγοις
584 3056 610 3104 Γ
626 3052 719 3106 Turr.=
743 3048 775 3107 έν
797 3058 856 3113 τοῖς
877 3048 972 3121 λόγους
990 3071 1030 3121 ν.,
1068 3072 1084 3106 ν
1104 3059 1162 3115 τοῖς
1179 3057 1203 3107 λ.
1224 3062 1284 3118 τοῖς

269 3124 344 3188 Con,
372 3118 404 3177 έν
427 3118 521 3190 λόγοις
551 3122 633 3193 [τοῖς]
658 3122 707 3177 Bk.
729 3154 762 3163 -
782 3129 814 3178 37
839 3118 914 3193 ὅμως
940 3123 1002 3177 add.
1032 3128 1058 3177 Γ
1077 3124 1127 3177 Bk.
1152 3153 1186 3166 -
1205 3120 1285 3181 ἐστὶν

269 3188 363 3248 αῦτοῦν
387 3211 413 3247 v.
433 3223 466 3232 —
478 3212 524 3281 με
548 3193 612 3246 add.
638 3196 664 3247 Γ
683 3193 735 3250 Bk.
758 3224 793 3234 -
817 3189 940 3262 ἀπείρως
959 3213 985 3249 v.
1005 3224 1038 3236 -
1057 3192 1284 3265 καταδεέστερον

273 3267 326 3318 ΓΕ.
348 3294 380 3304 -
400 3266 434 3319 38
457 3282 491 3318 ευ
514 3261 607 3332 λέγειν
631 3282 657 3318 v.
677 3295 710 3305 -
734 3260 965 3332 ἀπανθρωπίνως
989 3267 1019 3320 Γ.
1039 3296 1073 3307 -
1093 3271 1128 3322 89
1151 3264 1206 3355 πρὸ
1231 3270 1284 3322 τοῦ

268 3330 378 3404 ἀγῶνος
401 3352 465 3390 cum
486 3334 520 3391 K.
549 3334 765 3405 circumscripsi:
789 3332 843 3405 πρὸ
867 3331 977 3403 ἀγῶνος
999 3336 1057 3403 Bc,
1080 3332 1135 3406 πρὸ
1156 3338 1286 3408 ταγῶνος

269 3405 350 3461 Fuhr.
370 3436 405 3447 -
422 3409 571 3460 ποιεῖσθαι
589 3405 654 3474 περὶ
673 3401 761 3467 αῦτ”ς
779 3425 804 3460 v.
820 3437 853 3445 -
868 3414 902 3461 40
922 3404 971 3469 τὰς
989 3403 1086 3470 πόλεις
1104 3413 1166 3470 ταῖς
1184 3405 1286 3465 πόλεσι

269 3495 377 3544 παριστ.
397 3477 462 3531 mal.
482 3477 533 3530 Bk.
554 3507 588 3517 -
606 3471 720 3530 ἅπαντα
762 3478 835 3532 uhr.=
861 3474 962 3531 πάντα.
983 3509 1016 3519 -
1035 3486 1097 3540 ταῖς
1119 3474 1215 3533 πάντα
1235 3477 1286 3536 τὸν

269 3544 369 3617 χρόνον
389 3542 487 3616 ἀργειν
506 3565 532 3600 v.
552 3554 637 3601 --41
659 3549 750 3619 σκοπῇ
775 3567 805 3603 τε
829 3548 877 3602 καὶ
896 3549 930 3602 ci.
951 3550 1012 3605 Cor.
1033 3579 1065 3589 -
1085 3547 1239 3623 παραβάλῃ
1260 3573 1285 3607 v.

273 3652 298 3657 -=
317 3615 542 3686 πολιτευομένων
562 3618 652 3688 poscit
670 3618 720 3673 Bk.
738 3652 769 3658 -
791 3614 964 3688 εῦεργεσιάις
986 3619 1087 3675 rssk.=
1106 3617 1286 3691 εάτραγίαις.

273 3718 301 3729 -
322 3695 356 3744 42
374 3686 545 3758 γενομένους
566 3708 589 3743 υ.
609 3719 644 3729 -
659 3683 799 3759 Ἀγαιΐδας
819 3694 865 3745 ΓΛ
883 3690 949 3748 Bk:
966 3686 1101 3759 Ἀχαΐδας.
1118 3722 1151 3732 -
1166 3699 1202 3747 44
1217 3689 1284 3749 έκα-
