2859 4334
301 412 345 475 οο
578 411 977 488 manorum

255 592 288 647 ιθ
301 577 426 658 τέροιςς
447 570 467 639 δ’
481 572 517 639 δὲ
532 572 670 638 πάντων
687 568 864 657 ἀλγιστον,
885 567 968 636 ὅταν
982 596 1032 647 τις
1044 574 1101 657 Ιδη
1117 575 1250 655 χωριζο-

304 676 427 755 μένους
442 666 501 736 ἀπ’
518 667 672 755 ἀλλήλων
685 666 731 755 μὴ
750 669 859 755 μόνον
873 675 1009 746 πολίτας
1024 665 1090 735 ἀπό
1106 674 1250 736 πολιτῶν

304 766 388 837 ἀλλά
412 770 467 835 καὶ
487 782 649 852 γυναῖκας
669 764 728 833 ἀπ’
755 764 892 851 ἀνδρῶν
906 768 962 833 καί
981 771 1173 851 θυγατέρας
1185 760 1250 830 ἀπὸ

304 870 456 956 μητέρων
469 870 523 935 καλ
547 874 659 934 πᾶσαν
677 866 740 951 τὴν
755 870 953 953 συγγένειαν
968 859 1210 953 διαλυομένην,
1232 861 1251 930 δ

304 977 439 1045 πολλοῖς
462 975 531 1035 τῶν
552 965 724 1053 ἡμετέρων
762 974 910 1034 πολιτῶν
948 964 1004 1033 διὰ
1024 963 1087 1051 τὴν
1107 962 1251 1046 ἀπορίαν

303 1068 530 1152 συμβέβηκεν·
557 1062 575 1132 ὁ
591 1062 656 1150 γάρ
674 1064 788 1141 κοινός
808 1072 882 1149 βίος
897 1062 1080 1141 ἀπολωλώς
1094 1068 1181 1141 ἰδίας
1194 1059 1275 1137 τάςὴ

256 1185 291 1237 ω
306 1165 440 1240 ἐλπίδας
466 1164 606 1229 ἕκαστον
642 1158 738 1249 ἡμῶν
765 1163 853 1248 ἔχειν
877 1168 1068 1247 πεποίηκεν.
1101 1160 1192 1247 οἶμαι
1218 1155 1248 1226 δ’

305 1258 392 1347 ὑμᾶς
406 1257 486 1328 οὐδὲ
503 1259 562 1338 τὰς
582 1259 684 1337 ἀλλας
706 1262 867 1345 αἰσχύνας
886 1259 1024 1346 ἀγνοεῖν
1046 1258 1106 1339 τὰς
1123 1258 1178 1326 διά
1193 1284 1251 1324 πε-

307 1368 382 1429 νίαν
397 1362 451 1427 καλ
468 1356 582 1445 φυγὴν
596 1361 809 1445 γιγνομένας,
826 1356 865 1437 ἀς
879 1358 973 1445 ἡμεῖς
988 1366 1028 1446 τῇ
1043 1362 1106 1444 μὲν
1121 1364 1251 1444 διανοίᾳ

304 1457 534 1545 χαλεπώτερον
548 1464 616 1524 τῶν
629 1456 742 1525 ἀλλων
757 1460 914 1543 φέρομεν,
930 1464 975 1547 τῷ
991 1460 1026 1525 δὲ
1044 1458 1133 1547 λόγῳ
1144 1481 1253 1540 παρα-

305 1565 479 1642 λείπομεν,
502 1557 736 1643 αἰσχυνόμενοι
759 1564 835 1624 λίαν
855 1554 1002 1644 ἀκριβῶς
1022 1555 1081 1635 τάς
1095 1554 1253 1642 ἡμετέρας

305 1654 419 1725 αὐτῶν
436 1654 571 1743 ἀτυχίας
586 1659 753 1737 ἐξετάζειν.

259 1784 288 1837 51
390 1757 458 1834 (κ’.)
475 1747 537 1822 'av
554 1752 679 1834 αύτούς
692 1753 780 1840 ὑμᾶς
794 1752 954 1839 ἀξιοῦμεν
975 1754 1253 1838 ἐνθυμουμένους

306 1853 496 1940 ἐπιμέλειάν
510 1881 586 1921 τινα
600 1855 807 1941 ποιήσασθαι
822 1854 896 1935 περὶ
909 1850 1015 1939 ἡμῶν.
1029 1852 1159 1936 καὶγὰρ
1172 1846 1248 1916 οὐδ’
1262 1869 1276 1905 c

306 1951 475 2037 ἀλλότριοι
491 1954 702 2039 τυγχάνομεν
718 1951 798 2038 ὑμῖν
814 1951 918 2035 ὅντες,
936 1949 1020 2019 ἀλλά
1036 1966 1107 2029 ταῖς
1117 1952 1180 2036 μέν
1197 1946 1254 2015 εύ-

307 2059 414 2131 νοίαις
431 2050 574 2130 ἅπαντες
589 2057 723 2137 οίκεῑοι,
746 2058 785 2140 τῇ
810 2050 846 2119 δὲ
867 2058 1044 2139 συγγενείᾳ
1065 2046 1102 2117 τό
1125 2056 1254 2135 πλῆθος

307 2149 418 2238 ἡμῶν·
442 2148 497 2218 διά
516 2153 580 2237 γὰρ
594 2149 653 2230 τὰς
675 2153 849 2236 ἐπιγαμίας
863 2149 922 2228 τὰς
936 2155 1093 2226 δοθείσας
1107 2151 1144 2217 ἐκ
1158 2157 1254 2215 πολι-

306 2255 407 2317 τίδων
428 2246 598 2335 ὑμετέρων
618 2249 820 2336 γεγόναμεν·
849 2244 928 2314 ὥστ’
954 2243 1015 2331 ούχ
1032 2244 1108 2313 οἷόν
1121 2243 1159 2313 θ’
1176 2242 1255 2331 ύμῖν

261 2365 294 2417 52
312 2347 484 2437 ἀμελῆσαι,
499 2350 574 2434 περὶ
592 2339 641 2416 ἀν
658 2349 872 2435 ἐληλύθαμεν
890 2345 1096 2431 δεησόμενοι.
1121 2343 1254 2429 καὶγὰρ

308 2445 351 2516 ἀν
361 2448 498 2515 πάντων
510 2457 561 2533 είη
571 2448 775 2527 δεινότατον,
789 2452 818 2514 εί
828 2444 993 2528 πρότερον
1004 2446 1066 2530 μὲν
1076 2440 1158 2529 ἡμῖν
1167 2446 1253 2529 μετέ-

309 2553 384 2616 δοτε
399 2554 456 2632 της
471 2550 629 2628 πατρίδος
649 2554 707 2632 τῆς
721 2545 880 2633 ὑμετέρας
895 2542 1024 2629 αὐτῶν,
1042 2552 1108 2611 νῦν
1123 2546 1159 2611 δὲ
1174 2542 1256 2629 μηδὲ

308 2646 370 2735 τὴν
393 2645 557 2734 ἡμετέραν
581 2644 769 2714 ἀποδοῦναι
795 2646 922 2727 δόξειεν
936 2643 1025 2731 ὑμῖν.
1059 2640 1162 2713 ἔπειτ’
1178 2639 1253 2710 οὐδ’

310 2745 397 2824 είκός
412 2749 471 2813 ἕνα
485 2747 547 2832 μὲν
561 2747 701 2813 ἕκαστον
715 2749 879 2814 ἐλεεῖσθαι
895 2754 963 2812 τῶν
974 2742 1064 2827 παρὰ
1075 2742 1112 2810 τό
1126 2742 1281 2813 δίκαιονά

311 2846 586 2931 δυστυχούντων,
616 2844 700 2931 ὅλην
721 2846 757 2912 δὲ
777 2848 876 2913 πόλιν
896 2843 1004 2921 οὕτως
1024 2840 1159 2927 ἀνόμως
1188 2848 1257 2909 διε-

312 2947 513 3030 φθαρμένην
527 2946 610 3030 μηδὲ
625 2941 707 3011 κατά
726 2943 847 3029 μικρόν
863 2955 976 3013 οἴκτου
992 2948 1184 3028 δυνηθῆναι
1198 2968 1256 3009 τυ-

310 3056 392 3133 χεῖν,
407 3042 514 3120 ἄλλως
528 3068 562 3108 τε
573 3045 628 3110 καλ
639 3041 713 3126 παρ’
728 3041 815 3127 ὑμᾶς
825 3050 1097 3127 καταφυγοῦσαν,
1115 3036 1164 3118 οἷς
1179 3038 1257 3107 οὐδὲ

311 3137 348 3207 τό
365 3138 529 3224 πρότερον
545 3147 687 3227 αἰσχρῶς
704 3138 779 3208 οὐδ’
797 3139 922 3219 ἀκλεῶς
936 3139 1043 3227 ἀπέβη
1056 3136 1136 3217 τούς
1150 3141 1258 3213 ίκέτας

265 3248 299 3305 οδ
314 3238 496 3324 ἐλεήσασιν.
539 3240 633 3327 (κά.)
652 3238 841 3309 Ἐλθόντων
863 3238 928 3325 γὰρ
944 3237 1100 3324 Ἀργείων
1122 3234 1166 3315 ἀς
1182 3235 1259 3313 τούς

312 3337 503 3424 προγόνους
520 3335 616 3424 ύμύν
627 3343 681 3408 καὶ
699 3343 892 3427 δεηθέντων
909 3336 1088 3406 ἀνελέσθαι
1103 3335 1181 3414 τούς
1192 3333 1256 3402 ὑπὸ

312 3446 352 3527 τῇ
367 3443 516 3527 Καδμείᾳ
536 3439 812 3525 τελευτήσαντας,
838 3441 1031 3515 πεισθέντες
1046 3432 1104 3502 ὑπ’
1122 3438 1258 3503 ἐκείνων

313 3539 368 3605 καὶ
384 3544 551 3624 Θηβαίους
571 3534 820 3623 ἀναγκάσαντες
836 3537 1087 3624 βουλεύσασθαι
1107 3531 1279 3618 νομιμύ-Ε

313 3659 411 3712 τερον
426 3632 468 3700 ού
482 3633 591 3715 μόνον
604 3633 697 3701 αὐτοὶ
714 3632 786 3701 κατ’
805 3638 953 3711 ἐκείνους
964 3632 1041 3709 τούς
1052 3628 1192 3713 καιρούς
1204 3626 1256 3696 εύ-
