2859 4334
748 142 813 154 *V

310 365 370 426 106
585 366 987 445 ιεοπνκνονερι)

307 531 419 594 δοκεῖν
440 523 588 602 ἀδικεῖν,
611 521 691 603 τούς
711 524 748 591 δὲ
764 525 955 607 δικάζοντας
971 530 1155 614 ἐπιορκεῖν,
1178 529 1268 611 ὅλως

306 625 342 691 δὲ
356 620 419 709 τὴν
433 625 496 707 μὲν
510 618 674 708 ἀλήθειαν
688 619 858 708 ἀφανίζει,
874 630 981 712 ψευδῆ
994 626 1029 694 δὲ
1041 630 1142 709 δόξαν
1153 656 1268 713 παρα-

305 724 453 807 στήσασα
468 734 536 799 τοῖς
551 718 738 790 ἀκούουσιν
752 718 794 788 δν
809 718 852 789 ἀν
863 725 945 812 τύχη
956 732 1023 792 τῶν
1035 735 1180 795 πολιτῶν
1190 726 1268 797 ἀδί-

262 836 293 889 19
309 848 375 900 κως
389 820 592 900 ἀπύλλυσινς
610 818 632 887 δι’
646 825 836 907 φυλακτέον
847 825 952 909 ἐστὶν,
969 822 1059 904 ὅπως
1069 830 1174 911 μηδὲν
1186 824 1268 912 ύμῖν

307 921 511 1008 συμβήσεται
534 928 706 1008 τοιοῦτον,
730 920 808 1008 μηδ’
834 920 856 989 δι’
876 938 944 1002 τοῖς
965 923 1077 1004 ἀλλοις
1100 921 1144 993 ἀν
1160 930 1267 993 ἐπιτι-

306 1021 455 1108 μήσαιτε,
470 1019 601 1101 τούτοις
612 1019 707 1089 αὐτοὶ
723 1024 917 1109 φανήσεσθε
933 1035 1191 1106 περιπίπτοντες.
1216 1023 1267 1092 ολ»
1345 1046 1346 1119 χ

307 1147 366 1206 μαι
383 1118 416 1188 δ’
440 1118 527 1207 ὑμᾶς
541 1118 604 1189 ούκ
619 1118 772 1208 ἀγνοεῖν,
794 1121 843 1189 ὅτι
861 1130 901 1211 τῇ
920 1124 1014 1191 πόλει
1028 1123 1188 1202 πολλάκις
1202 1122 1266 1191 ού-

307 1249 371 1301 τως
391 1220 455 1309 ἤδη
470 1226 668 1309 μετεμέλησε
682 1230 751 1290 των
768 1231 911 1306 κρίσεων
926 1231 994 1291 τῶν
1006 1223 1075 1309 μετ’
1093 1222 1195 1311 ἀργῆς
1210 1226 1266 1293 καὶ
1279 1239 1294 1292 h

307 1321 351 1410 μη
375 1321 446 1409 μετ’
469 1326 605 1409 ἐλέγχου
623 1325 830 1409 γενομένων,
855 1320 932 1390 ὥστ’
957 1321 998 1390 ού
1013 1322 1122 1391 πολύν
1139 1324 1266 1409 χρόνον

308 1428 508 1491 διαλιποῦσα
532 1418 622 1505 παρά
637 1421 699 1508 μὲν
713 1429 781 1487 τῶν
797 1423 1073 1507 ἐξαπατησάντων
1089 1428 1187 1508 δίκην
1200 1431 1265 1491 λα-

306 1530 380 1610 βεῖν
401 1522 609 1606 ἐπεθύμησε,
630 1517 710 1598 τούς
731 1524 766 1588 δὲ
782 1525 1024 1608 διαβληθέντας
1037 1520 1141 1607 ἡδέως
1155 1516 1199 1587 ἀν
1215 1519 1265 1587 εδ-

224 1681 228 1687 .
257 1636 293 1689 θλ)
311 1628 370 1689 δεν
392 1621 530 1707 ἄμεινον
550 1614 572 1706 ἢ
592 1619 758 1702 πρότερον
779 1621 991 1703 πράττοντας.
1023 1622 1086 1704 (ι’.)
1115 1613 1176 1688 Ὧν
1197 1618 1262 1706 χρὴ
1345 1638 1346 1695 ι

307 1720 538 1808 μεμνημένους
558 1717 602 1805 μη
625 1727 798 1805 προπετῶς
817 1719 986 1788 πιστεύειν
999 1736 1067 1800 τοῖς
1081 1730 1148 1788 τῶν
1159 1746 1265 1805 κατη-

306 1820 419 1908 γόρων
440 1818 566 1904 λόγοις,
589 1818 672 1904 μηδὲ
693 1815 775 1903 μετὰ
796 1819 952 1905 θορύβου
972 1821 1026 1888 καὶ
1042 1819 1265 1905 χαλεπότητος

307 1918 497 2002 ἀκροᾶσθαι
511 1925 579 1985 τοῖν
593 1914 885 2003 ἀπολογουμένων.
909 1919 963 1985 καὶ
977 1916 1041 2003 γάρ
1056 1916 1194 2004 αίσχρόν
1208 1920 1264 1985 ἐπὶ

309 2023 369 2089 μὲν
389 2026 457 2086 τῶν
471 2014 584 2085 ἄλλων
597 2017 802 2101 πραγμάτων
820 2018 1119 2102 έλεημονεστάτους
1136 2013 1290 2101 ἱεροῖο-θ

305 2128 439 2205 γεῖσθαι
451 2120 505 2184 καὶ
515 2117 723 2198 πραοτάτους
734 2113 894 2182 ἁπάντων
909 2112 993 2183 εἶναι
1004 2122 1072 2183 τῶν
1080 2113 1262 2201 Ἑλλήνων,

306 2221 358 2286 ἐπὶ
382 2218 418 2285 δὲ
437 2230 505 2293 τοῖς
525 2213 629 2301 ἀγῶσι
650 2230 719 2293 τοῖς
737 2214 860 2282 ἐνθάδε
874 2215 1087 2300 ’γιγνομένοις
1100 2210 1261 2281 τάναντία

254 2333 284 2386 21
305 2325 345 2407 τῇ
368 2316 449 2404 δόξη
464 2314 568 2403 ταύτη
582 2322 764 2399 φαίνεσθαι
778 2314 999 2399 πράττοντας·
1021 2317 1077 2382 καὶ
1092 2311 1173 2397 παρ’
1190 2317 1260 2382 ε’τέ-

306 2442 377 2498 ροις
396 2417 474 2500 μέν,
500 2412 635 2482 ἐπειδάν
655 2414 731 2496 περὶ
753 2421 859 2499 ψυχῆς
879 2410 1067 2495 άνθρύπου
1092 2414 1261 2496 δικάζωσι,

305 2520 404 2601 μέρος
424 2540 455 2581 τι
475 2520 544 2580 των
567 2512 691 2599 νήφων
714 2511 967 2599 ἀποβάλλεσθαι
989 2526 1056 2590 τοῖς
1082 2510 1260 2598 φεύγουσι,

305 2610 384 2695 παρ’
410 2609 491 2698 ύμῖν
512 2613 547 2679 δέ
567 2613 650 2698 μηδὲ
670 2619 739 2679 των
759 2622 842 2679 ἰσων
855 2612 1033 2697 τυγχάνειν
1046 2608 1126 2689 τούς
1140 2616 1261 2679 κινδυ-

306 2714 468 2791 νεύοντας
482 2726 550 2789 τοῖς
563 2718 845 2797 συκοφαντοῦσιν,
861 2708 935 2778 ἀλλ’
953 2709 1096 2797 ὀμνύναι
1108 2710 1170 2795 μὲν
1182 2705 1258 2777 καθ’
1344 2768 1345 2771 ,

305 2815 446 2879 ἕκαστον
459 2807 520 2876 τόν
535 2807 690 2877 ἐνιαυτὸν
707 2802 729 2896 ἦ
740 2808 807 2895 μὴν
818 2806 939 2894 ὁμοίως
949 2806 1176 2892 ἀκροάσεσθαι
1189 2806 1285 2875 wind

254 2926 289 2977 ’ῖῖ
306 2908 585 2996 κατηγορούντων
609 2910 750 2975 καὶτῶν
772 2903 1070 2991 ἀπολογουμένων,
1095 2916 1258 2974 τοσοῦτον

306 3007 340 3075 δέ
362 3006 398 3073 τό
420 3004 542 3092 μεταξύ
565 3020 674 3074 ποιεῖν
697 3004 781 3072 ὥστε
801 3012 869 3072 τῶν
889 3006 952 3089 μὲν
973 3008 1179 3090 αίτιωμένωυ
1194 3003 1214 3073 ὅ
1226 3031 1258 3071 τι

304 3102 349 3171 ἀν
366 3108 508 3190 λέγωσιν
525 3102 763 3190 ἀποδέχεσθαι,
786 3110 854 3169 τῶν
870 3103 906 3169 δὲ
923 3102 1064 3180 τούτους
1079 3107 1258 3189 ἐξελέγχειν

304 3206 521 3289 πειρωμένων
542 3208 646 3273 ἐνίοτε
667 3203 749 3289 μηδὲ
762 3200 824 3288 τὴν
841 3201 961 3289 φωνην
976 3200 1164 3281 ἀκούοντας
1180 3202 1242 3270 άυέ

303 3313 438 3390 χεσθαι,
457 3305 512 3371 καὶ
526 3310 671 3387 νομίζειν
688 3306 750 3386 μὲν
764 3299 941 3389 ἀοικήτους
957 3300 1041 3369 εἶναι
1055 3303 1176 3381 ταύτας
1191 3310 1257 3369 των

306 3402 454 3487 πόλεων,
474 3404 512 3469 ἐν
531 3396 583 3479 αἶς
599 3400 733 3484 ἄκριτοί
749 3426 837 3478 τινες
857 3399 1063 3470 ἀπόλλυνται
1080 3408 1149 3470 τῶν
1162 3412 1257 3470 πολι-

303 3508 387 3585 τῶν,
404 3498 540 3585 ἀγνοεῖν
555 3497 587 3568 δ’
604 3499 654 3567 ὅτι
669 3506 768 3567 τοῦτο
782 3506 940 3567 ποιοῦσιν
953 3505 987 3568 οί
1000 3500 1045 3587 μη
1061 3498 1182 3587 κοινὴν
1196 3500 1281 3587 τηνο
1343 3502 1344 3553 λ

255 3615 288 3665 ’ῖὸ
303 3598 440 3668 εὔνοιαν
455 3614 522 3677 τοῖς
536 3597 790 3685 ἀγωνιζομένοις
806 3602 1013 3685 παρέχοντες.
1036 3598 1056 3667 δ
1071 3599 1107 3668 δὲ
1122 3599 1256 3668 πάντων
