2859 4334
292 405 334 468 σο
580 391 960 480 memnona)

293 569 526 637 λανθάνουσιν
537 569 637 634 ἔνδον
648 568 686 634 έν
695 579 764 644 τοῖς
774 573 955 653 βασιλείοις
965 568 1097 647 στάσεις
1106 569 1162 635 καὶ
1173 571 1250 636 δια-

293 664 402 753 φοράς
413 663 526 744 αὑτοῖς
537 667 837 752 ἐγκαταλείποντες.
855 672 963 735 καίτοι
972 663 1034 754 χρὴ
1044 663 1124 744 τούς
1135 663 1251 752 ὀρθῶς

293 765 532 854 βασιλεύοντας
545 761 590 851 μὴ
608 764 716 850 μόνον
731 760 790 842 τάς
800 763 914 843 πόλεις
925 767 962 833 ίν
974 763 1114 854 ὁμονοίᾳ
1128 772 1251 848 πειρᾶ-

294 877 377 934 σθαι
392 864 539 951 διάγειν,
559 855 609 931 ύν
626 858 670 929 άν
684 861 849 948 ἄρχωσιν,
870 859 954 932 άλλά
969 866 1025 932 καί
1039 859 1119 942 τούς
1133 871 1251 942 οίκους

294 961 374 1042 τούς
393 967 499 1041 ίδίους
519 965 575 1030 καὶ
588 959 667 1040 τούς
687 961 829 1046 τύπους,
851 963 888 1038 έν
903 957 952 1040 οἷς
968 956 1012 1029 άν
1026 969 1249 1030 κατοικάσιν·

293 1062 425 1130 ἅπαντα
438 1060 503 1148 γάρ
515 1068 619 1129 ταῦτα
635 1061 859 1147 σωφροσύνης
872 1066 953 1147 ἔργα
965 1063 1021 1129 καὶ
1032 1060 1250 1149 δικαιοσύνης

244 1171 279 1227 42
293 1166 391 1230 ἐστίν.
422 1157 463 1228 ού
478 1159 540 1248 την
554 1159 661 1248 αὐτὴν
682 1161 719 1228 δέ
734 1160 874 1248 γνωμην
892 1167 989 1248 ἔσχον
1004 1159 1084 1230 ούδὲ
1101 1164 1251 1249 περὶτῆς

294 1267 505 1340 παιδοποιίας
514 1273 584 1338 τοῖς
593 1265 760 1336 πλείστοις
769 1265 838 1325 των
848 1261 1025 1347 βασιλέων,
1041 1257 1116 1328 οὐδ’
1130 1256 1274 1354 ᾠήθην(

294 1365 365 1427 δεῖν
381 1356 460 1438 τούς
474 1358 537 1444 μὲν
558 1361 593 1425 ἐκ
613 1359 849 1444 ταπεινοτέρας
864 1358 1070 1447 ποιήσασθαι
1086 1366 1154 1427 των
1170 1364 1248 1426 παί·

294 1463 379 1544 δαν,
400 1456 479 1536 τούς
499 1454 531 1524 δ’
548 1459 585 1525 ίκ
601 1458 817 1542 σεμνοτέρας,
840 1453 919 1526 οὐδὲ
941 1455 1021 1536 τούς
1042 1459 1103 1542 μέν
1118 1458 1249 1535 νόθους

293 1554 423 1644 αὐτῶν,
444 1553 524 1634 τούς
542 1559 579 1624 δέ
601 1560 762 1642 γνησίους
782 1564 993 1641 καταλιπεῖν,
1018 1552 1102 1623 άλλά
1122 1555 1250 1634 πάντας

294 1655 458 1745 ἔχειντὴν
469 1652 584 1722 αὑτων
593 1651 699 1741 φύσιν
714 1651 862 1739 καὶπρὸς
877 1651 1003 1738 πατρὸς
1019 1656 1075 1722 καὶ
1089 1651 1173 1740 πρὸς
1183 1679 1249 1740 μη-

293 1754 372 1843 τρδς
387 1753 580 1841 ἀνενεγκεῖν
618 1781 687 1822 ταν
700 1755 763 1838 μέν
777 1759 916 1838 θνητων
932 1758 978 1832 είς
993 1750 1175 1838 Εὐαγόραν
1188 1751 1251 1819 τὸν

293 1855 436 1938 πατέρα,
456 1859 524 1921 τῶν
540 1851 572 1920 δ’
588 1851 741 1940 ἡμιθέων
757 1859 803 1930 είς
818 1856 995 1936 Αίακίδας,
1019 1859 1086 1919 των
1104 1854 1140 1920 δὲ
1155 1859 1250 1920 θεων

293 1959 423 2039 είςΔία,
434 1955 489 2019 καὶ
500 1954 626 2038 μηδένα
636 1957 705 2018 τῶν
716 1953 749 2031 έξ
761 1954 844 2036 ἐμοῦ
855 1953 1048 2036 γενομένων
1059 1946 1248 2036 άποστερη-

293 2057 398 2138 θῆναι
411 2051 532 2138 ταύτης
545 2057 602 2139 τῆς
618 2048 795 2136 εὐγενείας.
1258 2059 1275 2116 δ

245 2165 279 2218 43
379 2150 466 2236 (ια’.)
486 2155 630 2218 Πολλῶν
641 2152 681 2217 δέ
688 2175 730 2233 με
741 2149 1001 2234 προτρεπάντων
1016 2151 1171 2234 ἐμμένειν
1181 2163 1250 2228 τοῖς

294 2247 531 2333 ἐπιτηδεύμασι
546 2247 693 2333 τούτοις,
709 2245 771 2331 ούχ
784 2245 901 2331 ἥκιστα
917 2245 1051 2314 κάκεῖνο
1063 2247 1249 2334 παρεκάλε-

295 2367 371 2432 σεν,
394 2343 446 2412 ὅτι
462 2353 519 2432 τῆς
530 2349 593 2432 μέν
606 2342 746 2429 άνδρίας
760 2347 815 2412 καὶ
836 2352 893 2432 τῆς
910 2345 1099 2430 δεινότητος
1112 2347 1167 2412 καί
1181 2352 1249 2412 των

233 2501 234 2504 ¹
294 2444 406 2514 ἄλλων
421 2451 489 2511 των
501 2441 774 2528 εὐδοκιμούντων
785 2445 900 2529 ἑύρων
912 2446 967 2510 καὶ
981 2470 1049 2511 ταν
1062 2451 1175 2511 κακων
1186 2440 1249 2510 άν-

294 2549 388 2628 δρῶν
409 2540 555 2621 πολλούς
576 2545 787 2628 μετέχοντας,
811 2539 873 2628 τὴν
894 2544 931 2610 δὲ
954 2542 1173 2628 δικαιοσύνην
1196 2544 1251 2611 καὶ

292 2641 355 2730 την
371 2643 599 2728 σωφροσύνην
620 2646 689 2708 ίδια
706 2643 855 2729 κτήματα
870 2648 939 2710 των
960 2649 1072 2712 καλῶν
1088 2639 1249 2727 κάγαθῶν

296 2740 386 2810 ὄντα.
416 2742 594 2810 κάλλιστον
616 2734 680 2809 οὖν
695 2738 883 2828 ὑπέλαβον,
905 2750 937 2808 εί
950 2768 999 2820 τις
1014 2741 1152 2809 δύναιτο
1167 2743 1249 2810 ταύ-

193 2916 195 2921 ,
294 2869 367 2920 ταις
380 2856 451 2920 ταῖς
466 2837 598 2926 ἀρεταῖς
613 2843 768 2926 προέχειν
780 2846 849 2908 των
863 2837 992 2925 ἄλλων,
1011 2831 1060 2906 ων
1074 2838 1175 2908 οὐδέν
1190 2844 1274 2926 μέ-ε

296 2965 355 3027 ρος
377 2953 446 3016 τοῖς
466 2953 626 3023 πονηροῖς
647 2943 815 3023 μέτεστιν,
841 2936 925 3006 άλλά
946 2939 1170 3025 γνησιωταται
1195 2940 1249 3005 καὶ

295 3035 508 3127 βεβαιόταται
520 3041 574 3105 καὶ
589 3047 754 3123 μεγίστων
765 3043 912 3106 ἐπαίνων
923 3036 1011 3118 άξιαι
1025 3039 1249 3124 τυγχάνουσιν

247 3159 280 3208 44
294 3130 403 3207 οὖσαι.
434 3135 563 3203 τούτων
579 3139 676 3202 ἕνεκα
693 3137 748 3201 καὶ
767 3141 870 3202 ταῦτα
886 3137 1079 3221 διανοηθείς
1097 3161 1248 3222 περιττο-

293 3236 396 3321 τέρως
407 3239 475 3301 των
490 3231 602 3300 άλλων
613 3231 741 3320 ἤσκησαι
752 3232 814 3319 τὴν
828 3235 1056 3320 σωφροσύνην
1068 3238 1124 3302 καλ
1136 3258 1248 3320 προει-

293 3335 402 3419 λόμην
416 3338 484 3400 των
499 3330 633 3419 ἡδονῶν
648 3329 690 3399 ού
709 3329 768 3411 τάς
783 3335 835 3400 ἐπὶ
850 3346 918 3410 τοῖς
938 3339 1048 3419 έργοις
1061 3347 1132 3412 τοῖς
1144 3338 1246 3420 μηδε·
1257 3335 1292 3389 36

294 3441 375 3520 μίαν
385 3428 485 3516 τιμην
499 3437 650 3516 ἔχουσιν,
674 3427 759 3497 άλλά
777 3428 836 3508 τάς
849 3431 902 3497 ἐπὶ
916 3425 988 3508 Ιταῖς
1000 3431 1112 3511 δόξαις
1121 3445 1192 3512 ταῖς
1202 3430 1247 3498 δι’

293 3529 529 3616 ἀνδραγαθίαν
538 3531 760 3614 γιγνομέναις.
781 3525 843 3614 χρὴ
853 3529 890 3596 δὲ
902 3531 1091 3616 δοκιμάζειν
1101 3529 1161 3611 τάς
1171 3529 1249 3618 άρε-

293 3628 351 3708 τὰς
366 3624 429 3697 ούκ
447 3631 484 3695 έν
505 3643 575 3704 ταῖς
590 3625 704 3706 αύταῖς
726 3629 829 3705 ίδέαις
843 3624 990 3713 ἁπάσας,
1011 3627 1095 3699 άλλᾶ
1111 3628 1174 3714 τὴν
1188 3631 1248 3714 μέν
1352 3677 1353 3722 ,
