2859 4334
446 427 818 486 ΠΑΝΗΓΤΡΙΚΟΣ
1067 425 1110 490 ⁶0

161 607 234 672 σαν,
255 591 291 655 έν
312 589 348 656 δέ
369 600 440 666 ταῖς
459 589 648 674 συνθήκαις
667 585 985 674 ἀναγεγραμμένην,
1013 585 1135 666 άξιονε

161 689 286 753 ἑλέσθαι
300 693 430 772 μᾶλλον
445 680 468 772 ἡ
488 683 549 772 τὴν
569 684 676 772 άρχὴν
691 683 755 773 τὴν
770 682 943 773 ἡμετέραν.
973 693 1022 766 τίς
1041 683 1108 773 γάρ

161 779 199 850 άν
212 786 367 873 τοιαύτης
386 786 618 864 καταστάσεως
635 785 893 872 ἐπιθυμήσειεν,
913 788 951 854 έν
969 777 991 876 ἡ
1005 811 1108 853 κατα-

106 948 123 960 ,,
160 886 323 954 τοντισταδ
336 887 400 971 μὲν
414 883 476 971 τήν
487 884 660 952 θάλατταν
674 887 867 971 κατέχουσι,
882 887 1058 954 πελτασταὶ
1071 883 1107 951 δλ

105 1000 147 1057 λῖδ
158 981 209 1061 τάς
222 983 337 1063 πόλεις
352 981 686 1070 καταλαμβάνουσιν,
709 979 783 1050 άντδ
805 985 841 1050 δέ
856 989 917 1051 τοῦ
933 983 1018 1066 πρὸς
1037 983 1107 1052 έπέ-

158 1110 233 1168 ρους
246 1088 323 1167 περδ
337 1093 395 1170 τῆς
409 1082 519 1169 χῶρας
535 1090 693 1168 πολεμεῖν
710 1079 804 1160 έντδς
818 1088 944 1168 τείχους
961 1086 996 1152 οἱ
1009 1090 1106 1151 πολῖ-

158 1213 203 1252 ται
212 1183 297 1270 πρὸς
307 1183 473 1270 ἀλλήλους
485 1185 658 1270 μάχονται,
669 1189 805 1261 πλείους
816 1181 850 1249 δὲ
863 1181 976 1261 πόλεις
987 1181 1107 1269 αίχμά-
1119 1161 1162 1250 ὦ

158 1293 249 1351 λωτοι
258 1283 441 1369 γεγόνασιν
451 1279 473 1369 ἡ
484 1286 565 1365 πρὶν
575 1281 637 1369 τὴν
646 1282 783 1369 εἰρήνην
794 1278 879 1367 ἡμᾶς
889 1281 1106 1367 ποιήσασθαι,

158 1380 205 1449 διά
228 1382 264 1450 δέ
285 1379 348 1467 τήν
369 1382 562 1467 πυκνότητα
584 1387 652 1448 τῶν
674 1386 868 1467 μεταβολῶν
890 1376 1108 1465 ἀθυμοτέρους

158 1482 329 1566 διάγουσιν
349 1478 460 1560 οίέτάς
480 1480 595 1560 πόλεις
616 1486 787 1558 οἰκοῦντες
811 1486 878 1546 τῶν
896 1493 967 1558 ταῖς
984 1493 1108 1564 φυγαῖς

157 1578 399 1665 ἐζημιωμένων·
428 1584 463 1648 οί
480 1577 621 1666 μὲνγὰρ
641 1577 679 1648 τδ
697 1583 820 1665 μέλλον
834 1583 999 1664 δεδίασιν,
1020 1573 1104 1646 οίλδ’

110 1678 141 1747 li?
157 1675 200 1746 ιἰελ
212 1680 364 1746 κατιέναι
378 1681 620 1763 προσδοκῶσιν.
645 1683 807 1746 τοσοῦτον
824 1675 855 1744 δ’
873 1675 1032 1760 ἀπέχουσι
1050 1683 1107 1762 τῆς

157 1779 344 1860 ἐλευθερίας
360 1780 415 1844 καί
430 1783 487 1862 τῆς
501 1773 717 1862 αὐτονομίας,
735 1772 822 1844 ὥσθ’
838 1779 875 1843 αί
889 1777 952 1862 μὲν
967 1771 1032 1842 ὑπὸ
1045 1800 1106 1840 τυ-

156 1874 287 1954 ράννοις
309 1876 388 1958 είσδ,
412 1873 470 1953 τὰς
492 1872 524 1942 δ’
546 1873 708 1962 ἁρμοσταὶ
730 1877 940 1961 κατέχουσιν,
962 1881 1048 1942 ἔνιαι
1070 1871 1103 1940 δ’

155 1971 329 2041 ἀνάστατοι
353 1974 527 2061 γεγόνασι,
553 1981 622 2043 τῶν
649 1972 681 2042 δ’
705 1979 738 2042 οί
759 1975 922 2064 βάρβαροι
947 1976 1132 2044 δεσπόταιλ)

154 2072 413 2159 καθεστήκασιν·
443 2071 502 2153 οὓς
524 2072 617 2161 ἡμεῖς
638 2079 794 2161 διαβῆναι
814 2074 1042 2160 τολμήσαντας
1060 2080 1106 2153 είς

154 2171 208 2260 τὴν
221 2171 397 2257 Εὐρώπην
417 2175 472 2241 καὶ
488 2179 601 2259 μεῖζον
620 2169 642 2259 ἡ
664 2181 832 2257 προσῆκεν
847 2170 960 2252 αὐτοῖς
976 2171 1106 2260 φρονή-

105 2287 139 2340 118
155 2291 272 2350 σαντας
299 2269 389 2338 οὕτω
415 2276 572 2358 διέθεμεν
597 2270 681 2338 ὥστε
705 2268 751 2357 μὴ
775 2271 883 2358 μόνον
910 2271 1106 2338 παύσασθαι

155 2378 322 2456 στρατείας
336 2368 390 2455 ἐφ’
408 2368 494 2458 ἡμᾶς
510 2374 735 2457 ποιουμένους
749 2366 832 2439 άλλά
848 2370 903 2438 καί
913 2367 976 2456 τὴν
993 2366 1106 2437 αὑτῶν

153 2471 262 2556 χώραν
286 2467 466 2554 ἀνέχεσθαι
485 2473 745 2555 πορθουμένην,
771 2469 827 2536 καὶ
846 2472 1030 2545 διακοσίαις
1051 2470 1106 2535 καὶ

152 2575 267 2653 χιλίαις
281 2570 382 2635 ναυσδ
397 2571 635 2653 περιπλέοντας
650 2572 695 2645 είς
706 2565 875 2651 τοσαύτην
886 2565 1105 2650 ταπεινότητα

153 2664 395 2752 κατεστήσαμεν
410 2664 493 2733 ῶστε
508 2662 639 2754 μακρὸν
655 2672 774 2732 πλοῖον
795 2665 847 2730 έπδ
862 2663 940 2728 τάδε
957 2661 1105 2747 Φασήλι-

154 2769 204 2844 δος
219 2763 266 2851 μὴ
288 2766 469 2833 καθέλκειν
483 2762 557 2834 ἄλλ’
573 2762 715 2851 ἡσυχίαν
732 2762 843 2847 άγειν,
864 2763 919 2828 καί
938 2756 1018 2839 τούς
1033 2787 1133 2830 και-α

153 2864 229 2947 ροδς
239 2864 435 2948 περιμένειν
446 2862 530 2932 άλλά
542 2861 586 2951 μὴ
598 2872 638 2952 τῇ
649 2863 804 2950 παροάση
815 2860 958 2945 δυνάμει
969 2859 1106 2928 πιστεύ-

105 2974 139 3028 119
152 2989 205 3033 ειν.
232 2967 289 3032 καὶ
303 2960 406 3031 ταῦθ’
420 2962 471 3032 ὅτι
482 2962 537 3032 διὰ
548 2962 612 3051 τὴν
627 2971 696 3032 τῶν
710 2961 890 3046 προγόνων
905 2967 972 3026 τῶν
988 2956 1107 3046 ἡμετέ·

152 3090 218 3146 ρων
242 3059 368 3147 άρετὴν
389 3044 619 3148 οὕτωςῗεδχεν,
648 3066 685 3131 αί
701 3067 760 3147 τὴς
785 3057 912 3136 πόλεως
935 3057 1107 3143 συμφοραί

151 3170 263 3247 σαφῶς
279 3163 465 3240 ἐπέδειξαν·
493 3159 561 3246 άμα
577 3160 642 3247 γάρ
662 3156 755 3247 ἡμεῖς
769 3183 805 3224 τε
826 3163 883 3241 τὴς
903 3153 1004 3242 ἀρχῆς
1024 3152 1108 3222 άπε·

150 3259 360 3344 στερούμεθα
371 3263 426 3327 καὶ
437 3273 505 3337 τοῖς
511 3258 667 3344 Ἕλλησιν
678 3251 760 3341 άρχὴ
774 3261 842 3320 τῶν
853 3260 967 3322 κακῶν
978 3257 1108 3338 ἐγίγνε-

151 3387 194 3428 το.
217 3356 301 3445 μετά
317 3355 383 3444 γάρ
398 3357 461 3443 τὴν
477 3360 514 3426 ἑν
523 3355 756 3444 Ἑλλησπόντῳ
766 3354 954 3438 γενομένην
969 3349 1109 3437 άτυχίαν

151 3461 271 3542 ἑτέρων
286 3454 465 3541 ἡγεμόνων
482 3455 719 3524 καταστάντων
734 3455 892 3535 ἐνίκησαν
906 3450 969 3536 μὲν
980 3453 1013 3516 οί
1022 3447 1108 3536 βάρ-

151 3563 247 3641 βαροι
267 3563 535 3640 ναυμαχοῦντες,
556 3547 662 3640 ἡρξαν
685 3554 722 3619 δὲ
742 3554 800 3635 τῆς
820 3547 1003 3634 θαλάττης,
1025 3555 1133 3615 κατ-δ

153 3656 247 3736 έσχον
264 3653 301 3721 δὲ
323 3650 383 3730 τάς
402 3660 556 3730 πλείστας
573 3660 641 3719 τῶν
657 3650 791 3746 νήσων,
819 3645 991 3734 ἀπέβησαν
1011 3646 1042 3715 δ’
1062 3655 1108 3724 εδς
