2859 4334
259 360 301 422 σε
537 361 857 419 mmmm
875 362 940 437 (ιο)

259 522 398 608 πάσχειν
413 517 536 599 αὐτους
550 521 604 587 καλ
619 526 679 586 τοῦ
693 515 739 603 μὴ
753 521 887 598 δικαίως
898 526 966 587 τῶν
976 518 1088 591 ἄλλων
1100 519 1223 606 ἄρχειν

259 627 387 707 μᾶλλον
400 614 422 706 ἢ
438 619 625 705 φεύγοντας
639 616 701 703 τὴν
715 622 825 684 αἰτίαν
837 617 963 702 ταύτην
974 614 1096 696 ἀδίκως
1110 626 1223 685 Λακε-

196 743 242 794 ¹18
258 723 443 804 δαιμονίοις
464 718 649 787 δουλεύειν.
673 714 758 800 ἅπερ
780 714 924 795 ἅπαντες
945 717 1007 803 μὲν
1022 713 1066 784 όν
1082 722 1116 784 οί
1129 723 1224 783 νοῦν

261 825 391 904 ἔχοντες
402 820 530 885 ἕλοιντο
542 818 596 885 καί
607 823 821 903 βουληθείευ,
834 811 939 900 ὀλίγοι
952 813 984 883 δ’
995 815 1039 884 ἄν
1050 842 1138 893 τινες
1149 822 1225 882 τῶν

261 919 560 1000 προσποιουμένων
583 912 668 982 εἶναι
692 918 810 996 σοφων
835 915 1057 999 ἐρωτηθέντες
1082 911 1145 981 οὐκ
1172 908 1225 979 όὶν

262 1014 415 1102 φήσαιεν.
439 1019 475 1082 ac
487 1019 548 1101 μὲν
564 1006 628 1082 οὖν
643 1019 761 1097 αίτίαι,
778 1008 824 1079 δι’
837 1008 876 1089 ἃς
886 1016 1067 1100 μετέλαβον
1079 1012 1141 1099 τὴν
1152 1026 1253 1081 ato-b

262 1122 386 1184 λιτείαν
399 1111 461 1200 τὴν
479 1111 545 1181 ὑπό
564 1139 666 1180 τινων
682 1114 872 1197 νεμομένην
889 1108 962 1179 ἀντὶ
977 1120 1033 1198 τῆς
1047 1109 1113 1180 ὑπό
1129 1112 1226 1180 πόνέ

262 1240 330 1281 των
344 1212 602 1297 ἐπαινουμένης,
627 1209 681 1279 διὰ
698 1212 914 1295 μακροτέρων
928 1213 990 1297 μὲν
1005 1209 1107 1289 αὐτὰς
1123 1217 1222 1295 διῆλ-

260 1323 338 1395 θον,
354 1302 452 1377 αὗται
468 1308 500 1377 δ’
514 1303 578 1376 οὖν
593 1303 691 1395 ἦσαν.

198 1429 244 1482 119
345 1408 528 1497 (με’.)’Ἡδη
537 1411 573 1477 δὲ
585 1410 658 1494 περὶ
674 1401 759 1494 ἧςθ’
770 1407 943 1493 ὑπεθέμην
957 1408 1223 1493 καὶτῶνπρογό-

264 1538 333 1578 νων
345 1510 522 1596 ποιήσομαι
533 1507 613 1587 τούς
624 1510 762 1594 λόγους,
775 1511 913 1576 ἐκείνων
923 1515 992 1575 τῶν
1001 1510 1132 1595 χρόνων
1144 1510 1222 1573 ἐπι-

263 1611 464 1698 λαβόμενος,
481 1606 531 1677 ότ’
545 1606 608 1677 οὐκ
619 1602 663 1696 ἦν
674 1605 746 1675 οὔτ’
759 1605 946 1694 ὀλιγαρχίας
961 1606 1038 1675 οότε
1050 1613 1223 1694 δημοκρα-

264 1717 333 1789 τίας
343 1709 450 1795 δνομό
462 1734 514 1776 πω
525 1709 721 1794 λεγόμενον,
738 1704 820 1774 ἄλλα
833 1714 1007 1792 μοναρχίαι
1021 1708 1073 1775 καί
1085 1704 1223 1792 τὰγένη
1238 1740 1250 1774 c

263 1808 303 1877 τοὶ
319 1817 387 1878 τῶν
401 1808 583 1896 βαρβάρων
597 1810 650 1875 καὶ
666 1804 725 1884 τὰς
737 1805 850 1884 πόλεις
860 1803 918 1883 τὰς
927 1802 1118 1890 Ἑλληνίδας
1129 1800 1222 1870 διπό-

199 1930 247 1981 ιυο
264 1930 324 1986 σας
336 1908 492 1997 διῴκουν.
516 1902 570 1974 διὰ
582 1912 679 1973 τοῦτο
692 1908 727 1973 δὲ
739 1904 943 1991 προειλόμην
955 1908 1223 1990 πορρωτέρωθεν

266 2004 470 2093 ποιήσασθαι
486 2002 547 2091 τὴν
560 2002 677 2090 ἀρχὴν,
694 2011 829 2087 πρῶτον
845 2004 906 2091 μὲν
915 2002 1101 2091 ἡγούμενος
1113 2026 1222 2089 προσ-

265 2105 361 2194 ήκειν
380 2119 448 2182 τοῖς
467 2101 735 2191 ἀμφισβητοῦσιν
756 2101 873 2190 όρετῆς
894 2099 1000 2183 εόθός
1020 2099 1085 2171 ἀπό
1101 2109 1223 2190 γενεᾶς
1272 2107 1276 2112 ’

267 2206 486 2290 διαφέροντας
507 2200 590 2269 εἶναι
611 2208 679 2268 τῶν
696 2200 826 2287 ἄλλων,
849 2197 949 2268 ἔπειτ’
967 2200 1221 2288 αίσχυνόμενος,

267 2306 297 2370 εί
309 2303 383 2384 περὶ
397 2297 534 2382 ἀνδρῶν
547 2298 688 2385 ἀγαθῶν
702 2299 775 2385 μὲν,
791 2296 892 2367 οὐδὲν
907 2301 946 2367 δέ
956 2325 1013 2385 μοι
1027 2299 1223 2385 προσηκόν-

267 2398 1223 2485 τωυπλείωδιαλεχθεὶςτῶνμετρίων,περίτῶνπρογόυων

264 2506 332 2567 τῶν
356 2496 418 2585 τὴν
440 2500 540 2567 πόλιν
562 2500 721 2567 κάλλιστα
737 2499 982 2583 διοικησόντων
997 2497 1080 2583 μηδὲ
1094 2494 1223 2583 μικρὰν
1237 2515 1254 2566 δ

214 2597 447 2685 ιειποιήσομαι
470 2602 608 2684 μνείαν,
636 2603 673 2665 οἲ
691 2599 855 2666 τοσοῦτον
878 2603 1031 2684 βελτίους
1057 2598 1215 2683 ἐγένοντο

267 2698 412 2778 τῶντὰς
430 2703 630 2778 δυναστείας
648 2696 818 2785 ἐχόντων,
840 2696 921 2767 ὅσον
946 2726 1007 2785 περ
1032 2696 1155 2780 ἄνδρες
1181 2704 1218 2767 αι’

266 2795 514 2882 φρονιμώτατοι
537 2800 588 2862 καὶ
611 2796 791 2877 πραότατοι
813 2799 1015 2882 διενέγκοιεν
1029 2791 1072 2864 όν
1087 2803 1220 2883 θηρίων

264 2901 331 2961 των
364 2892 580 2981 ἀγριωτάτων
612 2896 665 2963 καὶ
695 2902 849 2981 πλείστης
880 2892 1046 2981 ὠμότητος
1076 2902 1217 2980 μεστῶν.

265 2992 353 3077 (μςῖ)
378 2999 420 3060 Τί
437 2987 502 3077 γὰρ
524 2989 587 3059 οὐκ
606 2987 650 3059 ἄν
670 2991 828 3079 εὕροιμεν
843 2999 916 3060 τῶν
937 2990 1221 3078 ὑπερβαλλόντων

267 3088 524 3175 ἀνοσιότητικαλ
540 3091 703 3177 δεινότητι
719 3096 953 3179 πεπραγμένον
967 3096 1003 3160 ἐν
1020 3106 1090 3171 ταῖς
1105 3092 1222 3169 όλλαις

264 3189 397 3270 πόλεσι,
423 3191 478 3258 καί
499 3187 632 3276 μάλιστ’
649 3195 687 3259 έν
700 3207 770 3271 ταις
785 3199 952 3278 μεγίσταις
965 3193 1019 3260 καὶ
1034 3192 1106 3259 τότε
1123 3218 1220 3275 νομι-

264 3291 478 3375 ζομέναιςκαλ
487 3297 553 3356 νῦν
562 3289 648 3357 εἶναι
659 3291 853 3372 δοκούσαιςς
870 3288 910 3356 οὐ
923 3288 1052 3373 φόνους
1061 3286 1220 3373 ἀδελφῶν
1232 3315 1249 3353 ε

200 3403 247 3453 122
267 3394 321 3456 καλ
336 3390 489 3473 πατέρων
500 3389 553 3456 καὶ
566 3390 672 3468 ξένων
683 3397 894 3476 παμπληθεῖς
904 3393 1165 3476 γεγενημένουςς
1178 3386 1222 3456 οὐ

265 3484 396 3574 σφαγὰς
414 3489 566 3574 μητέρων
586 3490 641 3557 καί
660 3492 764 3575 μίξεις
784 3491 840 3557 καὶ
861 3492 1072 3565 παιδοποιίας
1117 3490 1149 3569 ἐξ
1171 3480 1221 3555 τόν

265 3588 448 3671 ἐτύγχανον
464 3583 558 3653 αότολ
576 3589 779 3673 πεφυκότεςς
802 3584 843 3655 οὐ
865 3593 994 3659 παίδων
1010 3593 1137 3673 βρῶσιν
1153 3585 1220 3655 ὑπὸ
