2859 4334
237 337 299 391 LVI
434 336 637 391 PRAEFATIO
656 334 842 390 amnonis
860 334 1046 390 numius,

238 491 268 549 ἒν
290 494 361 549 πᾶσι
394 498 439 547 ΓΔ
463 494 514 547 Bk.
540 526 570 535 -
598 500 632 549 14
654 489 785 565 ἱσαίρον]
813 488 917 562 isim
942 496 972 549 Γ.
996 526 1029 533 -
1049 491 1173 563 πόλεμον
1200 498 1253 548 ΓΕ

237 566 330 620 Turre
352 561 402 619 τὸν
425 562 557 635 πόλεμον.
581 565 616 621 of.
640 582 679 621 or.
698 565 733 632 V,
751 570 794 620 88.
813 596 845 605 -—
865 584 908 627 sse
925 581 978 619 orn,
998 565 1077 619 codd.
1098 566 1200 620 Manu.
1222 567 1254 619 ei

236 638 337 707 Anger.
356 634 425 701 Cor„
443 635 511 689 item
532 634 612 689 codd.
631 652 670 691 or.
688 634 714 689 V
734 636 751 689 I.
769 653 794 690 ο.
815 666 848 675 -
867 636 1043 724 sensistin
1061 641 1086 689 Δ
1105 652 1132 688 v.
1150 634 1196 691 Βι.
1216 667 1251 677 -

236 709 300 775 περί
319 697 359 760 ἀν
377 706 456 759 codd.
477 706 577 760 Matth.
595 708 625 761 ei:
642 706 744 775 Anger.
765 705 826 760 Cor.
845 704 911 762 Bk:
935 707 1001 776 aspi
1018 726 1052 776 ης
1072 710 1099 760 Γ
1113 724 1139 759 v.
1160 736 1193 746 -
1216 713 1253 761 15

236 777 376 847 μηδεμιᾶς
394 781 421 830 Δ
438 794 463 830 v.
490 772 637 845 (otiosioris
655 775 741 832 etiam
759 777 819 830 eod.
841 776 962 845 Mittin).
981 807 1015 817 -
1032 772 1070 831 τά
1089 772 1144 847 Ipsi
1164 793 1190 834 r.
1213 808 1253 819 -

235 843 409 932 ἀνανδρείην
424 850 455 902 Γ.
471 878 510 931 -ι
521 852 554 902 16
567 849 669 915 καίπερ
685 845 746 933 ἔτη]
765 846 814 900 καί
832 846 897 914 περὶ
910 867 944 917 ιη
958 865 993 916 pr
1006 850 1038 916 Γ,
1050 848 1102 901 καί
1119 847 1185 935 περὶ
1197 846 1252 917 ἔτη

236 937 314 1046 ssi.
325 920 945 1079 auferet:nisiinter
963 918 1254 1045 tessaura

237 1059 488 1131 tugurienses:
502 1079 542 1114 ννι
568 1060 663 1114 κακῶν
677 1076 740 1115 oorr
755 1063 781 1114 Γ
791 1058 901 1124 (eadem
914 1061 964 1127 m.)
978 1078 1005 1113 v.
1021 1092 1054 1099 -
1072 1066 1103 1115 I'I
1117 1057 1184 1122 νοὸς
1197 1056 1250 1115 ἀί-

235 1124 448 1199 ίονςἚίίηνας
468 1133 543 1185 ΓΔΕ
561 1129 653 1185 Turn:
671 1124 891 1198 τοάςἜίίηνας.
906 1162 940 1171 -
956 1125 1060 1193 αάσοὸς
1078 1125 1197 1200 (nitore)
1216 1128 1252 1197 ἐξ

235 1198 329 1270 eires
343 1198 457 1269 (αὑτῶν)
470 1202 549 1257 oodd.
565 1200 665 1257 Manu.
677 1202 707 1257 et
720 1200 792 1270 Aug.
808 1231 841 1241 —
851 1196 980 1268 ⁴enititur'
995 1196 1033 1255 ἀν
1045 1202 1127 1256 eodd.
1143 1201 1248 1257 Manu.

235 1276 264 1328 et
282 1273 353 1343 Aug.
373 1273 433 1329 Cor.
451 1271 517 1327 Blu:
540 1269 672 1327 κάλίισσα
697 1275 723 1326 Γ
737 1290 764 1326 v.
783 1302 817 1311 -
839 1280 991 1339 προκρῖναι
1014 1272 1098 1327 Dobr.
1118 1304 1151 1312 —
1170 1271 1201 1327 εί
1218 1315 1250 1329 ..

235 1339 426 1414 ἀμελήσωμεν
436 1343 499 1397 add.
510 1343 589 1398 eodd.
596 1343 696 1398 Matth.
706 1345 737 1397 et
744 1341 816 1411 Aug.
826 1344 891 1412 (orn.
902 1344 989 1397 etiam
995 1347 1041 1413 Γ).
1050 1376 1082 1385 -
1092 1338 1250 1409 ἀξιώσαιεν

236 1418 260 1469 Ε
283 1414 344 1470 eod.
367 1414 481 1469 Matina
503 1408 656 1481 ἀξιώσειαν
674 1430 710 1480 u,
733 1408 882 1480 ἀξιόσειεν
908 1417 936 1468 Γ.
955 1444 990 1454 -
1015 1419 1048 1469 10
1069 1420 1130 1477 σοῖς
1150 1409 1251 1477 ἄλλοις

235 1486 321 1540 πᾶσιν
344 1504 370 1541 v.
390 1515 423 1524 —
442 1480 498 1554 ἤδη
521 1482 585 1539 add.
610 1487 660 1538 ΓΔ
677 1482 729 1540 Bk.
750 1516 782 1524 —
802 1485 931 1539 Laonnae
950 1483 1032 1554 signa
1049 1485 1181 1554 apposnit
1199 1484 1249 1539 Bs.

304 1555 462 1626 Epistulam
485 1554 510 1609 X
528 1556 752 1623 (arourzrnr
756 1559 778 1620 ),
803 1572 887 1623 quam
907 1558 1020 1610 comtat
1037 1555 1248 1625 Theophylaeti
1356 1605 1357 1610 ,

235 1627 407 1682 Simoeattae
430 1642 491 1681 esse
514 1626 651 1695 (Theoph.
680 1627 761 1681 eist
785 1644 826 1679 nr.
851 1624 989 1696 LXXIX),
1017 1642 1081 1681 eum
1102 1627 1181 1682 Turr.
1212 1643 1247 1682 ex
1358 1675 1359 1694 ,

235 1699 356 1753 Isocrate
374 1696 529 1753 tollendam
547 1696 653 1764 patavi.
691 1644 834 1752 (initiunt
850 1712 914 1752 eam
931 1697 1011 1753 oodd.
1029 1699 1081 1766 (Γ)
1099 1699 1159 1755 ΔΕ.

588 1861 895 1957 Fragmenta.

305 1981 327 2033 l.
355 1979 475 2034 nomi
498 1980 859 2033 ΕΠΕΙΣΦΕΡΟΜΕΝΟΙ,
895 1978 937 2033 De
962 1978 1056 2033 iudice
1084 1979 1245 2037 orationum

235 2050 455 2120 suppositarum,
479 2047 509 2103 in
531 2065 586 2119 qno
609 2049 783 2104 emendando
805 2047 970 2105 Beuselerns
994 2051 1087 2105 minus
1110 2069 1246 2121 prospere

235 2139 363 2177 suceessu
380 2138 447 2174 nsua
465 2122 522 2187 est,
540 2120 653 2189 exposui
672 2136 744 2187 qnae
763 2119 896 2175 sentirem
914 2119 944 2175 in
962 2120 1033 2175 libro
1052 2138 1115 2177 meo
1133 2123 1249 2191 quiesi
1364 2117 1368 2140 ¹

235 2193 270 2248 de
289 2193 379 2261 eloqu.
398 2190 495 2246 Attiea
510 2190 567 2246 vol.
587 2190 621 2254 II,
639 2207 667 2259 p.
686 2196 721 2245 9⁶
740 2208 781 2259 sq.

305 2334 338 2388 II.
369 2334 513 2387 TEXNII.
544 2330 658 2385 Plenius
677 2348 796 2400 eaquae
814 2349 848 2387 ex
863 2331 995 2387 Isocratis
1012 2348 1085 2401 quae
1102 2332 1247 2389 ferebatur

235 2407 303 2461 Arte
326 2406 475 2473 supersunt
497 2402 663 2458 exhibentur
685 2419 703 2457 a
722 2402 845 2473 Sauppio
869 2401 916 2457 Or.
934 2405 993 2457 Ate
1012 2402 1048 2470 11,
1066 2422 1093 2473 p.
1112 2410 1166 2459 224
1183 2422 1244 2474 sqq.

235 2476 295 2545 Iigo
309 2474 450 2530 BenseIeri
465 2472 629 2543 fragmentis
642 2473 698 2528 duo
712 2473 812 2540 adieoi,
830 2490 902 2542 quae
916 2475 992 2543 apud
1006 2474 1161 2544 Sanppium
1174 2493 1245 2543 quo·

234 2563 288 2615 qne
305 2545 511 2609 desiderantur,
530 2560 656 2613 quasque
674 2543 704 2597 in
723 2544 845 2613 epistula
862 2544 1007 2598 Sooratioa
1023 2544 1170 2615 trigesima
1185 2550 1244 2602 tra·

234 2616 296 2671 dita
318 2620 382 2670 sunt
407 2616 450 2683 (Ir.
469 2621 485 2669 2
506 2618 535 2669 et
553 2617 587 2683 5).
608 2644 641 2655 -
660 2613 725 2683 ng.
748 2610 816 2669 2ίκ
840 2615 889 2683 τῆς
910 2611 1057 2684 προγόνων
1081 2611 1130 2671 sia
1167 2618 1246 2679 εσίας

235 2687 333 2756 scripsi
352 2686 488 2741 AIIatinm
507 2686 618 2740 secutus
636 2684 696 2753 (qui
714 2681 747 2741 ἐκ
766 2686 814 2754 τῆς
832 2686 887 2739 τῶν
906 2704 986 2755 κρογ.
1004 2681 1046 2740 εὖ.
1065 2686 1124 2755 ei)=
1158 2708 1176 2741 κ
1194 2690 1246 2775 τῇς

235 2777 341 2827 προγον
363 2774 428 2812 eum
450 2757 551 2811 lacuna
573 2756 632 2811 eod.
652 2755 749 2821 Paris..
772 2752 803 2811 ἒν
822 2757 872 2811 τοῦ
889 2750 958 2810 Ἀσιν
981 2753 1123 2826 κρομόνον
1141 2752 1159 2828 ἦ
1177 2778 1245 2821 soor

235 2830 307 2884 atius
325 2845 370 2898 ap.
385 2828 530 2893 Allatium‚
549 2822 582 2881 ἐκ
601 2826 650 2881 τοῦ
665 2826 721 2879 τῶν
735 2846 816 2895 κρογ.
834 2823 953 2882 ἐπαίνου
967 2826 1063 2882 Breuni
1075 2844 1140 2883 oum
1155 2828 1244 2896 hiatu,

236 2900 284 2969 qni
302 2900 378 2969 apud
402 2899 474 2953 hune
497 2913 608 2966 qnoque
630 2897 798 2965 scriptorem
821 2899 936 2952 vitiosus
955 2901 1006 2953 est.
1026 2929 1060 2939 -
1077 2897 1142 2970 hg.
1161 2905 1179 2954 e
1197 2899 1243 2954 Bs.

236 2974 281 3040 (-
298 2976 331 3025 lt
342 2970 461 3040 Sauppe,
475 2985 520 3038 ap.
535 2967 607 3021 Max.
618 2966 737 3021 Plauud.
751 2966 785 3033 V,
799 2986 824 3037 p.
836 2974 898 3036 Iar,
911 2970 958 3036 26)
972 2967 1122 3025 delendum
1135 2973 1245 3039 οοιιοαίς

235 3057 290 3096 non
309 3039 384 3095 enim
402 3042 454 3093 Ars
472 3040 614 3104 laudatur,
634 3038 684 3092 sed
702 3037 850 3108 Euagorae
868 3040 946 3093 Iocus
964 3044 979 3105 ὅ
998 3045 1024 3094 9.

305 3111 352 3165 III.
380 3112 673 3165 ΑΠΟΦΘΕΓΜΑΤΛ.
707 3108 857 3163 Sententiis
877 3126 894 3163 a
908 3110 1057 3164 Benselero
1072 3109 1201 3167 eolleotis
1215 3111 1244 3167 in

236 3183 288 3237 hao
306 3196 418 3251 quoque
435 3180 558 3235 editione
578 3181 670 3233 loonm
688 3181 827 3247 ennoean,
846 3179 966 3250 demptis
986 3180 1154 3248 quibusdam
1172 3200 1245 3251 quae

236 3254 280 3308 vel
298 3252 447 3307 manifesto
465 3251 501 3307 ab
520 3252 642 3305 Isocrate
661 3250 771 3305 alienae
789 3254 882 3306 essent
900 3252 945 3305 veI
962 3251 992 3305 in
1010 3253 1185 3308 orationibus
1203 3254 1244 3307 in·

235 3325 403 3379 venirentur.
429 3354 461 3361 -
485 3316 538 3392 (γ’)
562 3328 576 3376 1
600 3318 694 3389 ίὲγειν
721 3319 849 3376 Meineke
872 3339 916 3391 ap.
939 3322 1073 3376 Fuhrium
1096 3324 1148 3378 uu.
1175 3324 1245 3378 Mus.

235 3396 268 3450 N.
289 3394 316 3449 S.
336 3391 462 3459 XXXIII,
480 3411 508 3463 p.
526 3397 592 3447 360:
613 3395 716 3447 ίαίεῖν.
737 3422 770 3432 -
790 3398 806 3446 5
826 3388 967 3463 ἐκμαθεῖν
986 3408 1049 3447 oum
1067 3392 1170 3449 Photio
1184 3395 1245 3449 SaI·

235 3464 350 3520 nasius:
375 3460 490 3535 ἐκμάθῃ
513 3480 549 3532 u,
573 3457 698 3533 ίκμάθοι
719 3462 892 3519 Duebuerus.
913 3495 944 3503 -
964 3465 1106 3518 καλοῦσιν
1131 3464 1245 3520 coraes:

234 3537 392 3605 πωλοῦμεν.
409 3568 439 3575 -
460 3541 477 3590 6
495 3528 577 3602 ἥκειν
595 3574 624 3589 ..
643 3530 770 3601 θέατρον
790 3575 820 3587 ..
839 3528 903 3588 ἀντ’
924 3528 1115 3604 ἀκροασηρίον
1133 3536 1245 3605 scripsi:

234 3601 313 3675 ἥξειν
333 3650 338 3661 .
355 3648 360 3661 .
380 3602 412 3661 τὸ
431 3603 557 3672 θέατρον
577 3645 605 3660 ..
625 3599 657 3659 ἔν
672 3598 850 3676 ἀκροατηρίῳ
864 3605 916 3672 <ita
929 3604 1063 3672 Wolfius;
1080 3601 1245 3679 ἀκρωτηρίῳ

235 3678 318 3745 libri).
339 3707 371 3716 -
392 3683 407 3732 I
427 3673 475 3730 διὰ
499 3676 529 3728 τί
549 3674 627 3729 oodd.
651 3674 858 3729 Westermauu:
884 3672 958 3730 διότι
981 3693 1008 3731 v,
1029 3708 1062 3715 -
1080 3674 1193 3746 τέμνειν
1212 3695 1244 3732 er

236 3746 337 3801 Ph'otio
356 3745 469 3800 Coraes:
488 3752 592 3813 τεμεῖν.
614 3774 645 3782 —
665 3741 717 3813 (δ’)
737 3752 752 3799 9
772 3746 877 3814 μᾶλλον
895 3745 1000 3802 addidi
