2859 4334
302 382 363 445 192
589 385 772 443 ΙΣΟΚΡΑ
782 385 839 442 TO
848 387 910 443 ΤΣ
926 391 971 456 (8)

299 550 422 632 μείζοσι
431 549 631 631 περιέπεσον
643 544 697 611 ἐπὶ
706 550 765 629 τῆς
774 540 877 631 ἀρχῆς
884 545 1007 633 ταύτης
1015 553 1084 613 τῶν
1092 549 1131 615 ἐν
1138 546 1268 616 ἅπαντι

299 653 346 736 τῷ
362 644 474 737 χρόνῳ
494 652 535 736 τῇ
554 644 650 713 πόλει
668 646 911 729 γεγενημένων.
940 650 987 724 είς
1003 654 1180 730 Αἴγυπτον
1197 646 1300 732 με’νο

299 771 338 830 γε
354 744 523 811 διακόσιαι
545 743 731 811 πλεύσασαι
752 743 898 829 τριήρεις
912 740 1026 823 αύτοῖς
1040 759 1110 824 τοῖς
1124 746 1268 831 πληρό-

229 851 234 856 '
298 864 380 931 μασι
395 842 648 929 διεφθάρησαν,
670 843 747 924 περὶ
762 841 798 909 δὲ
812 841 957 926 Κύπρον
976 840 1186 930 πεντήκοντα
1207 849 1268 911 καὶ

299 942 434 1013 ἑκατόν·
456 945 493 1010 έν
507 942 610 1034 Δάτῳ
628 940 663 1009 δὲ
684 948 827 1027 μυρίους
841 939 977 1021 ὁπλίτας
991 940 1107 1010 αὑτῶν
1120 946 1176 1011 καὶ
1192 951 1268 1011 τῶν

299 1043 484 1130 συμμάχων
498 1040 692 1127 ἀπώλεσαν,
709 1045 747 1109 έν
761 1048 900 1131 Σικελίᾳ
915 1040 953 1109 δέ
965 1046 1123 1126 τέτταρας
1135 1044 1267 1129 μυριά-

299 1147 359 1222 δας
368 1144 422 1211 καὶ
434 1141 578 1230 τριήρεις
588 1142 833 1227 τετταράκοντα
843 1142 898 1209 καί
910 1146 1097 1229 διακοσίας,
1109 1140 1146 1210 τό
1158 1144 1195 1233 δὲ
1205 1168 1265 1209 τε·

248 1256 282 1311 87
297 1252 453 1312 λευταῖον
464 1246 502 1311 έν
511 1241 745 1333 Ἑλλησπόντῳ
756 1245 936 1320 διακοσίας.
959 1238 1019 1320 τάς
1033 1242 1070 1309 δέ
1083 1238 1168 1309 κατά
1180 1243 1264 1309 δέκα

298 1344 351 1411 καί
373 1347 472 1411 πέντε
487 1344 542 1409 καί
561 1348 696 1419 πλείους
709 1341 841 1410 τούτων
861 1337 1095 1426 ἀπολλυμένας
1109 1342 1164 1408 καὶ
1178 1335 1263 1418 τούς
1275 1370 1291 1406 c

296 1439 381 1512 κατά
395 1449 522 1530 χιλίους
535 1445 590 1510 καὶ
602 1445 785 1527 δισχιλίους
794 1438 1075 1524 ἀποθνήσκοντας
1090 1446 1139 1518 τίς
1150 1434 1195 1505 ἀν
1205 1441 1262 1517 έξ-

297 1542 535 1630 αριθμήσειευς
556 1538 646 1627 πλήν
662 1543 700 1607 ἓν
721 1532 765 1624 ήν
779 1546 878 1606 τοῦτο
894 1546 964 1606 τῶν
977 1542 1180 1625 ἐγκυκλίων,
1198 1564 1261 1604 τα·

300 1638 368 1727 φάς
386 1655 495 1710 ποιεῖν
512 1636 593 1708 καθ’
614 1642 755 1709 ἕκαστον
772 1638 834 1708 τόν
857 1640 1029 1726 ε’νιαυτὸν,
1054 1643 1102 1718 είς
1118 1634 1160 1717 ἀς
1176 1644 1265 1707 πολ·

299 1742 352 1809 λοί
369 1743 427 1808 καὶ
444 1742 513 1809 τῶν
534 1738 783 1824 ἀστυγειτόνων
799 1742 857 1808 καὶ
874 1744 943 1809 τῶν
966 1737 1079 1807 ἀλλων
1094 1736 1265 1823 Ἑλλήνων

299 1845 463 1928 ἐφοίτων,
488 1839 530 1911 ού
546 1841 843 1929 συμπενθήσοντες
864 1838 946 1919 τούς
969 1842 1157 1918 τεθνεῶτας
1174 1836 1264 1907 ἀλλὰ

248 1955 281 2005 ⁸⁸
299 1941 522 2031 συνηδόμενοι
534 1957 609 2023 ταῖς
625 1941 799 2030 ήμετέραις
818 1955 1018 2029 συμφοραῖς.
1041 1945 1265 2022 τελευτῶντες

239 2106 240 2111 ,
298 2040 330 2109 δ’
347 2047 475 2112 ἔλαθον
494 2047 583 2128 σφᾶς
598 2040 724 2119 αὐτους
742 2036 822 2119 τούς
835 2042 898 2125 μὲν
912 2039 1043 2125 τάφους
1059 2041 1139 2118 τοὺς
1153 2046 1262 2124 δημο-

297 2148 392 2219 σίους
404 2147 473 2208 τιόν
483 2145 630 2208 πολιτῶν
643 2138 887 2225 ἐμπλήσαντες,
901 2135 962 2217 τὰς
975 2137 1013 2207 δέ
1026 2144 1189 2225 φρατρίας
1203 2140 1289 2206 καλό

296 2238 336 2308 τά
345 2251 552 2326 γραμματεῖα
561 2234 601 2305 τά
610 2234 804 2323 ληξιαρχικά
814 2245 883 2305 τῶν
892 2234 1042 2327 ούδεντή
1050 2237 1143 2306 πόλει
1156 2257 1260 2321 προσ-

296 2341 458 2429 ηκόντων.
480 2344 579 2425 γνοίη
595 2334 627 2404 δ’
644 2335 689 2403 ἀν
701 2363 752 2415 τις
765 2340 898 2405 §nawen
911 2337 1055 2423 μάλιστα
1074 2336 1112 2405 τό
1126 2344 1261 2421 πλῆθος

296 2446 366 2507 τῶν
376 2435 636 2524 ἀπολλυμένων·
652 2433 692 2503 τά
703 2432 770 2522 γάρ
780 2439 861 2522 γένη
872 2443 941 2504 τόν
949 2433 1087 2518 ἀνδρῶν
1098 2442 1165 2503 τῶν
1176 2433 1260 2503 ὀνο-

295 2538 513 2627 μαστοτάτων
531 2539 587 2605 καί
600 2532 681 2614 τούς
703 2545 819 2615 οίκους
834 2533 915 2615 τοδς
930 2542 1123 2622 μεγίστους,
1148 2542 1183 2604 οἳ
1200 2538 1260 2603 καὶ

295 2635 354 2717 τάς
375 2631 580 2721 τυραννικάς
600 2635 734 2713 στάσεις
759 2636 815 2703 καὶ
835 2631 897 2702 τόν
915 2630 1086 2719 Περσικόν
1108 2633 1259 2719 πόλεμον

296 2736 476 2822 διέφυγον,
503 2731 691 2822 εὑρήσομεν
712 2735 766 2802 ἐπὶ
785 2740 843 2819 τῆς
863 2731 982 2820 ἀρχῆς,
1006 2724 1046 2819 ής
1067 2735 1259 2817 έπιθυμού·

246 2853 282 2909 09
296 2859 376 2919 μεν,
397 2830 606 2914 ἀναστάτους
621 2836 876 2920 γεγενημένους.
911 2828 990 2899 ὥστ’
1007 2842 1040 2900 εἰ
1051 2859 1100 2912 τις
1120 2844 1285 2899 σκοπεῖ-ε

294 2942 376 3000 σθαι
398 2933 555 3021 βούλοιτο
576 2936 652 3016 περὶ
676 2939 746 3000 τῶν
762 2931 875 3000 ἀλλων
901 2931 1013 3014 ὥσπερ
1033 2929 1118 3017 πρὸς
1138 2936 1258 3015 δεῖγμα

293 3029 385 3099 τοῦτ’
402 3028 601 3122 ἀναφέρων,
620 3048 785 3121 φανεῖμεν
795 3031 840 3100 ἀν
851 3040 974 3119 μικροῦ
985 3036 1057 3100 δεῖν
1067 3030 1257 3118 ἀντηλλαγ·

292 3133 397 3217 μένοι.
413 3131 481 3212 (λ’.)
495 3139 613 3201 Καίτοι
623 3129 685 3219 χρή
698 3132 800 3201 πόλιν
809 3133 873 3218 μὲν
885 3128 1128 3217 εὐδαιμονίζειν
1138 3128 1184 3216 μή
1193 3128 1258 3216 τήν

292 3233 325 3310 έξ
340 3226 501 3298 ἁπάντων
516 3229 712 3314 ἀνθρώπων
733 3238 805 3321 είκή
820 3228 966 3311 πολλούς
981 3235 1118 3309 πολίτας
1132 3228 1256 3311 ἀθροί-

293 3334 417 3408 ζουσαν
431 3326 516 3397 ἀλλά
531 3328 593 3416 τήν
607 3328 645 3398 τό
660 3333 759 3416 γένος
771 3337 840 3397 τῶν
851 3332 884 3410 έξ
900 3327 1002 3416 ἀρχῆς
1015 3329 1077 3416 τήν
1090 3330 1192 3398 πόλιν
1202 3334 1254 3396 ol·

292 3427 462 3495 κισάντων
473 3435 601 3514 μᾶλλον
611 3436 679 3495 τῶν
690 3427 803 3498 ἀλλων
818 3429 1065 3516 διασύζουσαν,
1079 3427 1253 3510 ἀνδραςδε

292 3531 415 3609 ζηλοῦν
428 3525 474 3615 μή
488 3524 569 3607 τούς
583 3525 642 3607 τάς
652 3533 855 3611 τυραννίδας
867 3534 1064 3615 κατέχοντας
1077 3530 1160 3616 μηδὲ
1173 3524 1255 3599 τούς
1276 3543 1316 3597 ῖῖῖ

291 3631 390 3705 μείζω
401 3630 603 3695 δυναστείαν
614 3634 675 3696 τοῦ
687 3635 822 3697 δικαίου
833 3634 1067 3713 κεκτημένους,
1078 3627 1163 3699 ἀλλά
1172 3629 1254 3707 τούς
