2859 4334
422 370 537 425 ιιιιιυ
562 370 902 426 mmmm.
1079 364 1139 458 137Ι

105 542 162 595 148
182 530 481 612 λοιδορουμένους,
506 522 607 593 οὐδὲν
628 523 870 606 ἀπολείποντας
892 534 1022 606 κακῶν,
1054 526 1138 595 ἀλλὰ

183 632 280 709 σφίσι
293 626 355 710 μὲν
367 623 478 703 αὐτοῖς
490 627 665 710 πράγματα
677 629 891 710 παρέχοντας,
906 640 973 703 τοῖς
984 624 1015 692 δ’
1035 624 1138 706 ἀκρο-

184 724 328 809 ωμένοις
342 728 496 805 ἐξουσίαν
509 726 756 806 παραδιδόντας
766 740 834 803 τοῖς
844 726 906 810 μὲν
916 726 1137 810 καταγελάσαι

182 832 254 891 τῶν
268 830 469 912 λεγομένων,
485 829 584 903 ἐνίοις
598 824 631 891 δ’
650 828 831 911 ἐπαινέσαι,
847 840 916 904 τοῖς
927 826 963 893 δέ
974 832 1139 904 πλείστοις

183 931 334 1010 μισῆσαι,
350 939 418 1003 τοῖς
434 922 464 991 δ’
483 922 574 1003 ὅπως
591 927 723 992 ἔκαστοι
744 926 927 1010 βούλονται
942 929 1137 1011 διατεθῆναι

184 1021 272 1105 πρὸς
285 1022 425 1103 αύτούς·
451 1024 486 1091 σὲ
510 1022 541 1090 δ’
559 1020 700 1102 ούδενός
715 1024 892 1110 μετέχοντα
913 1024 1054 1100 τούτων,
1062 1020 1135 1092 ἀλλ’

184 1119 353 1209 ἀνομοίως
366 1130 471 1205 ζῶντα
492 1127 546 1191 καὶ
570 1138 637 1201 τοῖς
651 1138 825 1209 σοφισταῖς
836 1126 890 1191 καὶ
907 1139 975 1203 τοῖς
993 1123 1139 1201 ἰδιώταις

185 1223 323 1301 καὶτοῖς
346 1220 452 1291 πολλὰ
475 1223 689 1309 κεκτημένοις
709 1226 764 1289 καὶ
779 1236 847 1301 τοϊς
861 1219 997 1308 ἀπόρως
1011 1228 1136 1291 διακει-

125 1334 164 1389 49
183 1322 307 1403 μένοις.
332 1320 386 1405 ἐφ’
406 1316 454 1400 οἷς
464 1326 499 1389 os
508 1321 570 1408 μὲν
582 1328 770 1407 λογίζεσθαι
786 1322 968 1407 δυνάμενοι
982 1324 1037 1389 καὶ
1051 1328 1137 1387 νοῦν

185 1424 316 1503 ἔχοντες
331 1430 409 1498 ίσως
433 1418 476 1487 ἀν
497 1441 534 1486 σε
556 1421 752 1507 ζηλώσειαν,
774 1426 808 1487 οἱ
823 1420 859 1488 δὲ
880 1424 1137 1503 καταδεέστερον

185 1518 387 1599 πράττοντες
408 1521 460 1586 καὶ
482 1528 661 1586 λυπεῖσθαι
683 1527 812 1605 μᾶλλον
827 1519 984 1598 εἰωθότες
999 1520 1051 1586 ἐπὶ
1065 1532 1136 1595 ταῖς

185 1622 254 1681 τῶν
284 1615 395 1684 ἀλλων
422 1614 651 1703 έπιεικείαιςῆ
678 1633 749 1695 ταῖς
769 1615 881 1685 αὑτων
904 1615 1053 1704 ἀτυχίαις
1073 1613 1136 1684 οάκ

187 1722 278 1782 ε”στιν
293 1713 383 1794 ὅπως
403 1713 443 1783 ού
465 1721 712 1785 δυσκολανοῦσι
733 1720 788 1785 καὶ
808 1725 956 1804 χαλεπῶς
972 1728 1133 1785 οἴσουσιν.

187 1812 232 1891 ὡς
246 1806 310 1881 οὖν
329 1812 434 1891 οὕτως
453 1812 564 1881 αὐτῶν
581 1820 874 1902 διατεθησομένων
894 1817 1021 1902 σκόπει,
1037 1821 1070 1884 τί
1081 1836 1134 1882 σοι

186 1913 322 1982 λεκτέον
337 1914 466 1979 τούτων
479 1916 533 1981 καὶ
549 1922 581 1980 τί
595 1917 838 1994 παραλειπτέον
851 1918 974 1983 ἕστίν.“

115 2029 166 2079 150
267 2010 347 2098 Ἐγώ
366 2014 402 2079 δὲ
422 2010 580 2080 κάκείνου
601 2012 674 2079 τότε
696 2022 799 2081 ταῦτα
821 2018 1048 2101 λέγοντοςκαὶ
1069 2022 1135 2082 νῦν

183 2110 328 2197 ἡγοῦμαι
350 2112 485 2177 πόντων
506 2108 700 2193 ἀνθρώπων
721 2112 953 2193 ἀτοπωτάτους
976 2111 1059 2181 εἶναι
1081 2116 1135 2179 καὶ

184 2209 456 2295 σχετλιωτάτονς,
477 2213 596 2287 οἵτινες
617 2213 744 2296 βαρέως
765 2207 809 2277 ἀν
823 2209 997 2290 ἀκούοιεν,
1020 2217 1050 2280 εί
1070 2215 1135 2297 λη·
1148 2218 1182 2272 8²

184 2313 391 2392 τουργοῦντα
411 2306 473 2393 μὲν
494 2306 637 2392 ἐμαυτόν
657 2317 695 2397 τῇ
721 2311 815 2377 πόλει
836 2314 966 2396 παρέχω
989 2314 1043 2378 καὶ
1058 2336 1134 2376 ποι-

190 2412 298 2475 οῦντα
321 2407 358 2474 τό
383 2407 689 2495 προσταττόμενον,
721 2410 827 2497 μηδὲν
851 2410 889 2480 δέ
914 2412 1030 2500 δεόμαι
1052 2410 1133 2501 μήτε

189 2514 398 2595 κληροῦσθαι
425 2513 494 2577 τάν
520 2505 636 2597 ἀρχόν
665 2507 747 2597 μήτε
777 2512 980 2600 λαμβάνειν,
1010 2510 1032 2581 ἀ
1062 2530 1133 2593 τοῖς

186 2610 298 2685 ἀλλοις
318 2604 339 2693 ἡ
361 2606 456 2683 πόλις
478 2610 612 2691 δίδωσι,
634 2604 710 2694 μη’τ’
732 2600 777 2673 αό
795 2608 934 2693 φεύγειν
950 2611 1042 2685 δίκας
1055 2607 1136 2692 μήτε

120 2727 165 2777 151
184 2708 325 2775 διιύκειν.
349 2713 451 2772 ταῦτα
464 2703 527 2790 γὰρ
539 2706 769 2792 συνεταξάμην
780 2704 820 2773 ού
833 2704 887 2772 διά
900 2712 1047 2774 πλοῦτον
1058 2701 1135 2772 οὐδὲ

186 2805 230 2875 δι’
246 2804 489 2891 7ὑπερηφανίαν
511 2802 588 2871 ούδὲ
612 2813 836 2890 καταφρονῶν
853 2812 920 2872 τῶν
935 2803 980 2891 μὴ
996 2802 1056 2871 τόν
1071 2799 1135 2869 αύ-

186 2904 244 2973 τόν
265 2903 390 2988 τρόπον
410 2905 481 2987 ἐμοὶ
502 2904 651 2984 ζεόντων,
675 2900 759 2973 ἀλλά
774 2902 836 2990 την
849 2905 911 2990 μὲν
926 2902 1067 2991 ἡσυχίαν
1080 2903 1135 2969 καὶ

186 3004 246 3091 τὴν
267 3001 533 3088 ἀπραγμοσύνην
553 3000 708 3089 ἀγαπῶν,
730 3004 872 3089 μάλιστα
893 2999 924 3068 δ’
949 3001 1040 3086 ὁρῶν
1056 2999 1136 3079 τούς

184 3104 357 3183 τοιούτους
376 3103 429 3168 καὶ
454 3099 532 3187 παρ’
554 3099 635 3188 ὑμῖν
656 3103 710 3169 καὶ
724 3098 815 3186 παρὰ
829 3115 895 3177 τοῖς
910 3098 1022 3177 ἀλλοις
1038 3096 1136 3165 εόδο-

185 3209 380 3289 κιμοῦντας,
403 3206 512 3268 ἔπειτα
536 3197 596 3267 τόν
613 3206 689 3287 βίον
705 3198 788 3287 ἡδίω
803 3205 941 3284 νομίσας
956 3196 1038 3266 εἶναι
1056 3205 1135 3264 τοῦ·

185 3327 243 3368 τον
259 3295 278 3387 ἢ
294 3297 353 3366 τόν
368 3308 436 3365 τῶν
450 3295 555 3366 πολλὰ
570 3298 794 3382 πραττόντων,
810 3304 857 3365 ἔτι
872 3300 907 3363 δὲ
922 3310 992 3374 ταῖς
1008 3300 1133 3376 διατρι-

185 3410 257 3487 βαῖς
278 3414 348 3477 ταῖς
368 3403 459 3484 ἐμαῖς
479 3399 768 3482 πρεπωδέστερον,
790 3394 841 3474 αἶς
864 3398 896 3475 ἐξ
918 3393 1018 3481 ἀρχῆς
1038 3420 1131 3462 κατε-

128 3514 169 3567 152
183 3499 362 3585 στησάμηυ.
390 3496 519 3564 τούτων
537 3497 598 3582 μέν
614 3498 711 3565 ἕνεκα
728 3503 848 3563 τοῦτον
861 3492 921 3561 τόν
936 3493 1061 3576 τρόπον
1076 3500 1131 3579 ζῆν

184 3594 402 3682 προειλόμην·
425 3602 492 3661 τῶν
507 3597 542 3662 δὲ
557 3596 737 3681 λημμάτων
751 3602 818 3661 τῶν
833 3591 923 3678 παρὰ
939 3599 997 3679 τῆς
1008 3593 1132 3671 πόλεως
