2859 4334
459 334 576 389 ΠΕΡΙ
591 332 932 391 ΑΝΤΙΔΟΣΕΩΣ.
1102 330 1159 394 167

215 492 280 577 γὰρ
296 490 449 569 τοιαύτας
465 488 629 573 εὑρίσκων
644 487 745 557 οὐδέν
761 493 972 575 διαπράξεται
983 501 1051 560 των
1065 490 1162 559 δεόν-

137 609 196 665 277
215 618 291 658 των,
318 596 428 659 ἔπειτα
450 599 518 657 των
537 591 691 673 πράξεων
720 598 788 658 τῶν
808 598 1057 658 συντεινουσῶν
1079 589 1162 674 πρὸς

215 689 277 777 τήν
290 686 458 758 ὑπόθεσιν
479 692 638 771 ἐκλέξεται
661 691 719 768 τάς
739 691 1012 774 πρεπωδεστάτας
1032 693 1085 757 καλ
1097 694 1161 775 μά-

216 800 309 859 λιστα
325 791 575 876 συμφερούσας·
589 788 606 856 ὁ
619 790 654 857 δὲ
666 788 725 869 τάς
735 792 890 868 τοιαύτας
903 789 1162 876 συνεθιζόμενος

215 902 360 973 θεωρεῖν
379 892 430 957 καλ
449 890 637 975 δοκιμάζειν
654 888 695 955 οὐ
708 890 817 976 μόνον
831 891 907 972 περὶ
923 887 984 957 τόν
999 892 1161 956 ἐνεστῶτα

216 991 318 1076 λόγον
340 988 423 1058 ἀλλά
445 990 594 1073 καὶπερὶ
615 988 672 1067 τάς
697 987 798 1066 ἀλλας
818 988 951 1073 πράξεις
971 986 1033 1075 τὴν
1055 985 1161 1073 αὐτὴν

216 1093 278 1169 ἕξει
299 1087 425 1177 ταύτην
433 1087 591 1177 δύναμιν,
607 1085 692 1159 οἶσθ’
710 1086 777 1174 ἅμα
798 1086 834 1154 τό
856 1089 966 1173 λέγειν
986 1080 1025 1155 εὖ
1047 1089 1102 1155 καλ
1123 1085 1159 1154 τό

215 1202 356 1273 φρονεῖν
375 1188 639 1273 παραγενήσεται
662 1202 729 1264 τοῖς
751 1185 945 1272 φιλοσόφως
961 1188 1014 1253 καὶ
1031 1192 1161 1270 φιλοτί-

140 1304 200 1361 278
213 1312 283 1370 μως
299 1283 383 1368 πρός
404 1284 482 1364 τούς
502 1287 624 1372 λόγους
640 1290 868 1370 διακειμένοις.
898 1288 952 1352 καλ
968 1283 1035 1371 μὴν
1053 1280 1126 1351 οὐδ’
1142 1280 1160 1347 ό

214 1392 345 1453 πείθειν
366 1385 570 1471 βουλόμενος
590 1383 745 1470 ἀμελήσει
762 1392 819 1470 τῆς
844 1382 971 1472 ἀρετῆς,
982 1381 1065 1452 ἀλλά
1081 1384 1173 1450 τού-.

213 1510 258 1574 τφ
275 1484 416 1567 μάλιστα
432 1487 581 1568 προσέξει
606 1482 667 1551 τόν
682 1492 784 1567 νοῦν,
802 1481 892 1561 ὅπως
909 1480 1071 1568 δόξαντός
1088 1484 1161 1550 έπε-

215 1582 404 1666 εικεστάτην
429 1584 566 1667 λήψεται
598 1579 688 1666 παρά
720 1596 787 1659 τοῖς
813 1584 1159 1667 συμπολιτευομένοις.

214 1688 261 1759 τίς
275 1677 339 1767 γάρ
358 1678 420 1747 οὐκ
442 1678 509 1747 οἶδε
530 1680 677 1757 καὶτοὺς
697 1679 820 1766 λόγους
840 1677 1085 1765 ἀληθεστέρους
1102 1682 1161 1745 δο-

214 1787 355 1857 κοῦντας
372 1778 453 1847 εἶναι
467 1778 546 1859 τούς
560 1778 625 1847 ὑπό
642 1786 709 1846 τῶν
727 1772 766 1846 εύ
780 1783 999 1865 διακειμένων
1024 1788 1160 1865 λεγομέ-

214 1904 295 1955 νους
311 1874 330 1963 ἢ
345 1876 423 1956 τούς
445 1876 511 1945 ύπό
538 1886 606 1945 των
632 1882 920 1966 διαβεβλημένων,
946 1880 1000 1945 καὶ
1024 1874 1082 1955 τάς
1105 1892 1160 1943 πί-

213 1998 300 2055 στεις
326 1983 436 2063 μεῖζον
458 1979 647 2062 δυναμένας
667 1975 725 2056 τάς
750 1981 786 2045 ἐκ
807 1986 868 2045 τοῦ
883 1984 960 2062 βίον
981 1978 1160 2061 γεγενημέ-

214 2072 309 2162 ναςῆ
329 2075 387 2155 τάς
408 2074 473 2143 ὑπό
495 2086 556 2143 του
577 2076 680 2162 λόγον
703 2079 964 2161 πεπορισμέναςς
987 2074 1073 2142 ὥσθ’
1091 2074 1160 2163 όσφ

212 2200 274 2262 περ
297 2173 341 2242 ἀν
366 2203 415 2253 τις
436 2178 725 2261 ἐρρωμενεστέρως
752 2178 899 2261 έπνθυμη
923 2182 1056 2241 πείθειν
1082 2171 1161 2250 τούς

213 2274 410 2359 ἀκούοντας,
428 2278 575 2364 τοσούτφ
593 2282 721 2360 μᾶλλον
736 2273 872 2360 ἀσκήσει
888 2270 989 2351 καλός
1006 2269 1158 2359 κάγαθός
1180 2284 1228 2335 m

141 2384 195 2443 279
214 2372 298 2441 ελναι
314 2376 369 2441 καὶ
389 2373 479 2460 παρά
495 2390 562 2452 τοῖς
582 2381 731 2451 πολίταις
748 2370 946 2457 εὐδοκιμεῖν.
978 2373 1033 2438 καὶ
1045 2371 1158 2456 μηδεὶς

212 2472 308 2561 ὑμῶν
322 2477 446 2543 οἰέσθω
467 2473 545 2552 τούς
564 2474 625 2560 μὲν
642 2472 764 2551 ἀλλους
785 2471 932 2549 ἅπαντας
946 2472 1157 2556 γιγνώσκειν,

212 2570 296 2658 ὅσην
311 2580 375 2658 ἔχει
392 2572 500 2660 ῥοπὴν
516 2579 561 2651 είς
572 2570 608 2639 τό
622 2580 754 2641 πείθειν
767 2568 804 2639 τό
816 2586 884 2649 τοῖς
895 2576 1069 2655 κρίνουσιν
1081 2566 1158 2651 ἀρέ-

212 2694 320 2754 σκειν,
345 2670 424 2751 τούς
448 2674 483 2741 δὲ
512 2675 586 2755 περὶ
602 2670 663 2758 την
686 2678 891 2757 φιλοσοφίαν
912 2668 1010 2747 ὄντας
1030 2669 1158 2753 μόνους

211 2770 347 2859 ἀγνοεῖν
370 2770 432 2858 την
452 2780 508 2857 της
527 2770 659 2849 εὐνοίας
684 2771 846 2855 δύναμιν·
869 2766 956 2835 πολὺ
978 2765 1042 2853 γάρ
1064 2766 1158 2853 ἀκρι-

141 2884 196 2938 280
210 2874 373 2959 βέστερον,
384 2878 452 2937 των
468 2868 578 2937 ἀλλων
593 2870 648 2937 καὶ
663 2864 757 2936 ταῦτ’
774 2878 881 2951 ίσασι,
906 2869 961 2934 καὶ
980 2864 1065 2949 πρός
1078 2867 1161 2932 τού-

211 2994 290 3051 τοις,
305 2966 355 3034 ότι
374 2966 413 3034 τά
430 2970 492 3055 μέν
508 2968 617 3037 είκότα
639 2970 694 3035 καλ
716 2966 756 3034 τά
778 2966 939 3051 τεκμήρια
961 2966 1016 3031 καλ
1036 2972 1105 3031 πᾶν
1121 2960 1158 3029 τό

211 3076 278 3135 τοῖν
285 3076 428 3135 πίστεων
437 3066 521 3146 εἶδος
527 3075 625 3135 τοῦτο
632 3068 740 3152 μόνον
747 3064 867 3151 ἀφελεῖ
874 3062 911 3131 τό
922 3066 1032 3150 μέρος,
1045 3060 1099 3149 ἐφ’
1113 3057 1160 3151 ᾧ·

211 3192 274 3253 περ
288 3163 332 3233 ἀν
342 3160 455 3233 αύτῶν
467 3172 607 3235 ἕκαστον
617 3167 700 3253 τύχη
712 3169 830 3251 ῥηθὲν,
848 3162 885 3231 τό
901 3164 936 3230 δὲ
952 3168 1063 3231 δοκεῖν
1075 3161 1159 3231 ελναι

211 3265 316 3335 καλόν
327 3265 481 3352 κάγαθόν
493 3265 535 3336 οὐ
542 3258 649 3354 μόνον
660 3263 720 3333 τόν
731 3266 834 3351 λόγον
844 3264 1039 3348 πιστότερον
1047 3265 1160 3344 ἐποίη-

211 3364 366 3434 σενάλλά
379 3369 433 3433 καλ
444 3362 778 3450 τάςπράξειςτοῦτην
788 3363 947 3448 τοιαύτην
956 3362 1056 3441 δόξαν
1064 3367 1158 3447 έχον-

210 3491 266 3545 τος
276 3469 484 3551 ἐντιμοτέρας
491 3469 699 3549 κατέστησεν,
712 3458 847 3548 ὑπὲροό
857 3467 1086 3531 σπουδαστέον
1092 3467 1158 3531 ἐστὶ

209 3576 278 3643 τοῖς
289 3556 328 3630 εύ
339 3570 505 3658 φρονοῦσι
517 3572 645 3649 μαλλον
656 3560 676 3641 ἦ
689 3568 763 3642 περὶ
774 3574 842 3631 τοῖν
859 3563 970 3631 ἀλλων
987 3560 1155 3630 ἁπάντων.
