2859 4334
397 350 517 407 ΠΕΡΙ
544 349 891 414 Ammonius,
1069 344 1127 406 117

178 508 225 593 τῇ
240 501 334 573 πόλει
347 504 403 573 καλ
417 510 694 591 Λακεδαιμονίοις
706 507 764 573 καὶ
779 520 849 585 τοῖς
862 502 974 583 ἄλλοις
993 500 1126 572 ἅπασιν.

130 620 168 670 65
178 606 372 691 διαλεχθείς
385 604 422 674 δὲ
436 608 513 695 περὶ
527 606 656 677 τούτων
668 606 792 687 καὶτάς
804 612 864 693 τῆς
875 606 1030 685 Ἑλλάδος
1040 628 1127 693 συμ-

179 706 294 794 φοράς
307 702 518 794 ὀδυράμενος
531 710 588 777 καλ
601 715 644 798 τῇ
659 707 753 776 πόλει
767 707 982 795 παραινέσας,
1003 705 1048 787 (ὃς
1066 705 1129 794 χρὴ

178 806 228 895 μὴ
246 814 409 897 περιορᾶν
427 806 537 897 αὐτὴν
554 807 644 879 οὕτω
658 808 886 896 πράττουσαν,
906 810 960 877 ἐπὶ
974 813 1129 896 τελευτῆς

180 912 243 977 ἐπί
257 934 294 977 τε
311 908 374 996 τὴν
391 910 608 999 δικαιοσύνην
626 913 810 998 παρακαλῶ
823 911 879 978 καί
892 924 964 990 τοῖς
977 908 1122 999 άμαρτα-

179 1012 335 1097 νομένοις
345 1012 595 1097 ἐπιπλήττωκαλ
609 1013 759 1099 περὶτῶν
767 1010 959 1101 μελλόντων
972 1017 1124 1099 συμβου-
1139 1025 1156 1080 δ

181 1110 283 1180 λεάω.
320 1112 434 1197 λαβὼν
453 1104 518 1182 οὖν
535 1111 643 1201 ἀρχὴν
659 1112 805 1200 ταύτην,
831 1112 916 1182 ὅθεν
934 1115 1128 1200 διαλέγομαι

180 1214 260 1301 περὶ
277 1209 411 1301 αὐτῶν,
438 1211 615 1301 άνάγνωθι
632 1215 688 1284 καλ
706 1220 809 1283 τοῦτο
825 1212 864 1281 τό
882 1216 983 1300 μέρος
1000 1208 1126 1293 αὐτοῖς.

135 1359 171 1408 66
377 1348 440 1410 ΕΚ
468 1349 561 1411 ΤΟΥ
582 1350 696 1411 ΠΕΡΙ
719 1349 941 1411 ΕΙΡΗΝΗΣ.

306 1441 515 1535 Ἡγουμαιδὲ
529 1456 602 1518 δεῖν
614 1448 701 1537 ἡμᾶς
709 1447 751 1518 οό
758 1449 864 1537 μόνον
876 1449 1128 1537 ψηφισαμένους

234 1550 297 1637 τὴν
311 1550 448 1637 εἰρήνην
463 1554 498 1618 ἐκ
512 1556 571 1637 τῆς
587 1555 764 1638 ἐκκλησίας
778 1548 952 1636 ἀπελθεῖν,
972 1548 1056 1619 άλλά
1073 1550 1127 1618 καλ

234 1653 540 1738 βουλευσαμένους,
559 1650 649 1731 ὅπως
666 1652 790 1740 ἄξομεν
808 1650 915 1739 πότην
928 1673 965 1737 (p.
980 1672 1036 1735 1⁶4,
1056 1672 1128 1737 32⁶)

181 1780 216 1827 με
237 1782 263 1828 ρι
284 1780 334 1816 του
958 1821 964 1825 ,

218 1781 235 1830 ²
313 1841 456 1906 ἐπιλίποι
473 1834 507 1905 δ’
528 1836 573 1905 όν
588 1864 629 1925 με
647 1835 685 1906 τό
703 1836 822 1907 λοιπόν
839 1838 939 1924 μέρος
963 1842 1021 1925 τῆς
1045 1834 1187 1924 ἠμί-339

237 1968 310 2027 ρας,
329 1946 361 2007 εί
373 1938 482 2018 πόσας
495 1937 555 2018 τάς
569 1946 795 2025 πλημμελείας
808 1938 868 2017 τάς
882 1941 919 2007 ἐν
935 1953 1004 2018 τοῖς
1017 1938 1123 2027 πράγ-

234 2063 335 2200 m
355 2042 616 2127 ἐγγεγενημίνας
633 2040 791 2123 ἐξετάζειν
808 2042 1007 2127 ἐπιχειροίην
1023 2058 1059 2124 (p.
1071 2060 1128 2124 ιῖο,

185 2216 240 2275 εἶτ’
260 2214 363 2285 ἐξελών
381 2212 418 2271 τὰ
434 2216 508 2286 μέσα
527 2221 658 2287 συνῆψεν
674 2210 778 2277 οὕτως·

235 2303 286 2375 τίς
301 2285 364 2362 οὖν
378 2292 556 2380 άπαλλαγή
570 2292 744 2381 γενήσεται
757 2297 814 2378 τῆς
827 2293 973 2379 ταραχῆς
983 2294 1128 2382 ταύτηςς
1139 2331 1188 2380 840

235 2398 292 2466 καὶ
307 2397 377 2475 πῶς
392 2396 698 2483 ἐπανορθωσόμεθα
714 2394 755 2462 τὰ
769 2396 826 2480 τῆς
837 2392 965 2473 πόλεως
978 2396 1033 2463 καὶ
1047 2405 1127 2484 βελ-

234 2506 297 2567 τίω
315 2492 516 2585 ποιήσομεν;
534 2494 761 2586 πρῶτονμὲν,
778 2487 821 2581 ἢν
839 2495 1048 2582 παυσαίμεθα
1066 2502 1124 2585 δη-

106 2635 110 2644 ·
236 2598 393 2687 μοτικοάς
410 2598 473 2685 μέν
491 2606 678 2686 νομίζοντες
695 2596 776 2675 τούς
801 2595 1031 2682 συκοφάντας,
1054 2596 1122 2667 όλι-

216 2792 219 2800 .
236 2700 416 2789 γαρχικοάς
429 2695 1129 2788 δέτοάςκαλοόςτεκάγαθοῦςτάυάνδραδν

187 2797 394 2934 καλίῒάιέόέκὲά
403 2794 602 2945 1τ3ο3ι”ά’βιβλίου.
678 2939 681 2946 ‚

147 2971 177 3020 οῖ
261 2951 348 3043 (κε’.)
366 2964 478 3023 Δυοῖν
496 2952 558 3040 μὲν
575 2960 694 3022 τοίνυν
712 2950 825 3037 λόγοιν
843 2945 1019 3038 ἀκηκόατε·
1045 2952 1125 3039 βοά·
1138 2981 1186 3030 342

189 3054 333 3143 λομαιδέ
347 3055 477 3123 καὶτοῦ
492 3060 607 3141 τρίτου
621 3053 721 3140 μικρά
737 3059 897 3139 διελθεῖν,
917 3052 962 3123 ἵν’
980 3052 1064 3141 ὑμῖν
1082 3061 1153 3124 ἐτιε

188 3161 314 3245 μάλλον
326 3156 462 3244 γένηται
475 3155 675 3242 καταφανές,
691 3152 740 3224 ὅτι
754 3153 876 3234 πάντες
889 3158 927 3224 οί
937 3155 1029 3241 λόγοι
1043 3155 1126 3244 πρὸς

188 3257 307 3347 άρετὴν
320 3260 377 3327 καὶ
391 3257 609 3344 δικαιοσύνην
623 3264 864 3325 συντείνουσιν.
886 3262 953 3325 ἐστι
967 3255 998 3325 δ’
1014 3254 1033 3325 ὁ
1046 3257 1124 3344 μέλ·

190 3370 254 3429 λων
262 3358 498 3446 δειχθήσεσθαι
507 3366 668 3430 Νικοκλεῖ
673 3364 718 3449 τῷ
729 3365 888 3449 Κυπρίῳ,
901 3360 947 3449 τῷ
955 3356 1028 3425 κατ’
1041 3360 1125 3428 ἐκεῖ·

188 3489 246 3531 νον
263 3460 322 3529 τόν
341 3458 465 3548 χρόνον
481 3467 624 3547 βασιλεῖ,
644 3458 907 3546 συμβουλεύων,
927 3456 972 3538 ὥς
989 3464 1045 3528 δεῖ
1058 3464 1126 3528 τῶν

190 3563 328 3631 πολιτῶν
342 3560 472 3649 ἄρχειν·
491 3560 554 3648 οάχ
573 3559 696 3648 ὁμοίως
710 3559 749 3629 δέ
764 3561 946 3647 γέγραπται
960 3574 1030 3641 τοῖς
1044 3556 1120 3630 ἄνε-
