2859 4334
290 339 354 404 τοι
570 343 890 402 [mmm
909 343 960 420 (τ)

291 497 437 584 καλμετά
445 502 571 585 κολλής
577 497 773 585 άπεχθείας,
790 495 810 565 ό
825 496 933 583 πατήρ
941 519 993 565 σοι
1007 497 1235 583 καταλέλοιπε,

291 599 375 669 τόδὲ
382 601 527 686 χρῆσθαι
533 600 665 679 τούτοις
672 605 783 679 καλοῖς
790 600 847 668 καὶ
855 597 1106 685 φιλανθρώπως
1115 601 1170 668 ἐπὶ
1178 600 1230 669 σολ
1243 603 1257 656 d

292 701 447 786 γέγονεν·
467 690 517 769 ὧν
525 702 590 788 χρή
600 723 636 770 σε
645 699 775 786 πολλήν
784 709 955 770 ποιεῖσθαι
964 699 1026 785 τήν
1037 702 1236 787 ἐπιμέλειαν.

267 815 281 864 τ
369 797 491 892 (γ’.)“Α
502 801 566 888 μέν
572 793 637 870 ούν
652 801 718 888 ε’γά
731 803 921 888 γιγνώσκω,
934 798 1031 869 ταῦτ’
1048 804 1156 870 ἐστίν·
1171 809 1236 889 ἔχει

292 900 326 970 δ’
341 902 461 984 οὕτως.
481 911 515 974 εί
525 902 589 991 μέν
604 906 684 994 ἐρᾷς
697 903 877 990 χρημάτων
894 905 950 971 καὶ
965 909 1114 991 μειζονος
1126 907 1234 972 δυνα-

293 1005 470 1085 στείαςκαλ
481 1003 663 1091 κινδύνων,
677 1002 723 1072 δι’
734 995 782 1073 οἷν
796 1009 836 1071 αί
846 1004 976 1090 κτήσεις
989 1002 1121 1073 τούτων
1135 1007 1236 1094 εἰσὶν,

295 1106 429 1193 ἑτέρους
448 1127 499 1175 σοι
517 1105 735 1194 συμβούλους
752 1107 999 1193 παρακλητέον·
1024 1111 1058 1174 εἰ
1073 1105 1112 1174 δὲ
1129 1110 1236 1175 ταύτα

292 1205 357 1292 μέν
370 1211 495 1287 ίκανοός
508 1213 602 1294 ἔχεις,
616 1206 737 1295 άρετής
751 1207 788 1275 δὲ
803 1207 860 1275 καὶ
874 1207 973 1292 δόξης
986 1211 1089 1294 καλῆς
1105 1209 1164 1276 καὶ
1178 1213 1236 1294 τῆς

295 1305 386 1394 παρά
400 1310 470 1377 των
481 1310 614 1376 πολλῶν
629 1307 765 1388 εύνοίας
782 1310 969 1395 ἐπιθυμεῖς,
986 1322 1057 1386 τοῖς
1070 1334 1106 1376 τε
1124 1310 1261 1394 λόγοιςι

294 1425 365 1489 τοῖς
380 1412 472 1496 ἐμοῖς
485 1411 689 1497 προσεκτέον
705 1408 767 1478 τὸν
779 1415 867 1478 νούν
887 1410 957 1477 ἐστὶ
971 1409 1111 1490 καὶτοῖς
1124 1416 1236 1491 καλῶς

294 1509 354 1590 τὰς
370 1511 483 1590 πόλεις
493 1512 553 1591 τὰς
566 1511 683 1580 αύτιδν
692 1515 876 1579 διοικοῦσιν
884 1508 1083 1599 άμιλλητέον
1092 1513 1151 1579 καὶ
1162 1539 1236 1582 πει·

269 1613 414 1696 δρατέον
428 1610 544 1680 αὐτῶν
556 1616 750 1698 διενεγκεῖν.
765 1610 880 1681 άκούω
889 1611 928 1681 δέ
940 1619 973 1681 Κ
973 1613 1110 1698 λεόμμιν
1123 1614 1187 1682 τόν
1201 1617 1236 1683 έν

294 1714 472 1803 Μηθύμνη
486 1713 615 1801 ταύτην
629 1721 746 1802 έχοντα
755 1714 1028 1801 τήνδυναστείαν
1042 1721 1123 1800 περί
1135 1741 1170 1783 τε
1176 1714 1236 1795 τάς

292 1815 396 1895 ἄλλας
423 1816 556 1902 πράξεις
579 1815 682 1883 καλόν
701 1814 857 1901 τάγαθόν
876 1812 963 1883 εἶναι
980 1818 1037 1883 καλ
1054 1815 1235 1904 φρόνιμον,

293 1917 349 1983 καὶ
367 1919 530 1984 τοσοῦτον
551 1915 685 2003 ἀπέχειν
708 1923 770 1985 τού
794 1922 862 1986 τῶν
879 1919 1024 1984 πολιτῶν
1041 1943 1136 1996 τινας
1149 1915 1236 1986 άπο-

292 2025 435 2086 κτείνειν
451 2012 473 2104 ή
491 2019 698 2105 φυγαδεύειν
715 2014 903 2105 ήδημεύειν
916 2016 975 2096 τάς
989 2015 1108 2097 ούσίας
1123 2012 1145 2106 ἦ
1159 2036 1288 2088 ποι-κισ

293 2133 345 2188 εῖν
364 2117 446 2188 ἄλλο
459 2147 489 2189 τι
502 2117 620 2205 κακόν,
639 2117 724 2188 ὥστε
738 2117 866 2207 πολλήν
882 2117 944 2206 μέν
961 2117 1150 2204 ἀσφάλειαν
1169 2147 1234 2189 πα·

292 2221 401 2307 ρέχειν
411 2235 481 2300 τοῖς
491 2222 838 2309 συμπολιτευομένοις,
846 2219 1001 2306 κατάγειν
1010 2217 1234 2309 δὲτούςφεύ-

267 2337 425 2408 υγοντας,
438 2319 636 2392 ἀποδιδόναι
648 2321 686 2390 δὲ
698 2337 770 2403 τοῖς
785 2321 848 2408 μὲν
860 2325 1011 2396 κατιοῦσι
1021 2318 1081 2402 τάς
1090 2322 1237 2412 κτήσεις,

293 2427 326 2505 ἐξ
340 2414 389 2492 όν
397 2425 564 2510 ἐξέπεσον,
576 2439 647 2504 τοῖς
658 2421 696 2492 δέ
703 2425 897 2511 πριαμένοις
905 2418 965 2502 τάς
972 2422 1067 2510 τιμάς
1079 2423 1140 2505 τάς
1156 2424 1217 2494 ἑκά
1221 2464 1232 2474 -
1350 2469 1351 2498 ;

293 2546 380 2604 στοις
387 2526 598 2613 γιγνομένας,
610 2524 695 2612 πρός
705 2525 744 2593 δέ
755 2524 884 2603 τούτοις
895 2532 1110 2608 καθοπλίζειν
1123 2523 1235 2595 ἅπαν·
1350 2517 1351 2528 ¹

291 2653 352 2706 τας
377 2627 457 2705 τούς
475 2631 627 2714 πολίτας,
653 2623 698 2706 σός
722 2623 864 2706 ούδενός
887 2624 950 2712 μέν
969 2626 1235 2713 έπιχειρήσοντος

292 2730 369 2813 περὶ
385 2723 493 2796 αύτόν
506 2734 722 2815 νεωτεριζειν,
735 2723 777 2814 ἣν
790 2723 822 2796 δ’
835 2724 897 2810 άρα
909 2725 996 2806 τινὲς
1010 2727 1235 2816 τολμήσωσιν,

291 2828 484 2918 ἡγούμενον
497 2835 683 2898 λυσιτελεῖν
698 2827 793 2920 αύτῷ
806 2827 968 2897 τεθνάναι
981 2827 1141 2917 τοιαύτην
1154 2828 1262 2915 ἀρε-ο
1350 2877 1351 2906 ,

291 2931 353 3018 τήν
371 2932 590 3022 ένδειξαμίνῳ
608 2943 677 3010 τοῖς
697 2936 849 3010 πολίταις
869 2925 1034 3018 μᾶλλουή
1052 2932 1110 3016 ζήυ
1129 2940 1237 3002 πλείω

294 3031 1237 3121 χρόνοντῇπόλειτῶνμεγίστωνκακώυαίτιονγενόμευον.

252 3149 284 3198 10
369 3130 521 3223 (δ’.)Ἕτι
532 3132 565 3202 δ’
580 3129 622 3201 ἂν
636 3138 741 3203 πλείω
753 3154 804 3203 σοι
813 3133 889 3218 περὶ
902 3131 1032 3202 τούτων
1045 3134 1236 3222 διελέχθην,

293 3246 374 3316 ίσως
391 3231 424 3304 δ’
441 3230 483 3302 ἂν
501 3234 557 3303 καλ
570 3236 802 3322 χαριέστερον,
825 3240 858 3304 εί
874 3231 920 3322 μή
935 3233 1149 3303 παντάπασιν
1169 3241 1238 3305 ἔδει

291 3363 332 3426 με
350 3335 405 3405 διά
430 3337 558 3424 ταχέων
575 3335 704 3423 γράψαι
722 3333 787 3422 τήν
811 3335 997 3422 ἐπιστολήν.
1039 3338 1107 3404 νύν
1125 3334 1163 3404 δέ
1181 3339 1236 3407 σοὶ

267 3508 269 3511 ,
291 3438 353 3526 μὲν
363 3428 465 3518 αὖθις
478 3435 790 3525 συμβουλεύσομεν,
806 3433 847 3506 άν
856 3436 901 3526 μή
913 3435 1053 3526 κωλύση
1066 3436 1158 3524 μετὰ
1171 3443 1236 3525 γή-

291 3567 365 3624 ρας,
385 3543 421 3608 ίν
440 3539 478 3608 δέ
498 3545 546 3630 τῷ
564 3538 705 3624 παρόντι
723 3539 886 3627 περὶτῶν
908 3541 1008 3608 ίδίων
1030 3538 1235 3629 δηλοόσομεν.

293 3639 358 3725 (ε’.)
382 3636 610 3726 Αὐτοκράτωρ
623 3637 717 3728 γάρό
728 3639 768 3706 τά
783 3638 960 3727 γράμματα
974 3634 1088 3728 φέρων
1102 3647 1236 3724 οἰκείως
1248 3677 1263 3714 c
1350 3645 1351 3688 λ
