2859 4334
312 392 371 455 ιεο
597 394 986 469 mmmmm>

260 573 295 628 σε
309 558 340 622 εί
353 549 419 641 γὰρ
430 551 513 639 μετά
526 549 590 640 τήν
600 552 710 640 μάχην
725 547 769 639 ἡν
780 554 940 639 ἐνίκησαν
950 560 1091 641 Θηβαῖοι
1103 558 1275 625 Λακεδαι-

307 660 463 740 μονίους,
485 654 608 721 ἐκεῖνοι
627 652 691 737 μέν
705 651 996 738 ἐλευθερώσαντες
1014 648 1078 740 τὴν
1091 653 1275 722 Πελοπόυ·

308 773 414 840 νησον
432 753 488 821 καὶ
504 748 585 831 τούς
599 749 724 831 ἄλλους
737 748 949 838 αὐτονόμους
966 750 1167 839 ποιήσαντες
1184 749 1274 839 ἡσυ-

306 859 383 939 χίαν
398 850 503 938 εἶχον,
520 847 614 937 ἡμεῖς
629 851 666 919 δέ
679 847 809 919 τοιαῦτ’
826 852 1115 937 ἐξημαρτάνομεν,
1137 847 1210 919 οὔτ’
1225 846 1274 919 ἀν

308 943 406 1030 οὗτος
417 956 491 1036 ἐσχε
503 948 630 1037 ταύτην
645 950 852 1038 ποιήσασθαι
863 946 926 1036 τήν
937 949 1117 1036 ἐρώτησιν,
1131 945 1228 1036 ἡμεῖς
1238 948 1272 1017 τ’

307 1046 352 1117 ἀν
369 1054 537 1136 ἐγνωμεν,
553 1046 622 1141 όσφ
634 1049 788 1135 κρεῖττόν
798 1050 867 1118 ἐστι
880 1046 919 1116 τό
931 1062 1123 1135 σωφρονεῖν
1133 1055 1195 1116 τοῦ
1206 1073 1274 1116 πο-

258 1169 294 1227 ις
307 1157 567 1235 λυπραγμονεῖν.
578 1155 645 1217 νῦν
656 1146 689 1216 δ’
698 1152 849 1219 ἐνταῦθα
857 1146 897 1216 τά
907 1148 1087 1235 πράγματα
1097 1150 1302 1236 περιέστη-ι

308 1274 384 1335 κεν,
401 1244 486 1317 ώστε
502 1255 642 1336 Θηβαῖοι
656 1249 720 1335 μὲν
734 1245 822 1335 ἡμᾶς
837 1248 1019 1334 σώζουσιν,
1041 1244 1135 1335 ἡμεῖς
1149 1246 1186 1315 δὲ
1198 1254 1273 1333 Θη-

307 1352 440 1436 βαίους,
468 1349 523 1415 καὶ
543 1347 738 1433 συμμάχους
764 1350 884 1416 ἐκεῖνοι
906 1349 969 1433 μὲν
993 1345 1074 1435 ἡμῖν
1097 1354 1271 1433 ποιοῦσιν,

307 1444 400 1535 ἡμεῖς
415 1441 446 1513 δ’
463 1448 611 1523 ἐκείνοις.
642 1441 722 1513 ὥστ’
738 1450 768 1514 εί
780 1442 867 1514 νοῦν
882 1451 1031 1533 ἔχοιμεν,
1052 1442 1209 1533 ἀλλήλοις
1224 1441 1273 1512 ἀν

308 1552 354 1624 είς
364 1542 424 1624 τάς
435 1546 608 1631 ἐκκλησίας
621 1542 787 1633 ἀργύριον
797 1549 1015 1632 παρέχοιμεν·
1035 1541 1191 1630 ὁπότεροι
1201 1541 1271 1631 γάρ

307 1641 352 1713 ἀν
362 1644 543 1723 πλεονάκις
554 1651 779 1731 συλλεγῶσιν,
791 1636 886 1713 οὗτοι
895 1641 975 1723 τούς
985 1646 1160 1724 ἐναντίους
1170 1641 1271 1730 ἀμει-

257 1766 292 1820 60
306 1770 369 1812 νον
382 1744 542 1829 πράττειν
556 1749 723 1811 ποιοῦσιν.
745 1740 809 1830 χρὴ
822 1743 859 1812 δὲ
870 1741 950 1824 τούς
960 1748 1016 1812 καὶ
1025 1741 1271 1831 μικρδιλογίζε-

307 1853 388 1912 σθαι
404 1843 615 1928 δυναμένους
625 1840 688 1909 οὐκ
703 1844 741 1910 έν
754 1856 823 1921 τοῖς
833 1849 902 1911 τών
912 1845 1044 1929 ἐχθρώυ
1054 1840 1270 1929 ἁμαρτήμασι

305 1940 364 2020 τάς
386 1943 519 2021 ἐλπίδας
540 1948 627 2028 ἐχειν
640 1947 698 2028 τῆς
716 1948 897 2030 σωτηρίας,
919 1939 995 2012 ἀλλ’
1017 1946 1055 2012 ἐν
1070 1957 1140 2022 τοῖς
1153 1939 1299 2009 αὑτώνο

306 2043 477 2130 πράγμασι
498 2045 638 2123 καλιαῖς
657 2040 772 2111 αὐτῶν
788 2047 968 2122 διανοίαις·
997 2040 1034 2111 τό
1052 2047 1115 2130 μὲν
1129 2040 1195 2130 γάρ
1211 2039 1269 2109 διά

305 2142 368 2230 τὴν
381 2146 520 2211 ἐκείνων
540 2140 691 2229 ἀμαθίαν
708 2148 898 2230 συμβαῖνον
918 2140 1000 2230 ἡμῖν
1013 2138 1147 2229 ἀγαθόν
1164 2138 1270 2227 τυχόν

306 2237 350 2309 ἀν
363 2242 528 2311 παύσαιτο
544 2243 599 2309 καὶ
611 2242 709 2329 λάβοι
723 2238 929 2329 μεταβολήν,
944 2239 982 2310 τό
997 2243 1035 2309 δὲ
1046 2239 1092 2310 δι’
1104 2239 1192 2328 ἡμᾶς
1203 2239 1267 2309 αὖ·

305 2337 384 2420 τοὺς
398 2339 603 2428 γιγνόμενον
618 2344 838 2428 βεβαιοτέρως
852 2335 896 2407 ἀν
909 2346 977 2426 ἔχοι
992 2342 1047 2409 καὶ
1061 2346 1191 2426 μᾶλλον
1201 2364 1268 2407 πα-

305 2446 494 2526 ραμείνειεν
509 2436 598 2530 ἡμῖν.

256 2562 289 2615 61
389 2539 479 2630 (vst'.)
500 2536 594 2626 Πρός
604 2542 666 2627 μὲν
677 2532 744 2606 οὖν
757 2537 836 2616 τούς
848 2544 921 2628 είκῇ
934 2536 994 2617 τάς
1005 2538 1175 2625 ἐπιλήψεις
1189 2563 1270 2606 ποι-

307 2642 471 2726 ουμένους
488 2637 531 2707 οό
547 2636 694 2727 χαλεπόν
708 2636 895 2707 ἀντειπεῖν·
918 2643 948 2706 εί
958 2637 994 2705 δέ
1010 2639 1052 2724 δή
1066 2664 1115 2716 τις
1130 2664 1188 2724 μοι
1198 2662 1269 2707 πα-
1282 2653 1300 2705 d
1357 2707 1358 2728 ¹

306 2737 429 2826 ραστάς
444 2748 514 2807 τών
525 2742 769 2827 ἐπιεικέστερον
779 2739 999 2824 διακειμένων
1010 2733 1121 2823 ἀληθῆ
1138 2738 1201 2822 μὲν
1212 2740 1270 2807 λέ-

304 2866 379 2926 γειν
395 2866 437 2925 με
458 2838 764 2927 προσομολογήσειε
779 2841 835 2907 καὶ
856 2837 1095 2924 προσηκόντως
1112 2838 1270 2923 ἐπιτιμᾶν

304 2952 373 3018 τοῖς
389 2943 618 3025 γιγνομένοις,
641 2942 775 3006 δίκαιον
791 2935 823 3005 δ’
846 2935 931 3006 εἶναι
944 2943 1028 3023 φαίη
1044 2933 1125 3016 τοδς
1139 2933 1191 3005 ἐπ’
1208 2934 1269 3005 εό-

304 3042 381 3127 νοίρι
405 3044 655 3117 νουθετοῦντας
680 3035 726 3125 μή
756 3037 864 3124 μόνον
888 3050 1087 3125 κατηγορεῖν
1112 3043 1181 3106 τών
1205 3062 1268 3105 πε-

256 3154 290 3208 62
306 3138 509 3223 πραγμένων
533 3134 617 3205 ἀλλά
643 3138 699 3205 καί
724 3137 987 3225 συμβουλεύειν,
1014 3144 1119 3205 τίνων
1144 3134 1267 3223 ἀπεχό·

305 3261 401 3322 μενοι
421 3236 477 3303 καί
495 3240 603 3303 ποίων
626 3232 825 3324 ὀρεγόμενοι
845 3233 1051 3324 παυσαίμεθ’
1074 3232 1119 3305 ἀν
1140 3235 1268 3323 ταύτην

305 3342 435 3423 ἔχοντες
461 3329 524 3421 τήν
554 3333 695 3421 γνώμην
726 3339 782 3406 καί
809 3334 938 3405 τοιαῦτ’
972 3336 1266 3423 ἐξαμαρτάνοντες,

305 3424 404 3514 οὗτος
426 3430 443 3503 ὁ
460 3432 559 3520 λόγος
575 3431 716 3521 ἀπορεῖν
737 3437 781 3505 ἀν
797 3462 839 3524 με
859 3438 1030 3525 ποιήσειεν
1046 3433 1266 3523 ἀποκρίσεως,

305 3529 369 3601 οὐκ
382 3530 535 3620 ἀληθοῦς
547 3534 603 3602 καὶ
613 3536 854 3623 συμφερούσης
866 3531 942 3604 ἀλλ’
954 3534 1162 3622 ἀρεσκοόσης
1174 3531 1269 3619 ἡμῖν.
1282 3566 1300 3603 ε

306 3625 347 3693 οὐ
370 3626 437 3711 μὴν
463 3626 536 3697 ἀλλ’
566 3632 681 3718 ἐπειδή
705 3658 769 3715 περ
797 3631 1124 3719 ἀποκεκαλνμμένως
1151 3631 1268 3715 ώρμη-
