2859 4334
451 415 820 475 ΠΑΝΗΓῬΡΙΚΟΣ.
1070 417 1109 482 Τί

159 577 215 660 την
230 572 314 645 δδδν
327 573 452 662 ὁμοίως
470 575 742 661 διεπορεύθησαν
757 571 939 660 ὡσπερανεὶ
961 599 1112 662 προπεμ-

158 674 313 761 πόμενοι,
333 673 476 759 μάλιστα
495 671 558 758 μὲν
578 673 785 759 φοβούμενοι
806 670 868 762 τὴν
883 670 1039 760 δοίιιητον
1052 681 1137 763 τῆςδ

157 773 280 858 χώρας,
302 776 460 858 μέγιστον
473 771 510 840 δδ
527 779 597 840 τῶν
617 770 760 858 ἀγαθῶν
773 781 977 860 νομίζοντες,
1000 779 1031 843 εί
1042 780 1111 842 τῶν

105 891 144 946 ιθ
156 877 324 957 πολεμίων
340 868 386 949 ῶς
402 877 569 951 πλείστοις
583 871 765 957 ἐντύχοιεν.
789 873 975 959 κεφάλαιον
990 874 1026 942 δέ
1042 880 1111 940 τῶν

156 974 356 1058 εἰρημένων·
378 974 500 1039 ἐκείνοι
513 969 580 1058 γὰρ
591 969 656 1040 ούκ
670 973 724 1040 ἐπὶ
735 977 829 1040 λείαν
840 973 1012 1056 ἐλθόντες,
1031 969 1110 1042 ούδέ

155 1069 271 1154 κόμην
278 1070 524 1155 καταλαβόντες
531 1064 667 1138 ύλλ’έπ’
676 1065 783 1137 αύτόυ
790 1066 851 1138 τόν
860 1074 997 1158 βασιλέα
1008 1093 1109 1154 στρα-

154 1170 347 1255 τεύσαντες,
362 1167 613 1256 ἀσφαλέστερον
625 1174 815 1259 κατέβησαν
829 1177 897 1240 τῶν
911 1173 984 1257 περὶ
998 1178 1111 1257 φιλίας

155 1264 195 1346 ὡς
204 1265 315 1336 αύτδυ
329 1269 598 1354 πρεσβευόντων.
620 1265 705 1336 ῶστε
715 1294 772 1355 μοι
785 1275 945 1338 δοκοῦσιν
959 1273 996 1338 ἐν
1007 1269 1110 1338 ἅπασι

155 1380 219 1444 τοῖς
234 1366 353 1446 τόποις
366 1373 483 1452 σαφῶς
493 1369 717 1451 ἐπιδεδεῖχθαι
727 1363 790 1454 τὴν
805 1364 918 1434 αὑτῶν
927 1375 1109 1454 μαλακίαν·
1123 1391 1138 1428 ο

155 1463 284 1551 καὶγὰρ
295 1469 334 1533 έν
343 1474 385 1555 τῇ
394 1473 540 1554 παραλίᾳ
550 1472 609 1553 τῆς
620 1462 729 1545 Ἀσίας
738 1463 864 1544 πολλός
874 1465 979 1552 μάχας
988 1463 1109 1552 ἥττην-

155 1592 219 1651 ται,
233 1568 292 1634 καί
307 1565 485 1652 διαβάντες
498 1571 545 1644 είς
558 1562 621 1652 τὴν
634 1561 807 1650 Εύρύπηυ
819 1568 916 1651 δίκην
930 1569 1063 1650 ἔδοσαν,
1078 1570 1110 1634 οί

154 1666 213 1750 μὲν
227 1661 296 1751 γὰρ
316 1662 431 1734 αύτῶυ
450 1672 561 1744 κακῶς
575 1661 751 1733 ἄπῶλονθ’
768 1669 802 1734 οί
813 1662 845 1732 δ’
861 1671 1002 1752 αίσχρῶς
1024 1663 1109 1733 ἐσύ-

154 1773 282 1851 θησαν,
310 1767 367 1833 καί
386 1771 605 1843 τελευτῶντες
624 1761 684 1832 ὑπ’
707 1761 822 1845 αὐτοῖς
841 1777 909 1843 τοῖς
929 1771 1109 1852 βασιλείοις

153 1867 391 1949 καταγέλαστοι
404 1864 595 1952 γεγόνασιν.

102 1977 141 2030 ῖῖο
235 1961 334 2048 (μα’.)
356 1965 422 2029 Καὶ
441 1963 573 2029 τούτων
587 1958 688 2029 οὐδέν
700 1958 832 2046 ἀλόγως
843 1963 1001 2048 γέγονεν,
1023 1959 1108 2030 ἄλλα
1124 1963 1157 2017 Π

154 2058 252 2128 πάντ’
266 2060 404 2139 είκότως
417 2056 643 2147 ἀποβέβηκεν·
665 2057 707 2126 οὐ
719 2057 784 2144 γὰρ
798 2053 915 2128 οἷόντε
928 2056 1008 2138 τούς
1020 2057 1108 2128 οὕτω

153 2160 384 2247 τρεφομένους
393 2163 449 2229 καὶ
463 2161 742 2245 πολιτευομένους
756 2156 834 2228 οὔτε
843 2165 901 2247 τῆς
916 2157 1019 2245 ἄλλης
1030 2157 1108 2244 ἄρα·

153 2269 209 2345 τῆς
221 2259 372 2346 μετέχειν
383 2256 457 2328 οὔτ’
466 2262 504 2328 έν
514 2273 584 2338 ταῖς
595 2259 714 2346 υύχαις
729 2256 891 2342 τρόπαιον
899 2259 1031 2327 ίστόναι
1040 2265 1122 2326 τῶν.

153 2367 332 2446 πολεμίων.
364 2366 437 2439 πῶς
454 2357 520 2445 γὰρ
541 2362 579 2428 έν
599 2372 668 2437 τοῖς
688 2361 828 2427 ἐκείνων
849 2359 1109 2445 ἐπιτηδεύμασιν

154 2459 350 2544 ἐγγενέσθαι
366 2456 498 2527 δύναιτ’
511 2453 589 2544 ἄνῆ
599 2453 783 2543 στρατηγὸς
794 2461 813 2524 δ
816 2455 903 2536 εινδς
913 2453 935 2543 ἢ
946 2457 1109 2540 στρατιῶ-

153 2584 208 2642 της
220 2554 368 2644 ύγαθδς,
386 2549 434 2625 όν
449 2556 486 2626 τὸ
502 2557 565 2645 μὲν
579 2558 734 2626 πλεῖστόν
749 2560 839 2624 ἐστιν
859 2555 955 2643 ὄχλος
969 2555 1108 2636 ἄτακτος

153 2659 205 2724 καὶ
217 2657 394 2724 κινδύνων
409 2657 555 2744 ἄπειρος,
570 2654 655 2743 πρός
664 2659 727 2746 μὲν
741 2654 802 2724 τὸν
813 2657 960 2743 πόλεμον
971 2659 1108 2725 ἐκλελυ-

153 2757 266 2840 μένος,
292 2752 379 2840 πρός
393 2756 430 2824 δὲ
444 2752 508 2843 τήν
522 2762 679 2826 δουλείαν
694 2755 835 2844 ἄμεινον
847 2762 917 2823 τῶν
930 2754 1011 2839 παρ’
1028 2753 1136 2843 ἡμῖνθ

107 2863 133 2913 51
153 2859 294 2922 οίιιετῶν
303 2858 584 2943 πεπαιδευμένος,
596 2861 630 2926 οί
642 2853 674 2924 δ’
689 2859 727 2924 ἐν
737 2869 809 2934 ταῖς
818 2860 986 2941 μεγίσταις
997 2854 1109 2935 δόξαις

153 2949 246 3034 ὄντες
260 2950 377 3022 αύτῶυ
388 2952 521 3041 ὁμαλῶς
531 2956 594 3041 μέν
608 2952 688 3024 οὐδὲ
699 2961 823 3033 κοινῶς
836 2949 916 3021 οὐδὲ
932 2959 1109 3033 πολιτικῶς

154 3048 364 3119 οὐδεπώποτ’
382 3055 542 3138 ἐβίωσαν,
558 3051 689 3120 ἅπαντα
704 3054 742 3122 δέ
756 3051 818 3121 τδν
832 3049 956 3139 χρόνον
967 3053 1108 3138 διύγου·

151 3170 206 3218 σιν
219 3157 268 3231 είς
282 3154 345 3236 μέν
359 3148 440 3230 τοδς
455 3149 661 3237 ὑβρίζοντες,
677 3165 747 3230 τοῖς
761 3153 797 3220 δέ
812 3150 1046 3236 δουλεύοντες,
1063 3147 1108 3230 ῶς

151 3245 194 3317 δν
213 3248 394 3333 ἄνθρωποι
408 3249 551 3336 μάλιστα
569 3246 629 3329 τὰς
650 3251 770 3336 φύσεις
785 3254 1024 3335 διαφθαρεῖεν,
1052 3252 1105 3317 καὶ

151 3348 191 3415 τὰ
205 3350 269 3436 μὲν
278 3335 415 3435 δόματα
429 3347 486 3417 διδ
496 3347 576 3429 τούς
592 3350 760 3430 πλούτους
772 3354 985 3434 τρυφῶντες,
999 3343 1059 3427 τᾶς
1071 3350 1107 3416 δὲ

151 3445 260 3533 υυχᾶς
271 3445 327 3514 διὰ
342 3442 402 3526 τὰς
412 3454 594 3534 μοναρχίας
603 3443 762 3526 ταπεινῶς
773 3450 828 3515 καί
838 3449 1001 3530 περιδεεῖς
1011 3451 1105 3532 έχον-

150 3569 219 3630 τες,
230 3545 457 3632 ἐξεταζόμενοι
469 3543 554 3631 πρδς
564 3544 678 3626 αὐτοῖς
686 3559 756 3626 τοῖς
766 3551 947 3635 βασιλείοις
957 3547 1011 3614 καί
1023 3569 1106 3632 προ·
1118 3570 1136 3614 ο

152 3643 410 3726 καλινδούμενοι
425 3649 481 3713 καί
494 3645 604 3714 πάντα
614 3646 742 3732 τρόπον
756 3642 878 3734 μικρόν
892 3658 1033 3732 φρονεῖν
1046 3670 1095 3730 με
