2859 4334
452 394 861 456 ΠΑΝΑΘΗΝΑΙΚΟΣ.
1083 392 1122 455 61

176 566 372 645 πειράσομαι
388 562 534 642 δηλῶσαι
548 554 627 633 τούς
638 551 671 621 τ’
681 554 1001 636 ἐπιστρατεύσαντας
1010 562 1050 643 τῇ
1060 554 1122 622 πό-

176 669 224 726 λει
241 660 296 725 καὶ
312 655 370 734 τὰς
384 657 488 740 μάχας
504 651 564 732 τὰς
580 650 673 732 ἀξίας
689 660 966 737 μνημονευθῆναι
994 655 1048 721 καὶ
1063 656 1123 739 ρη-

175 765 278 842 θήναι
299 756 355 823 καὶ
365 750 444 830 τούς
452 749 618 838 ἡγεμόνας
629 747 752 829 αὐτῶν,
764 755 810 816 έτι
822 748 1123 835 δὲτάςπροφάσεις,

174 853 213 932 ῶς
227 860 359 939 έλεγον,
381 854 436 919 καὶ
449 849 512 938 τήν
529 850 675 935 δύναμιν
688 855 757 915 τῶν
770 856 879 933 γενῶν
896 858 963 917 τῶν
978 870 1148 918 συνακο-ε

173 951 417 1037 λουθησάντων
437 946 564 1027 αύτοῖς·
586 945 685 1015 ι’κανδ
706 945 771 1031 γάρ
793 953 884 1014 ἔσται
905 947 999 1014 ταῦτ’
1020 955 1124 1015 εἰπεῖν

109 1072 156 1125 193
174 1049 258 1135 πρὸς
272 1046 322 1129 οἷς
335 1052 410 1131 περὶ
424 1055 492 1115 τῶν
503 1051 664 1115 ἐναντίων
676 1048 863 1131 εἰρήκαμεν.
887 1048 978 1133 (οη’.)
995 1056 1123 1136 Θρᾷκες

173 1146 310 1234 μὲνγὰρ
321 1145 392 1233 μετ’
405 1145 589 1232 Εὐμόλπου
600 1152 660 1210 τοῦ
671 1148 884 1221 Ποσειδῶνος
895 1148 1067 1232 εἰσέβαλον
1078 1153 1123 1223 εἰς

173 1247 234 1334 τὴν
249 1247 362 1332 χῶραν
378 1244 490 1332 ἡμῶν,
510 1242 547 1322 ὃς
562 1241 814 1329 ἠμφισβήτησεν
829 1245 974 1329 Ἐρεχθεῖ
987 1253 1044 1330 τῆς
1061 1246 1122 1311 πό-

174 1355 265 1427 λεως,
280 1345 421 1429 φάσκων
430 1347 584 1412 Ποσειδῶ
594 1344 760 1425 πρότερον
772 1341 914 1429 Ἀθηνᾶς
925 1353 1123 1430 καταλαβεῖν

174 1441 295 1529 αὐτήν
317 1442 454 1510 Σκύθαι
469 1444 505 1509 δὲ
519 1437 590 1527 μετ’
604 1439 793 1526 Ἀμαζόνων
808 1449 876 1508 τῶν
890 1442 1052 1524 έξ”Αρεως
1066 1469 1123 1527 γε·

174 1545 337 1627 νομένων,
345 1548 381 1607 αἳ
389 1539 451 1625 τήν
463 1548 637 1623 στρατείαν
647 1538 701 1625 ἐφ’
713 1540 913 1625 Ἱππολύτην
923 1545 1119 1627 ἐποιήσαντο
1133 1556 1149 1609 d

173 1640 236 1727 τήν
249 1640 327 1716 τούς
341 1664 376 1706 τε
391 1640 517 1723 νόμους
530 1645 730 1723 παραβᾶσαν
746 1637 823 1716 τούς
838 1637 916 1723 παρ’
930 1637 1044 1717 αὐτοῖς
1056 1666 1125 1706 κει-

174 1745 312 1827 μένους,
338 1739 540 1823 έρασδεῖσάν
554 1764 589 1804 τε
604 1743 738 1823 Θησέως
752 1742 806 1805 καὶ
821 1740 1123 1824 συνακολουθήσα-

105 1854 155 1907 194
173 1862 237 1907 σαν
252 1842 384 1905 ἐκεῖθεν
397 1839 452 1905 καὶ
466 1836 714 1923 συνοικήσασαν
730 1835 834 1926 αὐτῷ·
856 1838 1122 1925 Πελοποννήσιοι

174 1938 210 2005 δέ
221 1934 292 2023 μετ’
306 1932 527 2018 Εὐρυσθέως,
544 1932 748 2017 δςἩρακλεῖ
757 1935 820 2021 μὲν
834 1933 897 2003 οὐκ
912 1940 1013 2003 έδιοκε
1027 1942 1127 2021 δίκην

175 2030 224 2104 ῶν
236 2034 428 2122 ἡμάρτανεν
439 2040 485 2111 εἰς
495 2031 609 2118 αὐτὸν,
626 2034 828 2119 στρατεύσας
842 2033 873 2100 δ’
887 2037 938 2102 ἐπὶ
952 2033 1031 2113 τούς
1041 2034 1126 2122 ἡμε-

174 2138 291 2222 τέρους
311 2133 500 2219 προγόνους
516 2130 560 2211 ῶς
579 2134 804 2218 έκληνόμενος
824 2140 879 2221 βία
895 2130 973 2210 τούς
992 2129 1125 2201 Ιἐκείνου

174 2240 309 2313 παῖδας,
322 2227 402 2315 παρ’
414 2229 494 2319 ἡμῖν
503 2230 569 2317 γάρ
581 2226 669 2318 ἦσαν
676 2231 973 2317 καταπεφευγότες,
985 2238 1123 2317 ἔπαθεν,
1136 2266 1151 2301 e

174 2332 196 2401 δι’
217 2340 385 2416 προσῆκεν
405 2327 524 2397 αὐτόν·
545 2331 708 2398 τοσούτου
724 2330 788 2415 γὰρ
811 2335 922 2417 ἐδέησε
936 2332 1052 2414 κύριος
1066 2358 1123 2417 γε·

173 2437 294 2501 νέσθαι
301 2438 370 2498 τῶν
378 2434 506 2510 ἱκετῶν,
520 2429 606 2498 ὥσθ’
616 2428 770 2517 ἡττηθεὶς
780 2432 867 2518 μάχη
877 2436 932 2499 καλ
943 2435 1123 2516 ζωγρηθεὶς

173 2530 240 2599 ύπδ
261 2538 330 2597 τῶν
343 2528 529 2615 ἡμετέρων,
552 2527 652 2608 αὐτὸς
666 2533 775 2615 ι’κέτης
788 2533 969 2617 γενόμενος
982 2533 1121 2611 τούτων,

104 2656 154 2707 195
173 2629 234 2707 οὓς
244 2631 381 2707 ἐξαιτῶν
392 2621 495 2714 ἦλθε,
507 2625 568 2695 τόν
577 2635 654 2714 βίον
665 2631 885 2717 ἐτελεύτησεν.
907 2628 988 2717 μετά
1001 2632 1038 2698 δὲ
1048 2637 1121 2696 τού-

172 2733 278 2797 τονοέ
292 2730 504 2811 πεμφθέντες
518 2725 585 2795 ὑπό
601 2735 750 2809 Δαρείου
763 2726 825 2813 τήν
835 2728 975 2797 Ἑλλάδα
990 2730 1122 2813 πορθή-
1174 2815 1176 2819 ¹

173 2848 306 2910 σοντες,
318 2823 505 2912 ἀποβάντες
515 2833 561 2903 εἰς
574 2834 792 2910 Μαραθῶνα,
808 2835 935 2895 πλείοσι
947 2841 1059 2904 κακοῖς
1070 2829 1125 2893 καὶ
1141 2843 1190 2897 274

172 2932 297 3011 μείζοσι
312 2938 500 3009 συμφοραῖς
514 2925 748 3007 περιπεσόντες
764 2917 813 2993 ῶν
825 2924 970 3013 ἤλπισαν
984 2924 1047 3009 τήν
1062 2925 1124 2992 πό-

173 3038 229 3091 λιν
241 3021 338 3110 ἡμῶν
352 3023 519 3109 ποιήσειν,
539 3022 661 3113 ᾤχοντο
678 3024 860 3108 φεύγοντες
874 3027 907 3104 ἐξ
923 3022 1053 3107 ἁπάσης
1068 3031 1124 3109 τῆς

104 3144 152 3197 196
165 3122 332 3201 Ἑλλάδος.
371 3122 468 3207 (σθ’.)
496 3122 643 3200 Τούτους
658 3120 689 3187 δ’
705 3123 870 3205 ἅπαντας,
896 3120 955 3201 οὕς
970 3126 1122 3207 διήλδον,

172 3219 216 3288 ού
233 3221 305 3307 μετ’
319 3219 473 3307 άλλήλων
491 3222 703 3309 εἰσβαλόντας
718 3220 796 3289 οὐδὲ
811 3248 894 3288 κατα
909 3223 988 3298 τούς
1001 3216 1123 3297 αὐτούς

171 3320 333 3405 χρόνους,
355 3317 428 3387 ἀλλ’
446 3318 490 3398 ῶς
504 3323 538 3386 οῗ
553 3345 588 3385 τε
602 3323 711 3402 καιροὶ
727 3324 781 3387 καὶ
802 3320 838 3387 τὸ
857 3324 1031 3404 συμφέρον
1047 3321 1122 3386 ἑκά-

172 3441 263 3497 στοις
276 3423 331 3487 καλ
344 3418 381 3485 τὸ
399 3421 581 3505 βούλεσθαι
604 3420 799 3501 συνέπιπτε,
823 3420 909 3505 μάχη
928 3419 1124 3501 νικήσαντες

173 3520 228 3584 καὶ
243 3525 300 3603 τῆς
313 3516 443 3603 ὕβρεως
457 3520 644 3595 παύσαντες
660 3514 723 3582 ούκ
739 3520 913 3601 ἐξέστησαν
928 3514 1050 3595 αὑτῶν,
1065 3541 1123 3600 τη·
1135 3528 1158 3579 ο.

174 3624 313 3683 λικαύτα
324 3620 583 3699 διαπραξάμενοι
595 3614 632 3683 τό
644 3619 802 3699 μέγεθος,
816 3612 889 3680 οὐδ’
902 3622 1031 3681 ἔπαθον
1043 3611 1123 3677 ταύ-
