2859 4334
416 398 549 455 ΠΡΟΣ
569 397 856 457 ΕΥΘΥΝΟΥΝ.
1055 393 1120 458 230

610 611 675 677 ⁶21.

265 727 397 795 ΠΡΟΣ
422 729 698 798 ΕΥῸΥΝΟῬΝ
716 729 1013 800 ΑΜΑΡΤΥΡΟΣ.

248 950 320 1034 (α’.)
343 945 402 1025 θύ
426 948 629 1034 προφάσεως
655 947 789 1035 ἀπορῶ,
816 949 860 1018 δι’
889 950 1007 1038 ἥντινα
1033 952 1118 1035 λέγω
1137 964 1187 1014 40⁰

165 1047 251 1132 ὑπὲρ
267 1057 392 1117 Νικίου
405 1057 556 1117 τουτουί
576 1048 631 1117 καὶ
641 1046 705 1134 γάρ
721 1057 818 1134 φίλος
830 1047 880 1117 ἀν
892 1075 948 1136 μοι
963 1049 1118 1135 τυγχάνει

166 1152 221 1216 καὶ
242 1150 399 1236 δεόμενος
421 1151 477 1217 καὶ
497 1146 719 1234 ἀδικούμενος
741 1151 795 1216 καί
816 1146 981 1227 ἀδύνατος
1003 1154 1117 1230 εἰπεῖν,

166 1245 251 1314 ὥστε
271 1245 326 1316 διά
352 1255 455 1315 ταῦτα
477 1248 588 1316 πάντα
613 1245 699 1330 ὑπὲρ
723 1245 827 1314 αὐτοῦ
842 1254 951 1334 λέγειν
968 1245 1118 1333 ἀναγκύ-

166 1352 269 1432 tomu-
498 1425 501 1428 ,
1103 1367 1105 1370 ·

128 1479 150 1530 2
249 1446 319 1533 (δ.)
332 1445 437 1515 Ὅθεν
451 1438 516 1513 ούν
530 1443 568 1513 τδ
580 1447 790 1533 συμβόλαιον
802 1445 892 1539 αύτῷ
904 1445 987 1532 πρὸς
998 1445 1119 1516 Εύθύ-

166 1570 253 1612 νουν
267 1547 452 1631 γεγένηται,
468 1544 668 1631 διηγήσομαι
685 1543 767 1633 ύμῖν
781 1544 825 1626 ὡς
839 1543 883 1614 ἀν
899 1549 1051 1635 δύνωμαι
1062 1544 1117 1615 διὰ
1214 1560 1216 1566 “

166 1645 395 1732 βραχυτάτων.
448 1644 519 1731 (γ’.)
548 1652 669 1725 Νικίας
694 1645 760 1732 γάρ
789 1644 918 1732 οὑτοσί,
948 1644 1060 1733 ἐπειδὴ
1086 1650 1146 1715 osb

167 1744 346 1827 τριάκοντα
373 1746 578 1829 κατέστησαν
602 1747 657 1812 καὶ
685 1742 791 1812 αὐτὸν
810 1750 843 1813 οί
864 1747 979 1832 ἐχθροὶ
1000 1748 1036 1812 ἐκ
1057 1745 1119 1831 μέν

164 1851 234 1913 των
248 1842 454 1929 μετεχόντων
473 1849 530 1928 τῆς
543 1851 711 1921 πολιτείας
732 1844 923 1931 έξήλειφον,
946 1849 992 1923 είς
1007 1846 1043 1912 δὲ
1056 1841 1121 1912 τὸν·

163 1940 247 2030 μετά
271 1942 474 2026 Λυσάνδρου
496 1941 685 2028 κατάλογον
711 1945 915 2029 ἐνέγραφον,
939 1941 1057 2022 δεδιύς
1075 1940 1115 2010 τά

165 2043 318 2128 παρόντα
331 2041 509 2128 πράγματα
524 2039 586 2128 τὴν
601 2044 664 2128 μὲν
682 2049 793 2111 οίκίαυ
811 2040 970 2130 ὑπέθηκε,
988 2041 1067 2122 τούς
1082 2040 1114 2109 δ’

165 2143 294 2217 οἰκέτας
314 2144 375 2219 ἔξω
393 2145 451 2225 τῆς
470 2145 530 2225 γῆς
552 2140 728 2226 ἐξέπεμψε,
751 2137 791 2207 τὰ
814 2138 847 2206 δ’
865 2145 984 2209 ἔπιπλα
1002 2139 1047 2220 ὡς
1060 2142 1117 2227 ἐμὲ

167 2239 319 2324 ἐκόμισε,
339 2244 414 2323 τρία
429 2237 464 2304 δὲ
479 2238 625 2312 τάλαντα
640 2235 806 2323 ἀργυρίου
819 2234 970 2330 Εύθύνφ
987 2240 1118 2323 φυλάτ-

130 2359 149 2412 3
164 2365 235 2406 τετυ
249 2342 392 2422 ἔδωκεν,
419 2335 521 2416 αὐτὸς
544 2335 578 2404 δ’
601 2344 647 2416 εἰς
661 2335 768 2425 ἀγρὸν
783 2335 895 2406 έλθύυ
910 2344 1052 2429 διητᾶτο.
1076 2337 1118 2407 οὐ

164 2443 276 2527 πολλῷ
289 2434 325 2503 δὲ
336 2435 446 2527 χρόνῳ
457 2435 601 2522 ὕστερον
609 2435 815 2523 βουλόμενος
826 2438 958 2507 ἐκπλεῖν
969 2435 1116 2526 ἀπῄτησε
1129 2461 1143 2498 c

163 2535 362 2623 τάργύριον·
384 2534 569 2615 Εὐθύνοος
583 2535 619 2603 δὲ
634 2533 674 2602 τά
689 2538 751 2621 μὲν
763 2535 825 2604 δύο
841 2537 986 2605 τάλαντα
997 2535 1116 2604 ἀποδί-

164 2641 263 2721 δωσι,
287 2643 349 2703 τοῦ
363 2636 400 2704 δὲ
420 2645 535 2722 τρίτου
549 2640 686 2721 ἔξαρνος
699 2643 857 2721 γίγνεται.
880 2634 960 2705 ἀλλο
976 2636 1038 2722 μὲν
1052 2627 1115 2702 οὖν

164 2735 266 2804 οὐδὲν
281 2735 345 2822 εἶχε
358 2744 479 2816 Νικίας
494 2742 531 2806 ἐν
547 2744 594 2826 τῷ
605 2737 680 2804 τότε
699 2736 810 2827 χρόνῳ
831 2743 982 2823 ποιῆσαι,
1009 2743 1115 2818 προσ-

165 2833 231 2904 ιάν
247 2836 284 2903 δὲ
298 2834 384 2920 πρὸς
398 2834 478 2915 τούς
492 2839 699 2922 ἐπιτηδείους
713 2837 862 2904 ἐνεκάλει
883 2838 938 2904 καὶ
953 2838 1115 2922 ἐμέμφετο

165 2938 221 3005 καὶ
236 2942 365 3022 ἔλεγεν,
387 2933 604 3016 ἀπεπονθύς
625 2947 685 3023 ελη.
714 2944 821 3006 καίτοι
839 2935 928 3004 οὕτω
943 2937 1063 3004 τοῦτόν
1081 2961 1116 3004 τε

165 3037 241 3121 περὶ
264 3042 393 3105 πολλοῦ
417 3038 557 3104 ἐποιεῖτο
583 3039 638 3104 καὶ
664 3034 704 3102 τά
734 3042 928 3104 καθεστῶτα
953 3039 1116 3121 ἐφοβεῖτο,

166 3135 252 3204 ὥστε
266 3135 353 3206 πολύ
369 3133 413 3204 ἀν
426 3143 554 3204 θᾶττον
571 3133 695 3222 ὀλίγων
709 3138 882 3222 στερηθείς
897 3135 1082 3220 ἐσιώπησεν
1094 3131 1117 3220 ἢ

162 3241 269 3326 μηδὲν
283 3235 447 3314 ἀπολέσας
462 3237 666 3305 ἐνεκάλεσεν.

247 3335 295 3404 T&
310 3337 373 3423 μὲν
390 3328 453 3404 οὖν
468 3338 673 3422 γεγενημένα
686 3332 780 3402 ταῦτ’
798 3337 895 3403 ἐστίν.
934 3333 1006 3420 (δ.)
1018 3330 1147 3402 'And-d

161 3465 229 3521 ρως
243 3434 275 3504 δ’
292 3434 373 3524 ἡμῖν
389 3443 454 3522 ἔχει
474 3434 510 3504 τδ
531 3442 677 3522 πρᾶγμα.
700 3441 804 3522 Νικίᾳ
823 3432 888 3520 γάρ
909 3431 986 3499 οὔτε
1006 3457 1115 3516 παρα-

161 3540 413 3627 κατατιθεμένφ
434 3534 474 3602 τά
495 3536 644 3621 χρήματα
671 3532 749 3601 οὔτε
778 3535 982 3621 κομιζομένῳ
1005 3531 1116 3609 οὐδεὶς

160 3632 234 3702 οὕτῗ
251 3636 430 3716 ἐλεύθερος
452 3631 529 3701 οὔτε
549 3637 670 3710 δοῦλος
691 3633 908 3713 παρεγένετο,
937 3630 1019 3696 ὥστε
1033 3627 1113 3712 μήτ’
