2859 4334
292 373 333 437 τι
556 385 959 467 mmmmm)

291 544 527 624 έναργέστερος
541 543 627 612 εἶναι
644 545 731 625 δόξει
745 560 813 624 τοῖς
828 543 991 616 άκοόουσι
1006 554 1060 617 καὶ
1072 549 1115 618 σῶ
1132 570 1240 638 μενεῖς

290 642 327 705 έν
337 654 407 719 τοῖς
414 640 537 728 αὐτοῖς,
550 640 570 709 δ
580 651 709 728 μᾶλλον
721 644 765 711 άν
771 672 859 724 τινες
869 650 1084 733 θαυμάσειαν
1094 659 1162 718 τῶν
1173 668 1241 731 τοῖς

224 743 275 799 289
289 737 403 819 ἄλλοις
415 745 664 827 γεγραμμένων.
689 746 726 810 ἐν
741 741 824 831 άρχῄ
835 746 898 832 μὲν
909 740 974 813 οὖν
988 746 1076 815 οὕτω
1087 777 1144 833 μοι
1160 760 1238 836 φαί-

290 863 339 902 νει
358 836 455 917 τάξαι
472 842 529 907 καὶ
547 838 802 927 βουλεύσασθαι
821 844 898 926 περὶ
916 842 1039 916 αὐτῶν.
1081 848 1165 937 (ςεῖ)
1178 856 1265 917 ΕΜ

289 934 355 1013 δῶς
370 944 403 1003 δὲ
420 942 545 1008 σαυτόν
560 947 744 1029 ε’πηυεκότα
758 946 819 1031 την
836 954 1058 1030 Σπαρτιατῶν
1073 952 1240 1033 διοίκησιν

289 1038 333 1113 ὡς
346 1038 458 1121 οὐδεὶς
471 1039 587 1124 ἄλλος,
609 1050 791 1130 φοβεῖσθαι
804 1040 884 1122 τούς
899 1044 1099 1131 ἀκηκοότας,
1117 1046 1163 1132 μὴ
1177 1048 1238 1115 δό-

289 1146 344 1228 ξης
365 1140 480 1227 ὅμοιος
501 1142 586 1211 εἶναι
607 1158 675 1221 τοῖς
696 1147 870 1229 λέγουσιν,
887 1143 907 1211 ό
926 1172 957 1211 τι
978 1142 1022 1212 όν
1036 1145 1169 1232 τύχαισι,
1184 1150 1238 1215 καὶ

289 1240 428 1318 τούτους
444 1248 511 1307 νῦν
527 1244 661 1326 ψέγειν,
686 1240 745 1321 οὓς
766 1241 932 1326 πρότερον
953 1246 1084 1333 ἐπῄνεις
1110 1254 1238 1330 μᾶλλον

289 1346 356 1406 τῶν
377 1337 503 1407 ἄλλων·
537 1338 630 1407 ταῦτ’
656 1343 862 1426 ἐνθυμηθεὶς
883 1354 1093 1428 σκοπεῖσθαι,
1120 1352 1239 1423 ποίους

289 1434 382 1514 τινάς
396 1434 440 1504 άν
457 1440 632 1521 ἑκατέρους
647 1438 732 1506 εἶναι
748 1440 857 1525 φήσας
874 1438 986 1528 άληδη
1002 1468 1036 1509 τε
1054 1445 1164 1528 λέγειν
1178 1442 1239 1509 δό-

289 1543 375 1615 ξειας
391 1540 465 1619 περὶ
480 1534 695 1622 ἀμφοτέροιν,
723 1544 808 1623 ἔχοις
821 1535 852 1605 τ’
876 1535 919 1606 άν
940 1538 1019 1618 τούς
1035 1542 1096 1626 μὲν
1112 1542 1238 1625 προγό·

288 1661 370 1713 νους
383 1638 542 1720 ἐπαινεῖν,
559 1635 685 1721 οὕσπερ
704 1639 831 1723 βούλει,
843 1648 1065 1723 Σπαρτιατῶν
1079 1642 1115 1707 δὲ
1127 1646 1240 1708 δοκεῖν
1251 1666 1268 1701 ε

287 1735 349 1819 μέν
366 1750 563 1820 κατηγορεῖν
576 1751 644 1813 τοῖς
655 1734 765 1823 άηδῶς
776 1736 860 1821 πρὸς
870 1736 994 1817 αὐτοὺς
1005 1742 1238 1825 διακειμένοις,

287 1832 392 1918 μηδὲν
414 1833 450 1900 δὲ
472 1848 580 1902 ποιεῖν
601 1843 756 1902 τοιοῦτον
776 1834 860 1904 άλλά
881 1838 1067 1906 λανθάνειν
1089 1840 1239 1905 έπαινιιν

219 1941 271 1992 240
287 1931 427 2009 αὐτούς·
450 1938 555 2017 ζητῶν
577 1936 613 2001 δὲ
630 1934 669 2000 τά
691 1942 827 2002 τοιαῦτα
843 1938 964 2025 ῥᾳδίως
979 1935 1092 2021 εὑρεῖν
1114 1938 1239 2021 λόγους

289 2029 498 2117 ἀμφιβόλους
512 2034 566 2100 καὶ
580 2034 686 2119 μηδὲν
696 2041 825 2119 μᾶλλον
836 2031 917 2119 μετὰ
927 2042 995 2101 τῶν
1006 2035 1240 2102 ἐπαινούντων

287 2126 308 2215 ἢ
321 2136 391 2196 τῶν
404 2131 578 2215 ψεγόντων
594 2130 692 2210 ὄντας
705 2129 779 2200 ἄλλ’
805 2136 1078 2218 ἐπαμφοτερίζειν
1090 2138 1239 2218 δυναμέ-
1256 2138 1300 2190 283

287 2256 368 2307 νους
384 2232 437 2296 καὶ
458 2228 581 2308 πολλάς
594 2229 855 2317 ἀμφισβητήσεις
867 2240 1011 2318 ἔχοντας,
1027 2229 1076 2310 οἷς
1090 2240 1237 2319 χρῆσθαι

287 2330 361 2412 περὶ
377 2328 439 2412 μὲν
460 2336 674 2413 συμβολαίων
691 2334 745 2396 καί
767 2333 841 2414 περὶ
862 2338 1052 2410 πλεονεξίας
1072 2329 1238 2416 ἀγωνιζό-

286 2455 391 2515 μενον
406 2426 544 2512 αίσχρόυ
561 2432 612 2495 καλ
626 2437 789 2515 πονηρίας
801 2426 976 2513 οὐμικρόν
994 2444 1142 2515 σημεῖον,
1160 2434 1237 2514 περὶ

287 2530 322 2595 δὲ
338 2528 472 2611 φύσεως
486 2523 682 2609 ἀνθρώπων
702 2526 942 2612 διαλεγόμενον
962 2530 1016 2595 καὶ
1030 2528 1237 2613 πραγμάτων

221 2639 267 2690 241
285 2623 391 2692 καλόν
405 2627 460 2691 καὶ
474 2625 673 2709 φιλόσοφον.
698 2621 767 2703 οἷός
785 2650 846 2707 περ
862 2620 881 2693 ό
897 2627 995 2712 λόγος
1010 2624 1027 2691 ὁ
1043 2630 1235 2711 διαναγνῶ-

286 2730 380 2802 σθείς
392 2725 491 2802 ἐστιν,
508 2726 546 2790 έν
557 2716 584 2813 ᾧ
595 2731 778 2810 πεποίηκας
787 2722 866 2800 τὀὐς
878 2726 940 2807 μὲν
951 2721 1032 2802 σούς
1044 2726 1236 2809 προγόνους

287 2818 477 2906 εἰρηνικοὺς
499 2825 553 2888 καὶ
568 2826 769 2907 φιλέλληνας
789 2824 843 2888 καὶ
868 2828 925 2906 τῆς
947 2822 1097 2907 ἰσότητος
1118 2830 1176 2909 τῆς
1198 2827 1237 2890 ἐν

285 2936 355 2999 ταῖς
375 2927 551 2997 πολιτείαις
568 2919 749 3006 ἡγεμόνας,
770 2920 982 3003 Σπαρτιάτας
1002 2918 1033 2986 δ’
1050 2918 1263 3004 ὑπεροπτι-ῖι

286 3020 367 3098 κους
387 3022 442 3086 καὶ
462 3018 663 3104 πολεμικοὺς
684 3021 738 3085 καὶ
753 3022 967 3103 πλεονέκτας,
987 3022 1079 3097 οἵους
1094 3045 1155 3104 περ
1170 3019 1236 3088 αὐ-

284 3119 362 3198 τοὺς
383 3117 467 3185 εἶναι
488 3119 609 3196 πάντες
627 3116 862 3204 ὑπειλήφασιν.
896 3117 983 3211 (ἦς’.)
1010 3120 1178 3206 Τοιαότην
1200 3120 1232 3187 δ’

284 3221 449 3301 ἑκατέρων
465 3216 684 3304 ἐχόντωντὴν
700 3221 807 3303 φύσιν
829 3216 908 3296 τούς
931 3218 993 3302 μὲν
1009 3216 1075 3285 ὑπὸ
1095 3221 1234 3286 πάντων

286 3324 495 3387 ἐπαινεῖσθαι
515 3319 570 3385 καλ
587 3322 700 3385 δοκεῖν
716 3315 837 3396 εόνους
855 3317 938 3385 εἶναι
954 3326 999 3407 τῷ
1014 3320 1148 3402 πλήθει,
1164 3336 1233 3398 τοῖς

286 3421 322 3485 δὲ
344 3415 423 3493 τούς
443 3415 505 3499 μὲν
525 3415 670 3494 πολλοὺς
691 3427 838 3502 φθονεῖν
861 3420 915 3485 καί
940 3424 1112 3501 δυσμενῶς
1135 3426 1233 3506 ἔχειν,

218 3536 267 3588 ῖλῖ
286 3523 353 3584 ἔστι
374 3513 406 3581 δ’
431 3511 493 3593 οδς
522 3517 671 3585 ἐπαινεῖν
697 3515 826 3595 αὐτούς
851 3518 908 3583 καί
935 3518 1136 3605 θαυμάζειν,
1178 3522 1232 3585 καὶ

283 3619 410 3686 τολμάν
424 3614 544 3693 λέγειν,
562 3611 607 3688 ῶς
620 3608 734 3696 άγαθά
750 3618 846 3695 μείζω
863 3613 1086 3697 τυγχάνουσιν
1103 3622 1233 3701 ἔχοντες
