2859 4334
278 366 319 426 24
553 372 957 453 ιεοκελνονειιι)

276 529 538 617 συμβεβηκότων
561 528 645 599 κατά
664 534 728 616 μέν
747 530 827 612 τούς
841 534 967 622 νόμους
986 537 1045 618 τάς
1061 547 1103 607 τε
1117 542 1232 619 πόλεις

276 625 331 691 καί
345 623 404 703 τάς
418 625 527 713 χάρας
540 628 672 696 τούτων
684 626 770 699 εἶναι
785 632 951 712 δοκούσας
963 644 1031 703 τῶν
1045 633 1159 720 ὀρθῶς
1174 640 1231 707 καὶ

279 729 425 808 νομίμως
439 730 665 812 κτησαμένων,
682 726 766 796 κατά
781 728 817 797 δέ
837 728 899 817 τήν
917 730 1081 820 ἀλήθειαν
1098 737 1231 805 τούτων

275 827 475 910 γιγνομένας
485 834 554 893 τῶν
564 822 604 893 τά
616 829 692 913 περὶ
702 826 764 895 τὸν
774 831 922 919 πόλεμον
933 834 1066 919 μάλιστ’
1079 834 1231 905 άσκούν-

275 948 344 989 των
357 926 412 991 καλ
426 932 526 993 νικᾶν
541 929 577 993 ἐν
591 940 662 1004 ταῖς
672 928 791 1013 μάχαις
801 929 880 1010 τούς
890 942 1069 1021 πολεμίους
1080 940 1219 1022 δυναμέ-

275 1048 355 1107 νων,
372 1031 474 1091 ταῦτα
489 1027 735 1110 διανοηθέντες,
752 1024 976 1115 ἀμελήσαντες
989 1044 1161 1121 γεωργιῶν
1173 1038 1230 1103 καὶ

273 1130 398 1207 τεχνῶν
408 1126 463 1191 καὶ
473 1131 542 1191 τῶν
549 1121 661 1193 ἄλλων
673 1122 843 1213 ἁπάντων,
856 1126 957 1198 ούδέυ
968 1133 1132 1200 ἐπαύοντο
1143 1133 1227 1201 κατά
1243 1145 1261 1198 b

272 1228 353 1307 μίαν
373 1222 515 1308 ἑκάστην
532 1226 602 1291 τῶν
621 1225 754 1291 πόλεων
767 1234 836 1292 τῶν
850 1229 887 1295 έν
900 1232 1148 1321 Πελοποννήσῳ
1163 1220 1228 1298 πύ-

273 1328 484 1404 λιορκοῦυτες
497 1323 553 1389 καὶ
569 1328 680 1401 κακῶς
694 1332 887 1411 ποιοῦντες,
906 1330 967 1405 ἕως
984 1327 1114 1409 ἁπάσας
1129 1358 1225 1398 κατε-

224 1438 257 1493 47
273 1421 456 1501 στρέψαντο
471 1417 561 1506 πλήν
574 1425 632 1506 τῆς
643 1417 810 1508 Ἀργείων.
833 1428 1032 1512 συνέβαινεν
1048 1420 1112 1496 ούν
1128 1433 1160 1509 ἐξ
1176 1422 1224 1497 ῶν

271 1519 333 1605 μὲν
343 1514 436 1604 ήμεῑς
447 1518 663 1605 ἐπράττομεν,
677 1518 889 1601 αὐξάνεσθαί
900 1551 935 1592 τε
946 1524 1007 1611 τήν
1018 1524 1158 1595 Ἐλλάδα
1170 1532 1225 1599 καὶ

271 1615 332 1704 τήν
342 1615 512 1704 Εὐρώπην
527 1625 664 1703 κρείττω
675 1627 853 1706 γίγνεσθαι
867 1630 924 1710 της
936 1622 1058 1711 Ἀσίας,
1074 1630 1129 1695 καλ
1142 1621 1226 1715 πρὸς

270 1719 401 1795 τούτοις
420 1723 489 1784 τῶν
511 1716 574 1803 μὲν
590 1716 759 1806 Ἑλλήνων
779 1718 858 1800 τούς
880 1720 1090 1809 ἀποροῦντας
1111 1727 1226 1807 πόλεις

270 1817 456 1905 λαμβάνειν
471 1819 526 1886 καί
547 1818 672 1904 χάρας,
694 1828 762 1886 τῶν
779 1819 815 1887 δὲ
832 1822 1014 1908 βαρβάρων
1037 1822 1116 1902 τοὺς
1138 1831 1228 1893 εἰθι-

270 1920 414 2002 σμένους
428 1914 575 2003 ὑβριζειν
586 1919 757 1985 ἐκπίπτειν
772 1921 877 2006 ἕκτης
892 1918 1006 1989 αὑτῶν
1017 1924 1072 1989 καὶ
1083 1940 1256 2008 φρονεῖνο

270 2022 407 2084 ἔλαττον
420 2011 442 2104 ἢ
457 2016 637 2100 πρότερον·
660 2020 693 2097 έξ
708 2008 757 2084 ῶν
773 2018 809 2085 δὲ
822 2026 1046 2106 Σπαρτιᾶται,
1062 2018 1124 2105 τὴν
1139 2024 1229 2089 έκεί-

269 2143 340 2184 νων
361 2117 470 2202 μύνην
489 2118 637 2203 μεγάλην
656 2124 848 2203 γίγνεσθαι,
874 2120 928 2185 καὶ
943 2125 1060 2186 πασῶν
1077 2122 1139 2205 μὲν
1155 2128 1227 2189 τῶν

269 2220 306 2285 έν
320 2216 568 2307 Πελοποννήσῳ
585 2216 719 2285 πόλεων
735 2213 866 2302 ἄρχειν,
889 2231 959 2295 ταῖς
975 2212 1007 2283 δ’
1023 2216 1139 2297 ἄλλαις
1157 2244 1226 2305 φο-

268 2314 373 2405 βεράν
388 2314 472 2383 εἶναι
487 2318 541 2382 καὶ
552 2323 675 2401 πολλῆς
685 2321 867 2398 θεραπείας
877 2315 1054 2401 τυγχάνειν
1066 2313 1146 2403 παρ’
1159 2314 1225 2383 αύ-

219 2434 254 2488 48
267 2422 343 2482 τῶν.
373 2417 522 2481 ἐπαινεῖν
543 2415 606 2499 μέν
627 2404 690 2480 ούν
713 2413 844 2481 δίκαιόν
865 2416 932 2480 ἐστι
948 2411 1009 2499 τήν
1024 2428 1092 2493 τοῖς
1108 2412 1225 2495 ἄλλοις

267 2521 402 2584 πολλῶν
416 2511 558 2599 άγαθῶυ
572 2519 682 2581 αἰτίαν
696 2514 932 2599 γεγενημένην,
947 2510 1062 2599 δεινήν
1074 2514 1111 2581 δέ
1124 2522 1224 2600 νομί·
1359 2597 1360 2620 ¹

268 2621 335 2696 ζειν
353 2614 415 2701 τήν
435 2611 521 2702 αὐτή
537 2611 577 2681 τά
601 2617 815 2699 συμφέροντα
838 2617 1141 2699 διαπραττομένην,
1167 2618 1224 2683 καὶ
1359 2624 1360 2705 λ

226 2766 228 2771 -
267 2720 387 2799 φίλους
406 2717 468 2800 μὲν
486 2722 653 2781 ποιεῖσθαι
669 2709 752 2789 τούς
770 2709 891 2797 ὁμοίως
906 2708 1018 2788 αὑτοῖς
1031 2737 1067 2777 τε
1081 2714 1136 2780 καὶ
1151 2726 1252 2795 τοῑςδ
1359 2710 1360 2747 ³

266 2812 379 2891 ἄλλοις
398 2814 607 2899 χρωμένους,
636 2819 817 2898 φοβεῖσθαι
838 2812 873 2878 δέ
894 2813 948 2878 καὶ
974 2812 1118 2879 δεδιέναι
1143 2810 1224 2892 τούς

266 2909 350 2998 πρὸς
360 2920 448 2997 σφᾶς
460 2911 524 2997 μὲν
539 2908 663 2989 αύτούς
677 2908 723 2988 ὡς
738 2907 885 2977 δυνατδν
900 2911 1083 2978 οἰκειότατα
1095 2916 1221 2980 διακεν-

266 3016 398 3098 μένους,
410 3009 495 3097 πρὸς
506 3012 543 3079 δὲ
554 3009 633 3089 τούς
643 3008 767 3089 ἄλλους
778 3009 958 3093 ἀλλοτρίως
969 3011 1023 3077 καὶ
1034 3018 1222 3097 πολεμικῶς

265 3109 327 3197 τήν
342 3109 455 3177 αὑτῶν
471 3114 690 3187 διοικοῦντος.
721 3108 783 3196 τήν
802 3111 864 3195 μὲν
881 3102 946 3176 ούν
962 3106 1068 3195 ἀρχήν
1082 3115 1219 3197 ἑκατέρα

264 3226 337 3279 τοῖν
353 3213 489 3278 πολέοιυ
505 3210 665 3296 τοιαύτην
680 3210 867 3295 ἐποιήσατο.

215 3332 250 3385 49
347 3310 424 3391 (ιζ.)
440 3310 563 3401 Χρόνῳ
577 3306 610 3376 δ’
623 3306 766 3392 ὕστερον
780 3312 966 3394 γευομένου
977 3317 1038 3377 τοῦ
1046 3316 1220 3395 Περσικοῦ

263 3413 427 3494 πολέμου,
444 3412 499 3477 καὶ
513 3411 639 3495 Ξέρξου
653 3416 715 3476 τοῦ
731 3409 805 3475 τότε
820 3409 1057 3496 βασιλεύοντος
1073 3411 1220 3495 τριήρεις

263 3512 324 3593 μὲν
339 3510 589 3594 συναγαγόντος
601 3514 792 3591 τριακοσίας
806 3507 861 3575 καὶ
871 3514 992 3594 χιλίας,
1006 3515 1064 3593 τῆς
1075 3508 1110 3576 δὲ
1121 3513 1220 3595 πεζῆς
1359 3530 1360 3593 γ

263 3614 416 3684 στρατιᾶς
440 3614 658 3683 πεντακοσίας
680 3607 744 3687 μὲν
767 3606 933 3689 μυριάδας
955 3615 1023 3674 τῶν
1044 3604 1244 3691 ἁπάντων,ε
1359 3606 1360 3661 ί
