2859 4334
277 427 336 488 ιιι
560 392 947 507 mmmm)

273 590 488 674 ἐμποιοῦσιν,
505 587 590 656 ι’όστε
603 583 648 654 δι’
665 582 822 671 ἀλλήλων
841 583 922 673 ἡμῖν
937 586 1076 675 ἑκάτερα
1091 595 1248 675 παραγί-
1344 624 1345 658 ι

206 702 254 756 161
269 695 415 772 γνεσθαι
428 684 569 755 τούτων.
600 681 674 753 ολον
692 693 772 762 ἴσως
785 684 841 752 κοιλ
854 691 922 752 νῦν
941 682 1022 764 τοῦς
1035 687 1098 772 μὲν
1111 686 1249 772 λόγους
1345 767 1346 776 χ

274 786 356 874 ἡμίν
369 784 569 873 ἀπένειμαν,
591 787 644 854 ἐπὶ
658 784 694 852 δὲ
709 782 769 864 τάς
781 784 918 868 πράξεις
930 785 968 854 σὲ
981 784 1154 873 τάττουσι,
1175 811 1249 854 νο-

274 891 423 974 μιζοντις
435 887 567 954 τούτων
581 883 644 973 μέν
658 885 696 953 σὲ
706 881 857 954 κάλλιστ’
870 880 915 952 ἀν
929 888 1160 974 ἐπιπονῆσαι,
1176 883 1248 955 τόν

275 983 311 1052 a}
331 982 435 1069 λόγον
453 981 516 1052 τόν
536 980 620 1071 ἐμόν
639 979 749 1069 ἥκιστ’
768 978 813 1048 ἀν
835 979 979 1069 ὀχληρὸν
993 987 1154 1071 γενέσθαι
1168 995 1248 1062 τοῖς

274 1079 471 1153 ἀκούουσιν.
493 1080 640 1171 ἡγοῦμαι
659 1081 696 1150 a}
711 1082 768 1149 καὶ
781 1079 823 1148 τά
838 1087 1055 1170 πεπραγμένα
1069 1083 1245 1168 πρότερον
1260 1111 1279 1146 e

274 1180 338 1251 οῦκ
354 1181 400 1251 ἀν
416 1185 499 1251 ποτέ
510 1202 565 1250 σοι
585 1184 748 1267 γενέσθαι
765 1188 948 1267 τηλικοῦτοι
966 1180 1004 1250 τό
1022 1187 1182 1270 μέγεθος,
1209 1188 1249 1251 εί

208 1299 257 1352 152
272 1281 319 1368 μη’
335 1307 384 1360 τις
397 1288 491 1350 θετόν
501 1276 587 1348 αύτά
599 1278 910 1365 σνγκατιόρθωσεν,
928 1276 990 1366 οὐχ
1002 1282 1060 1348 ἵνα
1073 1294 1142 1359 τοῖς
1152 1289 1246 1369 βαρ-

275 1378 393 1466 βάροις
407 1376 515 1465 μόνον
526 1390 595 1455 τοῖς
611 1377 664 1444 ἐπὶ
676 1381 735 1461 τῆς
748 1371 917 1462 Εὐρώπης
930 1386 1124 1445 κατοικοῦσι
1137 1385 1246 1445 πολε-

276 1482 351 1564 μῦν
365 1480 532 1565 ἀιατελῇς,
553 1471 630 1544 ἀλλ’
647 1472 740 1553 ὅπως
759 1469 804 1541 ἀν
826 1475 864 1542 ἐν
879 1475 1012 1557 τούτοις
1029 1481 1245 1564 γυμνασθεὶς
1265 1489 1320 1544 11³

275 1571 456 1662 καλλαβάν
466 1576 641 1660 ἐμπειρίαν
651 1573 882 1658 καλγνωσθελς
893 1567 962 1653 οἷος
973 1572 1011 1658 εί,
1022 1575 1154 1644 τούτων
1164 1577 1244 1642 ἐπι-

275 1671 436 1761 θυμήσῃς
451 1662 500 1740 ὧν
515 1669 581 1759 ἐγω
595 1671 751 1758 τυγχάνω
765 1673 1077 1760 συμβεβουλευκώς.
1100 1671 1242 1761 αἰσχρόν

276 1766 341 1840 ούν
356 1772 425 1840 ἐστὶ
447 1779 557 1850 καλας
578 1778 637 1858 τῆς
656 1770 759 1858 τύχης
777 1768 968 1858 ἡγουμένης
986 1769 1242 1860 ἀπολειφθῆναι

275 1868 395 1957 καὶμὴ
416 1882 600 1956 παρασχεῖν
618 1867 764 1956 σαυτόν,
793 1874 839 1948 είς
859 1867 879 1936 ό
899 1870 1062 1958 βούλεταί
1078 1890 1117 1940 σε
1130 1897 1241 1956 προα-

277 1981 403 2054 γαγιῐν.

211 2081 259 2137 153
358 2065 448 2152 (ξύ.)
463 2071 600 2152 Νομίζω
609 2067 646 2134 δὲ
656 2073 779 2154 χρῆναί
788 2085 826 2134 σε
837 2066 965 2146 πάντας
976 2068 1039 2153 μὲν
1049 2075 1150 2154 τιμῦν
1160 2065 1242 2147 τοῦς

276 2165 352 2251 περὶ
366 2170 435 2232 τῶν
449 2184 504 2232 σοι
515 2168 761 2252 πεπραγμένων
773 2161 908 2250 ἀγαθόν
920 2192 953 2232 τι
966 2170 1140 2253 λέγοντας,
1155 2166 1241 2235 κάλ-

275 2272 372 2333 λιστα
387 2267 502 2349 μέντοι
515 2271 664 2351 νομίζειν
674 2267 826 2342 ἐκείνους
839 2266 1057 2352 ἐγκωμιάζειν
1070 2262 1150 2344 τοῦς
1164 2290 1242 2351 μει-

277 2362 384 2445 ζόνων
397 2367 508 2448 ἐργων
520 2358 544 2449 ἢ
556 2362 765 2448 τηλικούτων
778 2359 841 2449 την
851 2359 917 2449 σὴν
927 2362 1034 2450 φύσιν
1048 2361 1236 2447 ἀξιοῦντας,
1252 2368 1272 2425 b

277 2462 333 2530 καὶ
347 2461 428 2540 τοῦς
440 2457 486 2547 μὴ
500 2461 610 2548 μόνον
624 2465 721 2551 ἐντῷ
737 2460 881 2549 παρόντι
895 2466 1140 2548 κεχαρισμένως
1156 2466 1241 2528 διει-

224 2593 226 2595 *
276 2561 476 2647 λεγμὲνονς,
491 2557 566 2629 ἀλλ’
582 2563 705 2639 οἵτινες
716 2556 761 2628 ἀν
771 2557 852 2639 τοῦς
861 2563 1139 2649 ἐπιγιγνομένους
1149 2558 1241 2628 οὕτω

276 2660 440 2746 ποιήσωσι
450 2655 510 2737 τάς
524 2655 587 2738 σάς
603 2658 741 2745 πράξεις
755 2660 944 2747 θαυμάζειν
961 2657 1007 2734 ὡς
1023 2656 1164 2738 οὐδενός
1178 2657 1240 2727 άλ-

276 2767 340 2828 λου
356 2784 426 2826 ταν
442 2761 754 2845 προγεγενημένων.
777 2756 885 2828 πολλά
902 2762 939 2826 δὲ
952 2756 1240 2846 βονλόμενοςτοι-

277 2866 363 2925 αῦτα
377 2860 490 2944 λέγειν
510 2854 553 2925 οῦ
570 2858 737 2944 δύναμαι·
762 2855 825 2945 τὴν
842 2856 874 2925 δ’
891 2863 1002 2926 αίτίνιν
1018 2854 1064 2924 δι’
1080 2854 1240 2944 {ivano-

278 2955 374 3033 νάκις
389 2959 450 3021 τοῦ
465 2955 600 3033 θέοντος
617 2964 744 3042 εἴρηκα.

213 3080 261 3132 ιςι
363 3051 448 3142 (ξύ.)
469 3050 601 3122 Λοιπὸν
621 3046 687 3122 οῦν
705 3056 775 3144 ἐστὶ
790 3053 831 3122 τά
851 3059 1077 3140 προειρημένα
1092 3074 1242 3140 συναγα-

90 3145 94 3151 ’
277 3169 369 3241 γείν,
389 3149 438 3220 ἀν’
456 3149 502 3232 ὦς
515 3155 554 3220 ἐν
567 3156 749 3240 ἐλαχίστοις
765 3155 906 3240 κατίδῃς
923 3152 960 3220 τό
973 3152 1161 3240 κεφάλαιον
1174 3161 1271 3221 τῶνε

278 3253 636 3340 σνμβεβουλευμένων.
653 3255 739 3338 φημὶ
750 3253 816 3338 γάρ
826 3259 950 3338 χρῆναί
957 3272 994 3320 σε
1004 3250 1085 3332 τοῦς
1095 3253 1158 3337 μὲν
1164 3250 1242 3322 Ἑλ-

278 3360 382 3440 ληνας
397 3348 602 3438 εῦεργετελν,
618 3352 833 3421 Μακεδόνων
847 3351 884 3420 δὲ
898 3351 1109 3438 βασιλεύειν,
1123 3359 1193 3420 τῶν
1204 3354 1241 3419 δὲ

276 3447 461 3538 βαρβάρων
468 3443 514 3527 ἀς
521 3454 688 3518 πλείστων
698 3443 823 3532 ἀρχειν.
838 3439 882 3529 ἢν
891 3439 1071 3530 γάρταῦτα
1078 3442 1244 3532 πράττῃς,

276 3547 422 3630 ἅπαντές
440 3570 494 3617 σοι
512 3547 610 3637 χάριν
624 3549 771 3633 ἕξουσιν,
792 3548 829 3613 οί
839 3541 1066 3631 μένἝλληνες
1084 3541 1175 3631 ύπέρ
1194 3533 1244 3613 τόν

276 3648 321 3722 ἒν
337 3641 379 3722 τό
400 3650 564 3737 πάσχωσι,
579 3646 779 3727 Μακεδόνας
797 3643 831 3716 δ’
846 3640 890 3732 ἢν
904 3648 1084 3732 βασιλικῶς
1097 3642 1184 3712 ἀλλά
1197 3649 1243 3730 μὴ
