2859 4334
313 365 375 431 172
582 369 978 446 ΙΣοΚΡΑΤονΣοε)

311 532 500 614 φυλακτέον
519 531 624 612 ἐστὶν,
648 527 739 607 ὅπως
753 531 858 615 μηδὲν
872 539 1025 599 τοιοῦτον
1041 533 1259 618 ἐξαμαρτήσε-

310 638 373 697 σθε
398 630 474 711 περὶ
493 627 581 713 ὑμᾶς
600 625 739 712 αύτούς,
764 632 847 715 μηδὲ
872 633 1084 712 πιστοτέρους
1107 633 1263 716 ποιήσετε

309 730 389 807 τούς
409 728 530 813 λόγους
546 727 624 807 τούς
644 735 712 795 τῶν
727 728 1006 815 κατηγορούντων
1025 737 1082 815 τῆς
1095 731 1227 807 πόλεως
1240 726 1261 813 ἢ
1277 746 1323 800 128

241 842 293 896 299
309 825 388 907 τούς
408 836 474 897 τῶν
495 828 733 896 ἐπαινούντων.
778 829 848 905 (κς’.
862 827 970 911 *κθ’.)
999 826 1101 913 Οίμαι
1122 826 1153 895 δ’
1173 824 1263 915 ,ὑμᾶς

310 924 373 994 ούκ
397 924 550 1014 ιἰγυοείν,
582 925 632 995 ότι
660 935 728 995 τοῖν
753 926 921 1013 Ἑλλήνων
945 932 979 995 οί
1001 930 1063 1013 μὲν
1089 929 1263 1004 δυσκόλως

310 1027 391 1110 πρὸς
407 1025 494 1112 ὑμᾶς
509 1033 657 1113 ἔχουσιν,
673 1030 708 1095 οί
719 1024 750 1092 δ’
770 1025 813 1104 ὡς
831 1021 904 1093 οἷόν
919 1053 953 1094 τε
964 1027 1106 1112 μάλιστα
1121 1034 1260 1111 φιλοῦσι

309 1127 363 1195 καὶ
382 1124 441 1203 τάς
459 1128 593 1203 ἐλπίδας
610 1132 666 1211 τῆς
686 1132 849 1210 σωτηρίας
870 1127 906 1192 έν
928 1122 1008 1212 ὑμίν
1031 1133 1172 1210 ἔχουσιν.
1208 1132 1267 1193 καί

309 1245 413 1308 φασιν
441 1228 475 1292 οί
496 1224 559 1309 μὲν
583 1232 728 1291 τοιοῦτοι
752 1222 862 1309 μόνην
886 1222 969 1289 εἶναι
998 1225 1123 1309 ταύτην
1149 1225 1262 1305 πόλιν,

307 1323 366 1405 τάς
390 1323 420 1392 δ’
449 1322 551 1401 άλλας
576 1323 704 1409 κόμας,
733 1326 787 1391 καλ
812 1326 947 1400 δικαίως
970 1320 1015 1388 οἶν
1043 1319 1150 1407 αύτην
1178 1320 1263 1387 άστυ

308 1432 364 1509 τῆς
386 1421 541 1500 Ἑλλάδος
568 1420 879 1507 προσαγορεύεσθαι
902 1421 957 1489 καλ
983 1417 1037 1486 διά
1062 1416 1099 1485 τό
1121 1421 1264 1505 μέγεθος

308 1523 362 1590 καλ
377 1520 432 1589 διά
446 1518 504 1599 τάς
525 1519 680 1602 εὐπορίας
698 1517 756 1598 τάς
776 1522 914 1586 ἐνδένδε
935 1531 1003 1596 τοῖς
1017 1516 1130 1595 άλλοις
1144 1543 1260 1602 γιγνο-

307 1624 407 1705 μένας
430 1622 485 1687 καὶ
507 1620 648 1705 μάλιστα
672 1616 727 1686 διά
755 1617 815 1685 τόν
839 1618 966 1701 τρόπον
993 1624 1061 1683 τῶν
1085 1616 1262 1683 ἐνοικούν-

238 1738 290 1791 300
308 1745 387 1786 των·
404 1716 542 1797 οὐδένας
553 1714 618 1804 γάρ
631 1716 713 1785 εἶναι
730 1720 933 1803 πραοτέρους
945 1713 1022 1783 οὐδὲ
1038 1717 1261 1799 κοινοτέρους,

307 1814 383 1884 οὐδ’
399 1812 448 1894 οἷς
469 1817 671 1899 οἰκειότερον
685 1814 729 1883 ἄν
743 1843 791 1894 τις
810 1814 870 1884 τόν
885 1814 1016 1881 ἅπαντα
1029 1819 1106 1900 βίον
1121 1818 1263 1881 συνδια-

306 1923 463 2000 τρίψειεν.
497 1914 586 1983 οὕτω
598 1917 633 1984 δὲ
644 1916 803 2001 μεγάλαις
813 1921 955 1999 χρῶνται
967 1928 1037 1989 ταῖς
1048 1910 1262 1999 ὑπερβολαῖς,

233 2095 235 2104 y
308 2012 380 2085 ὥστ’
398 2012 475 2083 ούδέ
492 2012 582 2083 τοῦτ’
600 2012 738 2083 ὀκνοῦσι
754 2017 880 2099 λέγειν,
897 2010 940 2091 ὡς
953 2012 1050 2098 ἥδιον
1065 2007 1182 2104 άνύπ’
1201 2010 1263 2079 άν-

307 2112 386 2198 δρός
396 2111 579 2200 Ἀθηναίου
593 2120 789 2200 ζημιωθεῖεν
810 2108 831 2199 ἢ
847 2110 902 2179 διά
920 2119 976 2197 της
994 2114 1115 2194 ἑτέρων
1130 2107 1262 2196 άμότη-

305 2239 361 2293 τος
376 2205 415 2281 εὖ
435 2213 589 2281 πάθοιεν.
623 2216 657 2279 οί
675 2214 834 2279 δὲταῦτα
856 2212 918 2297 μὲν
936 2210 1150 2295 διασύρουσι,
1174 2215 1262 2289 διεξ-

307 2312 415 2391 ιόντες
434 2311 470 2380 δλ
483 2309 543 2390 τάς
559 2320 626 2380 τῶν
637 2318 861 2395 συκοφαντῶν
877 2309 1075 2393 πικρότητας
1088 2309 1144 2374 καὶ
1158 2334 1264 2375 κακο·

306 2421 447 2498 πραγίας
457 2410 536 2496 ὅλης
551 2421 607 2499 της
621 2410 749 2489 πόλεως
763 2408 808 2488 ὡς
821 2408 964 2495 άμίκτου
974 2410 1028 2476 καὶ
1043 2415 1186 2493 χαλεπῆς
1201 2407 1262 2496 ού-

237 2525 287 2581 ³01
307 2533 367 2598 σης
382 2517 636 2597 κατηγοροῦσιν.
659 2514 747 2577 ἔστιν
760 2501 824 2574 ούν
838 2510 1004 2575 δικαστῶν
1017 2512 1103 2573 νοῦν
1113 2506 1262 2590 ἐχόντων

306 2608 385 2688 τούς
408 2610 470 2696 μὲν
490 2617 558 2677 τῶν
578 2607 741 2677 τοιούτων
761 2608 872 2692 λόγων
896 2613 1021 2684 αἰτίους
1040 2611 1263 2692 γιγνομένους

191 2716 193 2724 ’
307 2706 516 2777 ἀποκτείνειν
533 2706 576 2787 ὡς
593 2707 743 2795 μεγάλην
759 2708 924 2792 αἰσχύνην
940 2714 980 2793 τῇ
996 2706 1091 2774 πόλει
1105 2730 1262 2788 περιποι-

307 2816 445 2891 ούντας,
471 2805 549 2886 τούς
570 2808 606 2875 δὲ
626 2813 695 2873 τῶν
715 2809 863 2874 ἐπαίνων
881 2811 949 2872 τῶν
971 2807 1162 2889 λεγομένων
1183 2806 1261 2886 περὶ

306 2904 409 2994 αύτης
422 2910 521 2992 μέρος
535 2933 565 2973 τι
580 2907 875 2993 συμβαλλομένους
888 2910 987 2989 τιμᾶν
1001 2911 1128 2988 μᾶλλον
1143 2899 1165 2989 ἢ
1179 2901 1261 2981 τούς

307 3003 456 3092 ἀθλητάς
475 3003 553 3083 τούς
573 3008 610 3071 ἐν
630 3019 698 3083 τοῖς
720 3010 930 3089 στεφανίταις
949 2999 1054 3087 ἀγῶσι
1076 3008 1259 3079 νικῶντας·

238 3118 288 3177 3ολ
306 3103 392 3174 πολύ
412 3103 476 3190 γάρ
498 3110 621 3172 καλλίω
642 3102 744 3182 δόξαν
764 3105 901 3171 ἐκείνων
919 3101 1081 3185 κτύμενοι
1101 3107 1142 3187 τῇ
1163 3097 1259 3167 πόλει

306 3203 508 3290 τυγχάνουσι
525 3204 725 3287 καὶμᾶλλον
744 3198 984 3285 ἁρμόττουσαν.
1019 3199 1094 3282 περὶ
1115 3196 1260 3283 μὲνγὰρ
1280 3210 1318 3263 Ιλλ

305 3299 368 3388 τὴν
389 3307 457 3368 τῶν
478 3299 641 3385 σωμάτων
659 3297 808 3387 ἀγωνίαν
828 3295 972 3375 πολλούς
992 3295 1071 3375 τούς
1086 3293 1260 3385 ἀμφισβη-

305 3406 445 3477 τοῦντας
455 3404 583 3485 ἔχομεν,
594 3401 669 3484 περὶ
681 3400 716 3467 δὲ
729 3396 789 3484 τὴν
802 3403 956 3466 παιδείαν
966 3396 1109 3474 ἅπαντες
1120 3392 1165 3463 ἂν
1174 3394 1261 3483 ἡμᾶς

306 3500 490 3585 πρωτεύειν
510 3507 735 3586 προκρίνειαν.
748 3500 809 3585 χρὴ
823 3496 1122 3587 δλτούςκαλμικρύ
1131 3504 1259 3585 λογιῖε·

306 3612 387 3669 σθαι
407 3600 616 3685 δυναμένους
641 3597 721 3679 τούς
742 3604 780 3669 έν
799 3614 866 3677 τοῖς
881 3598 1044 3675 τοιούτοις
1063 3604 1131 3663 τῶν
1147 3604 1258 3684 ἔργων
