2859 4334
320 372 380 437 144
589 379 995 454 ιεοκνανοοεμε)

319 533 591 621 πλασίωχρόνον,
607 531 856 622 έφορωνούτως
868 534 976 625 αύτὴν
984 535 1172 624 ὥσπερυύν
1181 537 1257 624 παρ’

263 649 310 701 178
320 626 607 723 όμίνφερομένην.
634 641 693 723 τῆς
705 628 839 723 μὲνοῦν
848 640 1028 724 ἐπιθυμίας
1036 637 1102 707 οἷδ’
1113 639 1257 709 ότιπολό

318 738 578 822 καταδεέστερον
597 739 756 825 ἐροῦμεν·
775 736 865 825 ὅμως
883 736 915 807 δ’
936 738 1028 820 ὅπως
1046 735 1091 809 ἀν
1108 742 1261 827 δύνωμαι

318 835 515 923 πειράσομαι
528 842 675 907 διελθεῖν
687 839 749 926 τήν
761 866 797 908 τε
808 839 914 927 φύσιν
927 837 1032 927 αὐτῆς
1045 842 1102 909 καὶ
1115 843 1178 930 τὴν
1198 844 1260 911 δύ·

319 964 430 1023 ναμιν,
439 933 483 1024 ἣν
495 945 572 1025 ἔχει,
586 944 643 1010 καὶ
654 949 735 1030 ποίᾳ
743 946 811 1010 τόν
819 939 1260 1031 ἀλλωντεχνωνόμοιοειδής

321 1039 1260 1133 ἐστικαλτίτούςσυνόνταςύφελεῑ,καλποίαςτινάςὴμεῑς

319 1138 504 1229 ποιούμεθα
511 1140 788 1231 τάςύποσγέσεις·
807 1142 898 1233 οἶμαι
912 1147 976 1235 γὰρ
989 1144 1260 1234 ύμᾶςμαθόντας

314 1245 375 1331 τὴν
394 1244 557 1331 ἀλήθειαν
575 1246 714 1333 ἀμεινον
731 1251 785 1314 καὶ
799 1248 1043 1334 βουλεύσεσθαι
1057 1249 1110 1313 καὶ
1123 1246 1267 1332 διαγνω-

250 1360 296 1415 179
314 1356 433 1413 σεσθαι
451 1348 525 1429 περὶ
543 1343 653 1433 αὐτῆς.
686 1344 765 1425 ἀξιῶ
783 1342 815 1411 δ’
836 1342 937 1429 ὑμᾶς,
955 1340 999 1431 ἦν
1015 1344 1080 1428 ἀρα
1098 1355 1267 1431 φαίνωμαι

315 1446 437 1531 λόγους
452 1443 583 1525 διεξιόν
599 1443 685 1514 πολύ
703 1452 771 1512 ταῖν
792 1448 992 1529 εἰθισμένων
1009 1447 1170 1529 λέγεσθαι
1187 1454 1265 1528 παρ’

315 1542 395 1629 ὑμῖν
407 1545 686 1630 ἐξηλλαγμέυους,
698 1540 744 1628 μὴ
756 1546 986 1627 δυσχεραίνειν
997 1537 1071 1609 ἀλλ’
1085 1547 1173 1627 ἔχειν
1185 1562 1267 1625 συγ-

316 1642 470 1728 γνώμην,
498 1645 791 1729 ἐνθυμουμένους,
819 1639 870 1708 ότι
886 1639 965 1719 τούς
974 1645 1049 1724 περὶ
1061 1642 1266 1726 πραγμάτων
1281 1664 1304 1716 ςι

315 1739 483 1826 ἀνομοίων
501 1756 569 1819 τοῖς
586 1740 699 1819 ἀλλοις
715 1738 980 1825 ἀγωνιζομένους
995 1736 1181 1824 ἀναγκαῖόν
1202 1742 1269 1805 ἐστι

316 1843 453 1918 καὶτοῖς
471 1839 582 1926 λόγοις
599 1840 764 1917 τοιούτοις
780 1846 924 1925 χρῆσθαι
943 1836 1150 1923 περλαύτών.
1185 1837 1269 1905 ὑπο-

315 1946 485 2025 μείναντες
507 1932 571 2005 ούν
591 1937 653 2006 τόν
675 1940 804 2021 τρόπον
826 1946 895 2006 τῶν
918 1942 1108 2024 λεγομένων
1130 1941 1187 2007 καὶ
1208 1936 1268 2023 τὴν

315 2042 503 2123 παρρησίαν
521 2039 574 2103 καὶ
591 2039 650 2104 τόν
665 2037 791 2122 χρόνον
803 2036 959 2115 ε’ἀσαντες
970 2033 1143 2104 ἀναλῶσαί
1152 2063 1193 2122 με
1209 2034 1269 2104 τόν

316 2139 495 2222 δεδομένον
517 2150 586 2215 ταῖς
608 2133 817 2221 ἀπολογίαις,
847 2134 937 2214 ὅπως
959 2131 1003 2202 ἀν
1025 2132 1121 2221 ὑμῶν
1143 2134 1269 2224 ἑκάστῳ

316 2242 398 2325 δοκῇ
427 2240 558 2303 δίκαιον
579 2233 663 2302 εἶναι
689 2238 743 2304 καὶ
767 2235 927 2320 νόμιμον,
956 2232 1043 2300 οὕτω
1069 2235 1187 2317 φέρετε
1209 2231 1270 2319 τὴν

316 2344 438 2423 ψῆφον·

251 2450 298 2503 180
397 2432 565 2517 (κς’.*ιγ’.)
588 2434 758 2520 Βούλομαι
775 2432 811 2500 δὲ
829 2433 902 2517 περὶ
920 2438 977 2518 τῆς
988 2440 1056 2500 τῶν
1067 2432 1179 2518 λόγων
1189 2458 1270 2498 παι·

314 2538 402 2610 δείας
421 2530 532 2614 ὥσπερ
549 2536 584 2600 οδ
592 2539 869 2618 γενεαλογοῦντες
880 2539 1013 2616 πρῶτον
1024 2535 1173 2598 διελθεῖν
1184 2529 1270 2615 πρός

314 2629 407 2718 ὑμᾶς.
441 2627 647 2716 ὁμολογεῖται
662 2634 725 2715 μὲν
735 2629 799 2716 γάρ
811 2629 872 2716 τὴν
886 2631 992 2715 φύσιν
1004 2627 1099 2715 ἡμῶν
1109 2637 1146 2697 ἔκ
1159 2637 1271 2698 τετοῦ

314 2729 465 2817 σώματος
488 2742 684 2815 συγκεῖσθαι
708 2732 835 2815 καὶτῆς
852 2736 968 2814 ψυχῆς·
999 2726 1114 2795 αὐτοῖν
1132 2730 1169 2795 δέ
1186 2730 1270 2795 τού-

313 2855 385 2897 τοιν
396 2825 505 2907 οὐδεὶς
515 2834 606 2896 ἔστιν
615 2825 825 2907 όστιςοόκάν
835 2830 973 2914 φήσειεν
982 2825 1270 2915 ἡγεμονικωτέραν

314 2927 500 3011 πεφυκέναι
512 2925 572 3013 τὴν
585 2926 694 3013 ψυχὴν
706 2931 760 2995 καὶ
772 2935 924 3005 πλείονος
935 2925 1044 3006 ἀξίαν·
1062 2935 1118 3013 τῆς
1128 2926 1270 3012 μὲνγὰρ

316 3033 415 3112 ἔργον
432 3023 516 3092 εἶναι
527 3028 778 3110 βουλεύσασθαι
789 3029 843 3093 καὶ
855 3026 929 3111 περὶ
942 3034 1009 3092 των
1020 3030 1113 3093 ίδίων
1125 3027 1268 3110 καὶπερὶ

314 3132 382 3192 τῶν
399 3129 538 3207 κοινῶν,
557 3132 617 3191 τοῦ
629 3126 664 3193 δὲ
676 3126 827 3210 σώματος
839 3122 1042 3209 ὑπηρετῆσαι
1053 3137 1121 3199 τοῖς
1132 3120 1199 3189 ὑπό
1211 3132 1270 3208 τῆς

251 3251 293 3305 181
315 3229 421 3309 ψυχῆς
443 3232 653 3307 γνωσθεῖσιν.
687 3222 776 3289 οὕτω
794 3222 829 3289 δέ
847 3224 976 3288 τούτων
995 3221 1138 3306 ἐχόντων
1155 3217 1268 3305 ὁρων-

314 3326 365 3400 τές
382 3346 470 3399 τινες
481 3327 548 3386 των
559 3320 645 3388 πολύ
658 3319 722 3405 πρό
735 3320 829 3408 ἡμῶν
840 3321 1029 3407 γεγονότων
1039 3321 1114 3402 περὶ
1124 3323 1187 3406 μὲν
1198 3328 1268 3386 των

314 3421 426 3490 ἀλλων
443 3419 566 3498 πολλάς
582 3423 696 3506 τέχνας
713 3427 970 3511 συνεστηκυίαις,
989 3422 1063 3503 περὶ
1075 3421 1111 3488 δὲ
1122 3416 1159 3486 τό
1171 3426 1267 3503 σῶμα

314 3524 367 3588 καὶ
389 3518 450 3605 τὴν
473 3517 581 3605 ψυχὴν
603 3517 702 3587 οὐδέν
724 3526 878 3587 τοιοῦτον
900 3521 1183 3604 συντεταγμένον,
1208 3514 1264 3584 εὖ-

316 3622 431 3698 ρόντες
448 3619 558 3697 διττάς
575 3623 757 3703 ἐπιμελείας
775 3622 953 3686 κατέλιπον
970 3615 1058 3702 ἡμῖν,
1066 3620 1141 3698 περὶ
1151 3622 1213 3703 μὲν
1222 3612 1264 3681 τά
