2859 4334
285 350 347 417 150
561 355 955 430 ιΣοκΡΑκονεμε)

283 516 443 583 ἁπάντων
462 522 528 583 τῶν
546 520 787 581 διδασκαλείων
801 512 987 598 ἀγωνιστάς
997 523 1235 605 γιγνομένους,

284 615 362 695 τούς
386 613 419 683 δ’
442 614 564 692 ἀλλους
584 617 617 693 ἐξ
634 611 747 680 αὐτῶν
761 615 894 693 ἰδιώτας
907 613 1231 703 ἀπαλλαττομένους.

218 731 265 783 λον
280 722 385 783 καίτοι
401 721 469 791 πῶς
484 709 546 779 οὐκ
562 711 713 797 άφρονας
731 710 816 779 εἶναι
830 716 890 800 χρῆ
913 722 1060 801 νομίζειν
1074 714 1156 794 τούς
1174 714 1235 794 τάς

284 815 443 901 δυνάμεις
467 810 525 890 τὰς
548 815 584 878 ἐν
611 825 681 890 ταῖς
704 808 987 898 ὁμολογουμέναις
1013 822 1082 881 τῶν
1104 821 1234 901 τεχνῶν

284 910 346 980 ούκ
361 911 517 994 ἐνούσας,
533 909 655 987 ταύτας
669 906 821 976 ἀπαιτεῖν
838 919 1028 996 τολμῶντας
1042 911 1133 995 παρά
1148 914 1232 980 ταύ-

283 1039 350 1098 της,
367 1008 410 1097 ἣν
421 1008 483 1077 ούκ
499 1006 585 1076 εἷναί
593 1030 686 1093 φασι,
703 1011 757 1075 καλ
769 1015 903 1087 πλείους
917 1009 975 1088 τάς
987 1007 1148 1095 ἀφελείας
1160 1010 1201 1092 ἀξ
1214 1052 1234 1063 -

284 1118 405 1190 οὐντας
415 1118 591 1197 γίγνεσθαι
606 1105 696 1191 παρά
712 1114 769 1193 τῆς
784 1105 1028 1195 ἀπιστουμένης
1040 1107 1102 1194 ὑφ’
1118 1107 1233 1179 αὑτῶν
1255 1130 1300 1181 1οσ

216 1205 303 1296 λοσῆ
326 1206 415 1292 παρά
435 1215 503 1275 τῶν
527 1204 672 1293 ἀκριβῶς
697 1203 862 1290 εὑρῆσθαι
888 1210 1082 1288 δοκουσῶνς
1107 1207 1168 1296 χρῆ
1195 1210 1232 1277 δὲ

281 1306 360 1388 τούς
373 1316 459 1375 νοῦν
474 1314 607 1394 ἔχοντας
623 1302 685 1373 οὐκ
703 1303 889 1391 ἀνωμάλως
902 1316 1071 1373 ποιεῖσθαι
1086 1305 1145 1385 τάς
1158 1316 1232 1391 κρί-

282 1429 351 1485 σεις
366 1409 439 1489 περὶ
455 1413 523 1473 τῶν
535 1402 660 1490 ὁμοίων
671 1402 959 1489 πραγμάτων,ούδ’
974 1402 1233 1492 ἀποδοκιμάζειν

281 1504 342 1592 τῆν
364 1510 517 1572 παιδείαν
537 1500 598 1588 τῆν
618 1499 722 1569 ταάτά
743 1515 813 1579 ταῖς
832 1509 998 1581 πλείσταις
1017 1510 1085 1571 τῶν
1104 1512 1232 1590 τεχνῶν

281 1603 559 1691 ἀπεργαζομένην.
579 1608 627 1679 τίς
641 1598 705 1686 γάρ
721 1597 783 1667 οὐκ
799 1598 890 1668 οἶδεν
901 1598 997 1687 ὑμῶν
1007 1601 1153 1683 πολλούς
1163 1611 1233 1670 τῶν

282 1700 347 1771 ὁπδ
360 1717 428 1781 τοις
439 1714 611 1785 σοφισταῖς
622 1702 815 1784 γενομένων
826 1696 868 1765 ού
879 1703 1145 1783 φενακισθέντας
1157 1698 1230 1769 οὐδ’

213 1825 265 1879 204
280 1800 370 1867 οὕτω
388 1802 612 1881 διατεθέντας,
630 1795 674 1875 ὡς
688 1789 780 1865 οὗτοι
793 1799 959 1882 λέγουσιν,
975 1796 1059 1867 ἀλλά
1073 1798 1153 1879 τούς
1167 1801 1232 1886 μὲν

281 1898 393 1967 αὐτῶν
417 1896 554 1976 ἱκανούς
574 1893 760 1982 ἀγωνιστάς
780 1893 1077 1980 ἀποτελεσθέντας,
1099 1895 1178 1977 τούς
1193 1901 1231 1966 δὲ

281 1994 455 2064 παιδεύειν
476 1997 607 2080 ἑτέρους
629 1997 854 2079 δυνηθέντας,
870 1992 943 2061 ὅσοι
958 1992 990 2061 δ’
1007 1992 1120 2063 αύτῶν
1134 2001 1230 2064 ἰδιῶ-

282 2095 391 2164 τεύειν
403 2091 656 2181 ἠβουλήθησαν,
672 2100 709 2160 έν
720 2118 754 2160 τε
765 2107 835 2172 ταῖς
846 2089 988 2177 ὁμιλίαις
997 2098 1230 2179 χαριεστέρους

281 2194 380 2273 ὄντας
407 2188 609 2279 ῆπρύτερον
635 2186 738 2279 ἦσαν,
764 2199 831 2258 τῶν
857 2217 893 2259 τε
914 2188 1026 2277 λόγων
1045 2191 1160 2275 κριτάς
1174 2196 1231 2263 καὶ
1345 2269 1346 2272 ¹

280 2292 495 2380 συμβούλους
509 2290 765 2380 ἀκριβεστέρους
780 2298 848 2358 τῶν
864 2298 1028 2359 πλείστων
1048 2296 1230 2379 γεγενημέ·
1345 2289 1346 2308 ’

280 2416 377 2471 νονςς
395 2388 477 2457 ὥστε
490 2396 559 2466 πῶς
569 2385 629 2474 χρῆ
643 2395 699 2473 τῆς
713 2388 867 2473 τοιαύτης
877 2392 1047 2476 διατριβῆς
1058 2416 1230 2476 καταφρο-

279 2504 352 2557 νεῖν
362 2495 419 2573 τῆς
430 2484 508 2564 τούς
520 2489 743 2572 κεχρημένους
753 2482 837 2574 αύτῆ
848 2486 1021 2567 τοιούτους
1035 2510 1230 2572 παρασκευ-

212 2604 262 2657 205
280 2589 371 2667 άζειν
386 2587 591 2670 δυναμένηςς
608 2581 692 2651 ἀλλὰ
710 2580 778 2669 μὴν
791 2587 848 2651 καί
864 2584 940 2652 τόδε
955 2584 1078 2664 πάντες
1090 2582 1136 2655 ἀν
1146 2584 1230 2672 ὁμο·
1344 2595 1345 2616 ’

272 2684 468 2771 ,λογῆσειαη
485 2681 536 2750 ὅτι
548 2683 688 2760 τούτους
694 2682 954 2767 τεχνικωτάτονς
960 2682 1045 2751 εἶναι
1051 2692 1230 2771 νομίζομεν

280 2787 331 2853 ε’πὶ
349 2787 464 2850 πασῶν
484 2788 549 2847 τῶν
571 2788 696 2865 τεχνῶν
718 2782 772 2848 καὶ
785 2788 1021 2866 χειρουργιῶν,
1043 2785 1164 2861 οἵτινες
1184 2780 1227 2853 ἀι

279 2879 358 2959 τούς
372 2875 525 2966 μαθητάς
540 2876 584 2957 ῶς
598 2874 670 2946 οἷόν
682 2876 720 2947 θ’
738 2878 954 2964 ὁμοιοτάτους
967 2880 1107 2965 ἐργάτας
1121 2879 1226 2968 άλλη-

279 2988 349 3057 λοις
373 2975 599 3055 ἀποδειξῶσιν.
635 2984 673 3065 τῆ
694 2985 811 3045 τοίνυν
836 2986 1018 3065 φιλοσοφίᾳ
1041 2978 1224 3064 φανήσεται

211 3099 262 3153 206
278 3082 331 3150 καὶ
359 3086 457 3148 τοῦτο
483 3080 700 3164 συμβεβηκός.
735 3077 808 3145 ὅσοι
833 3075 897 3162 γάρ
923 3075 1087 3163 ἡγεμόνος
1107 3084 1226 3164 ἔτυχον

278 3177 446 3265 ἀληθινοῦ
461 3177 515 3242 καί
530 3183 615 3242 νούν
628 3182 770 3263 ἔχοντος,
786 3174 958 3261 εὑρεθεῖεν
972 3175 1016 3244 ἀν
1032 3179 1069 3245 ἐν
1083 3193 1151 3256 τοῖς
1165 3178 1226 3246 λα’-

278 3303 348 3364 γοις
363 3273 469 3351 οὕτως
490 3269 604 3357 ὁμοίαν
629 3272 691 3360 τῆν
714 3275 860 3359 δύναμιν
881 3280 1010 3359 ἔχοντες
1025 3273 1108 3343 ὥστε
1123 3283 1227 3343 πᾶσιν
1342 3289 1343 3292 ’

278 3376 362 3445 εἶναι
378 3368 538 3458 φανερὸν,
555 3369 605 3439 ὁτι
623 3379 679 3458 τῆς
693 3371 797 3459 αὐτῆς
811 3376 961 3451 παιδείας
974 3374 1222 3460 μετεσχηκασιν.

277 3482 383 3545 καίτοι
410 3469 554 3559 μηδενὸς
578 3477 681 3550 ἔθους
713 3470 825 3550 αὐτοῖς
856 3475 1079 3558 ἐγγενομένου
1106 3482 1226 3541 κοινοῦ
1244 3489 1285 3540 101
1341 3501 1342 3504 ’

278 3576 359 3656 μηδὲ
374 3577 544 3655 διατριβῆς
561 3580 710 3655 τεχνικῆς
732 3570 925 3657 ὑπαρξάσης
944 3570 1007 3639 οὐκ
1029 3579 1118 3641 ἔστιν
1133 3572 1225 3652 ὁπως
