2859 4334
307 364 369 431 ιω
589 370 993 444 ammonas)

306 540 514 615 προεστῶτας
524 538 583 618 τῆς
594 534 744 606 παιδείας
758 524 861 595 ούδέυ
873 524 978 595 κακόν
989 531 1258 653 ἐπιτηδεύοντας,

305 626 383 698 ἀλλ’
408 628 745 717 ἀπραγμονεστάτους
765 625 866 713 μέν’
848 654 947 705 ουτας
968 637 1035 695 τών
1056 632 1094 695 έν
1107 657 1148 716 τη
1133 630 1257 697 πόλει

304 755 360 797 και
349 727 561 817 πλείστην
544 734 685 817 ησυχιαυ
705 724 866 811 ἀγοντας,
893 732 1117 814 προσέχοντας
1137 731 1175 795 δέ
1195 727 1258 794 τόν
1277 740 1318 794 Ιο·

304 836 390 897 νούν
407 837 501 915 σφίσι
503 857 524 896 ν
539 826 652 906 αὐτοῖς
667 829 722 893 καὶ
735 824 794 904 τάς
808 834 991 904 συνουσίας
1006 852 1066 913 μετ
1071 825 1269 911 ’ἀλλήλων

237 935 290 989 228
306 930 539 1013 ποιουμένους,
556 931 638 995 ἐτιδ
619 924 709 994 δέτά
725 924 807 992 καθ’
828 925 956 1011 ἡμέραν
971 922 1186 992 εὐτελέστατα
1201 927 1258 992 καὶ

306 1028 513 1113 κοσμιώτατα
535 1033 665 1112 ζῶντας,
684 1028 739 1093 καὶ
765 1032 834 1091 τών
862 1025 973 1110 λόγων
993 1028 1256 1111 ἐπιθυμοῦντας,

306 1124 347 1193 ού
362 1132 431 1192 τών
452 1126 505 1193 ἐπὶ
524 1140 591 1204 τοῖς
605 1130 701 1204 ἰδίοις
725 1132 941 1211 συμβολαίοις
963 1130 1156 1210 λεγομένων
1177 1126 1257 1193 οὐδὲ

304 1232 372 1292 τών
389 1226 590 1294 λυπούντων
604 1222 697 1302 τινάς
712 1222 796 1292 ἀλλά
812 1231 880 1290 τών
895 1221 985 1306 παρὰ
997 1231 1100 1291 πᾶσιν
1115 1222 1257 1306 ἀνθρώ·

305 1350 379 1402 ποις
394 1322 676 1408 εὐδοκιμούντων,
692 1322 782 1409 ὅμως
796 1330 941 1409 τολμῶσι
957 1331 1169 1409 βλασφημεῖν
1180 1326 1257 1407 περὶ

304 1421 418 1491 αύτώυ
433 1424 487 1489 καλ
504 1424 626 1507 λέγειν,
643 1419 688 1501 ώς
698 1422 825 1507 ταύτην
840 1420 1090 1508 ποιοῦνταιτὴν
1101 1428 1256 1510 μελέτην,

236 1538 288 1592 229
306 1518 352 1589 ἵν’
369 1524 406 1589 ἐν
421 1534 488 1598 τοῖς
500 1517 604 1606 ἀγώσι
616 1519 706 1606 παρά
718 1518 755 1588 τό
769 1527 900 1588 δίκαιον
910 1530 1164 1591 πλεονεκτῶσιν.
1181 1531 1257 1590 καί·

304 1647 354 1687 τοι
369 1626 456 1697 τίνες
472 1615 515 1686 ἀν
529 1617 663 1687 ἀδικίαν
677 1621 733 1686 και
747 1627 867 1688 κακίαν
882 1617 1064 1699 ἀσκοῦντες
1079 1624 1252 1706 σωφρονέ-

305 1739 423 1804 στερον
436 1727 505 1785 τών
522 1717 634 1793 ἀλλων
650 1725 708 1803 ζῆν
726 1719 939 1839 έθελησειαυ;
955 1726 1048 1796 τινας
1063 1721 1099 1786 δε
1114 1719 1254 1786 πώποθ’
1352 1711 1354 1782 λ

305 1817 491 1899 εωροίκασιν
520 1823 553 1885 οἱ
575 1825 678 1884 ταῦτα
699 1823 851 1903 λέγοντες
880 1814 1175 1904 ἀναβαλλομένους
1200 1821 1256 1885 καὶ

302 1921 610 2039 θησαυριζομένους
637 1916 696 1997 τάς
718 1926 889 2005 πονηρίας,
904 1917 978 1986 ἀλλ’
1001 1917 1064 1986 οὐκ
1086 1918 1195 2000 εύθύς
1215 1930 1257 2011 τῇ

303 2016 404 2105 φύσει
417 2024 456 2105 τῇ
472 2017 625 2105 παρούσῃ
641 2020 849 2104 χρωμένους;

234 2132 286 2187 230
385 2117 536 2203 (κς’.*ιι’.)
553 2118 661 2197 Χωρὶς
673 2116 708 2183 δέ
724 2118 864 2202 τούτων,
880 2128 972 2200 είπερ
984 2114 1004 2204 ἡ
1018 2121 1093 2203 περὶ
1103 2115 1185 2197 τούς
1195 2117 1255 2186 λό-

302 2244 382 2301 γους
409 2217 559 2302 δεινότης
588 2230 677 2283 ποιεῖ
699 2230 767 2294 τοῖς
791 2213 977 2299 ἀλλοτρίοις
1009 2217 1255 2302 ἐπιβουλεύειν,

303 2322 471 2402 προσῆκεν
483 2314 631 2392 ἅπαντας
642 2312 937 2400 τούςδνναμένους
945 2321 1050 2383 εἰπεῖν
1057 2318 1254 2402 πολυπράγ-

302 2408 1254 2501 μοναςκαὶσυκοφάνταςείναι’ταύτὸγάραίτιουένάπασι

234 2525 281 2578 231
302 2510 426 2580 ταύτόν
447 2524 597 2596 πέφυκεν
619 2513 863 2597 ἐνεργάζεσθαι.
887 2520 953 2579 νῦν
973 2512 1004 2580 δ’
1026 2512 1185 2600 εὑρήσετε
1199 2517 1255 2581 καὶ
1352 2531 1354 2570 ι

301 2618 369 2678 τών
392 2613 428 2677 ἐν
449 2618 493 2699 τῷ
517 2611 659 2695 παρόντι
683 2615 951 2696 πολιτευομένων
974 2616 1029 2681 καί
1050 2620 1118 2680 τών
1132 2618 1254 2681 νεωστί

300 2707 581 2793 τετελευτηκότων
595 2706 673 2787 τούς
687 2716 844 2795 πλείστην
856 2713 1045 2796 ἐπιμέλειαν
1055 2719 1123 2779 τῶν
1139 2713 1254 2800 λόγων

300 2810 522 2894 ποιουμένους
537 2815 727 2895 βελτίστους
742 2808 840 2887 ὄντας
855 2818 922 2877 τών
939 2813 990 2878 ἐπὶ
1005 2808 1041 2877 τό
1058 2818 1147 2898 βῆμα
1163 2836 1254 2894 παρ-

300 2906 438 2984 ιόντων,
456 2912 503 2972 ἔτι
525 2906 561 2973 δέ
581 2914 649 2973 τών
664 2915 818 2974 παλαιῶν
840 2906 918 2986 τούς
934 2907 1090 2992 ἀρίστους
1106 2911 1253 2996 ῥήτορας

298 3004 353 3071 καὶ
368 3010 525 3088 μεγίστην
547 3002 648 3083 δόξαν
671 3006 835 3091 λαβόντας
855 3014 1019 3074 πλείστων
1039 3004 1182 3092 ἀγαθῶν
1198 3018 1251 3078 αί-

298 3108 389 3180 τίυυς
409 3109 448 3187 τῇ
469 3103 563 3170 πόλει
594 3107 854 3190 γεγενημένους,
879 3104 1085 3191 ἀρξαμένους
1099 3106 1165 3175 ἀπό
1178 3111 1252 3177 Σό·

231 3211 282 3265 ’λ32
297 3210 412 3278 λωνος.
437 3201 563 3280 ἐκεῖνός
574 3228 608 3269 τε
620 3200 684 3287 γάρ
696 3205 883 3289 προστάτης
891 3213 952 3272 τοῦ
963 3206 1074 3292 δήμου
1084 3207 1252 3287 καταστάς
1272 3214 1312 3266 10(Ι
1352 3237 1353 3244 “

296 3298 403 3377 οὕτως
418 3302 639 3386 ἐνομοθέτησε
653 3306 708 3370 καί
722 3303 762 3370 τὰ
779 3306 957 3390 πράγματα
972 3307 1098 3385 διέταξε
1113 3310 1169 3376 καὶ
1185 3307 1252 3393 τήν
1352 3343 1353 3356 ¹

296 3399 397 3467 πόλιν
413 3397 657 3465 κατεσκεύασεν
672 3398 752 3467 ὥστ’
771 3408 817 3468 ἐτι
833 3404 888 3469 καὶ
899 3408 965 3468 νῦν
976 3400 1173 3487 ἀγαπᾶσθαι
1186 3404 1250 3493 τήν

295 3504 462 3584 διοίκησιν
481 3495 543 3583 τὴν
564 3496 624 3565 ὑπ’
649 3502 781 3568 ἐκεινου
811 3511 1073 3587 συνταχθείσαυ·
1107 3502 1190 3588 μετὰ
1212 3506 1250 3572 δὲ
1352 3565 1353 3590 ,

296 3603 399 3665 ταῦτα
414 3602 620 3683 Κλεισθένης
641 3599 793 3668 ἐκπεσών
817 3604 852 3667 ἐκ
876 3610 931 3686 τῆς
952 3600 1080 3680 πόλεως
1094 3598 1162 3668 ὑπὸ
1178 3613 1249 3669 τών
1352 3651 1353 3660 ι
