2859 4334
395 373 528 432 ΠΡΟΣ
547 373 913 432 KAAAIMAXON.
1065 369 1127 436 207

182 534 354 616 λοιδορίας
377 526 493 609 αὐτοῖς
517 528 699 617 γενομένης
717 526 812 597 ἄλλοι
835 556 872 597 τε
889 529 1007 598 πολλοί
1025 530 1157 598 eumd-b

182 637 323 719 δραμον,
337 632 392 699 καλ
407 631 491 699 κατὰ
504 630 610 718 τύχην
621 628 738 699 Ῥίνων
751 625 800 709 είς
812 636 881 699 τῶν
893 632 973 700 δέκα
986 630 1127 718 γενόμε-

181 759 242 811 νος
266 736 467 820 προσῆλθεν.
507 730 615 812 εὐθάς
638 724 702 800 οάν
721 732 806 820 πρὸς
822 730 929 801 αάτόυ
945 731 1006 820 τῆν
1024 732 1127 821 φάσιν

182 838 253 902 τῶν
270 833 449 922 χρημάτων
466 831 485 901 δ
504 837 701 919 Πατροκλῆς
721 835 876 902 ἐποιεῖτο·
894 832 913 901 ὁ
930 831 965 901 δ’
983 834 1030 914 ὥς
1047 834 1127 915 τούς

182 933 414 1022 συνάρχοντας
436 926 518 1022 ῆγεν
535 932 756 1021 άμφοτέρους.
796 937 918 1005 ἐκεῖνοι
941 933 974 1003 δ’
994 940 1042 1014 είς
1065 937 1127 1021 τὴν

183 1035 314 1125 βουλὴν
323 1039 399 1124 περὶ
413 1031 527 1107 αὐτῶν
537 1032 725 1104 ἀπέδοσαν·
744 1043 884 1123 κρίσεως
896 1035 934 1106 δλ
947 1038 1128 1124 γενομένης

153 1157 171 1205 7
188 1138 326 1219 ε’δοξετά
334 1137 484 1225 χρήματα
492 1134 624 1225 δημόσι’
633 1133 729 1205 εἶναι.
747 1135 829 1223 μετά
844 1136 882 1205 δὲ
894 1135 1004 1223 ταῦτ’,
1016 1139 1128 1224 ἐπειδὴ

184 1242 356 1325 κατῆλθον
362 1243 398 1307 οί
402 1237 585 1326 φεύγοντες
592 1240 628 1306 έκ
636 1243 830 1325 Πειραιέως,
844 1229 975 1327 (οὗτος)
982 1239 1129 1307 ἐνεκάλει

183 1346 232 1431 τῷ
241 1348 430 1428 Πατροκλεῑ
442 1341 498 1408 καὶ
508 1345 605 1419 δίκας
620 1338 804 1426 ἐλάγχανεν
811 1337 858 1434 ὥς
868 1347 967 1432 αἰτίῳ
974 1345 1031 1427 τῆς
1039 1361 1123 1428 συμ-

184 1450 291 1531 φορᾶς
312 1443 541 1534 γεγενημένῳ·
560 1442 751 1526 διαλλαγεὶς
764 1441 803 1511 δὲ
820 1440 906 1528 πρὸς
925 1444 1054 1512 ἐκεῖνον
1071 1444 1154 1510 καλε

157 1597 159 1601 -
184 1543 395 1630 πραξάμενος
418 1540 524 1611 αάτόν
541 1543 622 1611 δέκα
639 1545 727 1630 μνᾶς
744 1541 912 1631 άργυρίον
931 1552 1128 1632 Λυσίμαχον

186 1642 424 1731 ἐσυκοφάντει·
448 1643 563 1733 λαβών
580 1642 618 1713 δέ
635 1645 692 1713 καλ
710 1643 802 1730 παρά
819 1644 939 1713 τούτου
957 1650 1129 1727 διακοσίας

185 1744 343 1832 δραχμάς’
356 1745 428 1832 ἐμοὶ
445 1744 623 1833 πράγματα
640 1759 810 1834 παρεῖχεν.
835 1748 893 1815 καὶ
907 1746 945 1814 τδ
958 1745 1020 1835 μέν
1034 1751 1128 1834 πρά-

184 1874 245 1916 τον
258 1846 406 1915 ἐνεκάλει
419 1844 607 1933 φάσκωνμε
616 1848 842 1934 συμπράττειν
850 1851 1002 1935 ἐκείνοις,
1012 1857 1127 1917 τελευ-

184 1952 254 2017 τῶν
270 1942 305 2017 δ’
320 1954 370 2027 εἰς
382 1942 478 2017 τοῦτ’
493 1946 662 2027 άναιδείας
675 1940 794 2034 ἦλθεν,
813 1946 900 2017 ὥσθ’
915 1948 1076 2019 ἁπάντων
1087 1977 1128 2038 με

184 2054 255 2118 τῶν
270 2049 502 2136 γεγενημένων
515 2047 646 2139 ᾐτιᾶτο·
665 2047 750 2135 άπερ
768 2059 849 2129 ίσως
862 2050 919 2118 καλ
928 2055 996 2120 νῦν
1003 2052 1128 2138 τολμῆ-

156 2167 236 2220 8σει
261 2166 468 2238 κατηγορεῖν.
509 2147 575 2237 έγά
602 2147 633 2217 δ’
655 2146 741 2238 ὑμῖν
758 2152 939 2239 παρέξομαι
955 2152 1128 2241 μάρτυρας

184 2258 320 2340 πρῶτον
334 2252 396 2339 μὲν
408 2248 487 2332 τούς
501 2254 534 2334 ἐξ
548 2249 652 2340 ἀρχῆς
665 2254 973 2340 παραγενομένους,
990 2251 1037 2333 ὥς
1052 2252 1124 2323 οὔτ’
1141 2266 1157 2320 δ

185 2350 397 2442 ἐπελαθόμην
415 2350 488 2423 οὔτ’
510 2354 692 2443 έφηψάμην
709 2356 778 2423 τῶν
795 2353 992 2442 χρημάτων,
1019 2361 1128 2425 ἔπειτα

185 2450 353 2551 (Ῥίνωνα)
371 2455 428 2523 καὶ
444 2454 525 2536 τούς
543 2454 792 2544 συνάρχοντας,
818 2453 863 2535 αἱς
886 2454 951 2524 οὐκ
976 2457 1042 2542 έγά
1067 2457 1128 2543 τῆν

185 2557 290 2644 φάσιν
307 2554 392 2625 άλλά
410 2562 607 2644 Πατροκλῆς
627 2557 803 2644 ἐποιήσατο
821 2556 906 2644 πρδς
924 2555 1063 2641 αέτοδς,
1084 2565 1127 2626 ἔτι

185 2658 224 2727 δὲ
241 2658 322 2738 τούς
338 2656 535 2745 βουλευτάς,
553 2655 598 2738 άς
613 2662 740 2737 ἐκεῖνος
757 2649 801 2747 ἦν
814 2657 833 2728 δ
846 2662 1053 2745 κατηγορῶν.
1071 2666 1131 2727 καί

184 2758 240 2845 μοι
257 2756 351 2829 κάλει
366 2760 498 2830 τούτων
514 2757 696 2848 μάρτυρας.

528 2870 791 2932 ΜΑΡΤῬΡΕΣ.

158 2978 176 3027 9
262 2960 334 3051 (δ’.)
354 2959 455 3033 Οὕτω
471 2968 590 3032 τοίνυν
608 2967 744 3030 πολλάν
758 2963 1042 3051 παραγενομένων
1058 2978 1129 3044 τοῖς

185 3074 401 3152 πραχθεῖσιν,
426 3060 539 3150 οἵσπερ
564 3061 706 3142 οὐδενὸς
730 3066 924 3147 συνειδότος
946 3064 1048 3144 αὐτὸς
1065 3064 1129 3153 μέν

185 3155 285 3245 οὗτος
305 3164 521 3253 ἐφιστάμενος
539 3171 587 3246 είς
604 3165 684 3245 τούς
703 3163 823 3252 ὄχλους
836 3166 893 3233 καὶ
910 3175 1059 3249 καθιξων
1073 3168 1127 3236 έπλ

184 3281 256 3346 τοῖς
273 3269 502 3355 ἐργαστηρίοις
520 3266 644 3352 λόγους
663 3269 803 3336 ἐποιεῖτο
821 3264 866 3348 ιδς
884 3266 977 3336 δεινά
996 3292 1152 3337 πέπον-ε

183 3366 258 3448 θάς
280 3363 343 3436 ὑπ’
364 3372 447 3455 ἐμοῦ
470 3371 527 3437 καὶ
551 3374 621 3437 τοῖν
644 3367 826 3455 χρημάτων
848 3366 1128 3457 ἀπεστερημένος,

183 3474 253 3536 τῶν
267 3468 304 3538 δέ
318 3471 499 3557 χρωμένων
511 3469 599 3549 τινὲς
613 3469 722 3561 τούτῳ
741 3468 935 3555 προσιόντες
952 3497 1008 3558 μοι
1025 3492 1126 3540 συνε-

182 3570 351 3657 βούλευον
369 3568 638 3641 ἀπαλλάττεσθαι
655 3574 713 3657 τῆς
730 3570 815 3658 πρὸς
827 3576 950 3640 τοῦτον
962 3576 1128 3659 διαφοράς

182 3674 240 3740 καί
257 3672 304 3760 μῆ
320 3672 504 3759 βούλεσθαι
521 3677 631 3752 κακῶς
649 3671 786 3742 άκοάειν
808 3672 894 3762 μηδὲ
916 3673 1128 3743 κινδυνεύειν
