2859 4334
292 344 351 407 134
564 345 964 423 ιαοκεκεονερι)

288 504 418 584 τούς-ἐν
432 520 499 584 τοῖς
510 511 606 585 ίδίοις
626 503 804 587 συλλόγοις
818 510 1010 588 λογοποιεῖν
1026 511 1240 592 δυναμένους

288 608 343 675 καὶ
357 607 465 673 πάντα
481 605 792 689 προσποιουμένους
803 604 925 669 εἰδέναι
936 605 1180 685 θεραπεύουσι,
1195 600 1240 672 σῦ

288 702 320 773 δ’
338 702 379 772 οὐ
392 705 500 791 μόνον
517 702 646 793 ἀμελεῖς
659 700 743 770 ἀλλά
759 704 814 768 καὶ
829 710 984 788 πολεμεῖς
997 718 1065 782 τοῖς
1079 704 1240 789 μέγιστον

288 801 340 872 ἀεὶ
361 807 561 889 δυναμένοις
582 801 704 870 αὐτῶν.
735 806 842 868 καίτοι
862 802 989 880 πόσους
1016 813 1079 870 οίει
1103 799 1160 869 διὰ
1180 800 1240 881 τὰς

288 903 418 970 τούτων
432 908 652 989 ψευδολογίας
667 897 746 978 τοῦς
755 902 818 984 μὲν
829 916 1018 986 συμφοραῖς
1028 925 1239 985 περιπεπτω-

289 1006 401 1084 κέναι,
423 999 502 1079 τοῦς
517 998 548 1069 δ’
567 999 706 1087 ιἰτίμους
722 997 823 1083 εἶναι,
847 999 934 1068 πολὺ
955 1005 1238 1085 σπουδαιοτέρους

289 1104 342 1168 καὶ
358 1107 511 1177 πλείονος
527 1096 640 1179 ἀξίους
653 1101 897 1185 γεγενημένους
909 1105 978 1167 τῶν
993 1096 1169 1189 ᾀδομένων
1183 1103 1238 1167 καὶ

225 1213 270 1269 137
288 1201 591 1287 τραγφδουμίνωνς
605 1193 681 1264 ἀλλ’
698 1200 732 1263 oc
748 1195 820 1281 μὲν,
839 1194 940 1282 οἶμαι,
956 1206 1103 1284 ποιητῶν
1118 1204 1239 1284 ἔτυχον
1349 1261 1350 1266 ,

288 1297 342 1363 καὶ
357 1302 554 1381 λογοποιῶν,
573 1300 607 1363 οί
619 1291 651 1361 δ’
668 1291 730 1361 οὐκ
746 1300 844 1380 ἔσχον
858 1294 937 1375 τούς
952 1294 1172 1383 ὑμνήσοντας.
1193 1292 1239 1383 ἢν

289 1389 352 1464 οῦν
367 1398 438 1482 ἐμοὶ
455 1403 557 1483 πείθη
572 1398 626 1462 καὶ
640 1402 726 1462 νοῦν
740 1400 823 1482 έχης,
840 1392 881 1460 οὐ
891 1396 1157 1483 καταφρονήσεις
1169 1404 1240 1463 τῶν

289 1496 425 1585 ἀνδρῶν
438 1497 579 1579 τούτων,
596 1492 645 1575 οἷς
660 1493 696 1562 τδ
712 1503 844 1581 πλῆθος
854 1506 997 1566 εἴθισται
1012 1498 1185 1566 πιστεύειν
1196 1494 1241 1563 οῦ

289 1595 395 1683 μόνον
408 1596 484 1679 περὶ
499 1592 573 1672 ἑνός
589 1594 731 1661 ἑκάστου
746 1601 813 1661 τῶν
830 1601 975 1662 πολιτῶν
996 1592 1080 1663 ἀλλὰ
1096 1597 1240 1681 καὶπερὶ

289 1692 380 1762 ὅλων
394 1720 461 1761 τιν
477 1692 691 1779 πραγμάτων,
709 1690 782 1760 ἀλλ’
806 1694 995 1779 ἐπιμέλειαν
1015 1720 1090 1760 τινα
1106 1694 1240 1780 ποιήσει

289 1794 343 1861 καὶ
354 1799 539 1876 θεραπείαν
553 1790 676 1874 αὐτῶν,
692 1788 739 1857 ἵν’
757 1787 979 1880 εῦδοκιμήσης
990 1789 1036 1859 δι’
1049 1789 1237 1878 ἀμφότερα,

288 1895 342 1962 καὶ
360 1890 414 1960 διὰ
432 1890 490 1970 τὰς
504 1900 630 1958 σαυτοῦ
647 1892 782 1976 πράξεις
798 1894 851 1959 καὶ
870 1889 925 1960 διδ
939 1890 1018 1970 τούς
1034 1892 1166 1959 τούτων
1180 1892 1236 1957 λό-

222 1998 273 2055 138
287 1999 403 2081 γους.“
424 1998 527 2057 ταῦτα
540 1987 570 2058 δ’
585 1990 722 2057 ἄκου’ων
731 1990 844 2076 ὀρθῶς
854 1992 918 2077 μὲν
929 1994 1056 2077 ἔφασκέ
1064 2017 1104 2077 με
1116 1993 1239 2076 λέγειν,

290 2087 518 2179 οῦμήνοῖόςτ’
528 2084 570 2179 ἦν
579 2092 973 2184 τήνφῦσιυμεταβαλείν,
989 2086 1116 2183 ἄλλ’ήν
1128 2092 1234 2175 καλδς
1244 2112 1277 2161 '18

290 2193 352 2280 μὲν
370 2190 521 2280 κάγαθὸς
539 2193 628 2282 ἀνήρ
646 2196 703 2264 καλ
720 2202 778 2284 τής
793 2197 922 2277 πόλεως
934 2197 990 2265 καὶ
1003 2201 1063 2284 τής
1073 2196 1233 2277 Ἑλλάδος

290 2294 392 2381 ἄξιος,
411 2294 451 2365 οὐ
469 2295 537 2384 μήν
556 2296 745 2385 σύμμετρός
761 2325 800 2384 γε
817 2313 888 2377 τοῖς
905 2291 1067 2378 τοιούτοις
1084 2302 1154 2365 τῶν
1166 2292 1232 2365 ἄν·

289 2398 452 2486 θρῶπων,
466 2395 537 2466 ὅσοι
546 2396 710 2485 τοίςῦπέρ
718 2398 1041 2485 αῦτοῦςπεφυκόσιν
1047 2397 1234 2488 ἀχθόμενοι

289 2498 526 2586 τυγχάνουσιν.
552 2505 735 2587 τοιγαροῦν
748 2505 785 2569 οί
794 2499 857 2587 μέν
870 2499 1007 2588 ήήτορες
1022 2506 1122 2587 ἔργον
1139 2499 1233 2586 εἶχον

292 2607 401 2679 αἰτίας
409 2601 485 2685 περὶ
493 2598 599 2669 αὐτοῦ
609 2601 734 2681 πολλὰς
741 2602 797 2669 καὶ
811 2607 949 2682 ψευδεῖς
957 2600 1126 2687 πλάττειν,
1138 2602 1176 2670 τδ
1191 2601 1231 2671 δὲ

235 2719 281 2769 1³9
292 2705 420 2789 πλῆθος
433 2700 1132 2790 ἀποδέχεσθαιτάςῦπδτοῦτωνλεγομένας.
1152 2704 1230 2789 περὶ

293 2794 342 2872 ῶν
360 2801 467 2889 ήδέως
486 2798 529 2871 διν
546 2802 818 2891 ἀπελογησάμην,
837 2810 870 2873 εί
880 2803 998 2890 καιρὸν
1011 2802 1119 2891 εἶχον·
1138 2801 1230 2889 οἶμαι

290 2904 354 2991 γὰρ
372 2900 415 2972 διν
432 2903 521 2992 ῦμᾶς
539 2902 748 2983 ἄκου’σαντας
766 2909 902 2992 μισῆσαι
918 2904 997 2984 τοῦς
1018 2930 1054 2973 τε
1078 2929 1228 2991 προαγα-

291 3006 412 3093 γόντας
420 3006 481 3092 τήν
488 3005 587 3073 πόλιν
601 3006 655 3073 ἐπὶ
667 3003 729 3092 τήν
742 3002 848 3093 ὀργήν
857 3004 918 3092 τήν
931 3005 1016 3092 πρδς
1031 3009 1161 3075 ἐκεῖνον
1172 3006 1229 3073 καὶ

290 3098 1229 3199 τοῦςφλαῦρόντιπερὶαῦτοῦλέγειντολμῶντας.(κέδή.)

291 3213 357 3279 νῦν
371 3207 529 3277 δὲταῦτα
542 3207 604 3295 μέν
620 3208 718 3296 ίοῖσω,
735 3209 812 3295 περὶ
824 3211 970 3296 ἐμαυτοῦ
981 3206 1084 3277 δὲκαὶ
1094 3211 1189 3276 τῶνέ
1210 3245 1229 3257 -

291 3310 444 3382 εστῶτων
462 3308 668 3397 πραγμάτων
685 3308 785 3381 πάλιν
804 3308 978 3398 ποιήσομαι
994 3312 1074 3390 τοῦς
1097 3309 1229 3396 λόγους.

236 3422 283 3471 140
364 3409 494 3499 Ἀπορῶ
505 3410 537 3480 δ’
549 3406 608 3479 ὅτι
620 3410 791 3500 χρήσωμαι
803 3424 873 3492 τοῖς
886 3408 1099 3496 ὑπολοίποις,
1111 3413 1228 3481 καὶτί-

293 3542 351 3595 νος
359 3512 493 3600 πρῶτον
499 3516 640 3601 μνησθῶ
648 3515 705 3581 καὶ
713 3517 813 3602 ποίου
821 3514 1000 3598 δευτέρον·
1018 3512 1056 3581 τδ
1068 3512 1134 3601 γὰρ
1150 3514 1228 3600 ἐφε-

221 3691 223 3695 ,
293 3619 350 3699 ξῆς
362 3642 403 3702 με
416 3614 525 3699 λέγειν
539 3616 774 3701 διαπέφευγεν.
801 3624 882 3693 ίσως
890 3605 1026 3702 μὲνοῦν
1042 3610 1230 3700 ἀναγκαῖόν
