2859 4334
283 361 342 423 102
566 365 746 423 ῙΣΟΚΡΑ
757 364 811 421 TO
822 364 882 419 ΤΣ
894 368 955 430 (16)

280 522 360 607 ρόν,
385 522 436 590 ότι
452 524 642 624 προήρημαι
664 524 719 591 καὶ
744 524 853 608 λέγειν
872 525 926 590 καί
942 524 1088 608 γράφειν
1103 522 1146 589 ού
1161 528 1238 609 περὶ

279 630 346 690 τῶν
361 627 457 691 ίδίων
472 630 687 711 συμβολαίων
700 620 775 689 ἀλλ’
794 620 878 707 ὑπὲρ
894 625 1102 709 τηλικούτων
1117 623 1155 691 τό
1173 627 1241 710 με’-

279 732 380 803 γεθος
396 725 450 788 καί
465 722 628 788 τοιούτων
648 720 870 805 πραγμάτων,
892 720 977 803 ὑπὲρ
996 714 1044 788 ῶν
1063 719 1175 800 οὐδεὶς
1190 718 1239 789 άν
1268 747 1274 760 ·

281 819 380 916 άλλος
398 821 613 906 ἐπιχειρήσειε
636 817 725 904 πλήν
747 827 814 886 τῶν
832 821 902 904 ἐμοὶ
918 822 1198 905 πεπλησιακότων
1213 818 1237 909 ἢ

278 927 346 986 τῶν
360 922 499 997 τούτους
514 928 687 1005 μιμεῖσθαι
701 924 928 1004 βουλομένων.
1247 930 1265 984 d

260 1057 277 1105 4
369 1020 475 1102 Μέχρι
492 1018 554 1103 μὲν
570 1011 634 1084 ούν
648 1019 764 1103 πόρρω
779 1026 836 1103 τῆς
850 1017 981 1104 ἡλικίας
996 1018 1092 1111 η’ίμην
1103 1022 1160 1089 καὶ
1177 1020 1235 1088 διά

280 1116 342 1204 τήν
360 1124 557 1201 προαίρεσιν
573 1117 698 1202 ταύτην
714 1120 768 1184 καί
785 1118 839 1184 διά
857 1116 917 1202 τήν
932 1118 1039 1205 άλλην
1053 1120 1236 1207 άπραγμο-

278 1217 388 1302 σύνην
411 1221 563 1293 ἐπιεικῶς
588 1222 675 1301 ἔχειν
697 1214 780 1299 πρός
802 1215 953 1297 ἅπαντας
972 1219 1052 1299 τούς
1080 1223 1236 1299 ίδιῶτας·

278 1315 342 1402 ἤδη
358 1314 390 1381 δ’
412 1312 580 1398 ὑπογυίον
600 1341 657 1400 μοι
681 1323 739 1401 τῆς
760 1324 821 1382 τοῦ
844 1324 922 1404 βίον
943 1329 1098 1407 τελευτῆς
1115 1319 1236 1406 ούσης,

278 1414 479 1492 ἀντιδόσεως
489 1416 670 1501 γενομένης
682 1417 757 1500 περὶ
768 1424 980 1503 τριηραρχίας
992 1422 1046 1487 καὶ
1058 1422 1132 1505 περὶ
1148 1422 1237 1487 ταύ-

278 1541 336 1600 της
350 1512 491 1599 άγῶνος,
507 1519 616 1598 ἔγνων
633 1517 686 1580 καλ
707 1515 837 1580 τούτων
851 1514 944 1594 τινάς
960 1516 1020 1604 ούχ
1043 1517 1132 1585 ούτω
1148 1519 1239 1600 πρός
1254 1528 1297 1581 311

279 1642 321 1701 με
334 1616 576 1698 διακειμένους,
593 1613 703 1696 ῶσπερ
716 1612 863 1700 ἤλπιζον,
878 1614 962 1685 άλλά
976 1614 1055 1698 τούς
1070 1621 1131 1704 μὲν
1142 1616 1237 1686 πολύ

279 1717 541 1799 διερευσμένους
555 1720 624 1779 τῶν
640 1715 729 1799 ἐμῶν
745 1716 1016 1800 ἐπιτηδευμάτων
1037 1720 1090 1783 καὶ
1106 1718 1235 1800 ῥέπου-

279 1844 336 1895 τας
354 1819 404 1884 ἐπὶ
426 1813 462 1882 τό
484 1822 664 1883 πείθεσθαι
686 1830 754 1894 τοῖς
776 1814 1010 1903 ἀνεπιτήδειον
1030 1844 1060 1884 τι
1083 1820 1234 1902 λέγουσι,

279 1914 357 1994 τούς
372 1916 407 1982 δὲ
424 1922 539 1998 σαφῶς
555 1917 617 1999 μὲν
632 1916 774 1995 εἰδότας,
797 1917 872 1999 περὶ
894 1914 915 1981 ά
933 1916 1087 2002 τυγχάνω
1103 1922 1234 1999 διατρί-

279 2024 363 2101 βων,
377 2020 595 2098 φθονοῦντας
610 2012 711 2079 δὲκαὶ
726 2010 849 2079 ταύτόν
865 2014 1079 2092 πεπονθότας
1096 2030 1163 2092 τοῖς
1175 2037 1237 2081 σο-

282 2128 413 2200 φισταῑς
435 2114 489 2180 καὶ
513 2118 688 2198 χαίροντας
709 2114 761 2180 ἐπὶ
778 2128 845 2190 τοῖς
867 2116 973 2199 ψεύδη
997 2120 1075 2199 περί
1093 2138 1160 2198 μου
1176 2114 1240 2179 δό-

253 2223 341 2295 σξαν
357 2220 500 2299 ἔχουσιν.
523 2210 695 2298 ἐδήλωσαν
707 2208 739 2277 δ’
756 2210 845 2278 ούτω
861 2216 1081 2297 διακείμενοι·
1096 2219 1157 2279 τοῦ
1169 2212 1239 2298 γάρ

280 2313 464 2396 άντιδίκου,
482 2313 557 2393 περὶ
573 2314 635 2395 μὲν
657 2302 707 2378 ῶν
727 2308 747 2397 ή
764 2316 869 2396 κρίσις
884 2305 943 2397 ήν,
961 2310 1062 2379 οὐδὲν
1077 2314 1269 2397 λέγοντοςλι

281 2419 428 2482 δίκαιον.
453 2413 692 2498 διαβάλλοντος
718 2411 753 2477 δὲ
774 2408 835 2496 τήν
853 2418 920 2476 τῶν
934 2411 1046 2498 λόγων
1060 2418 1128 2477 τῶν
1143 2414 1239 2497 ἐμῶν

280 2515 426 2595 δύναμιν
443 2511 497 2576 καὶ
509 2510 859 2593 καταλαζονευομένου
870 2516 949 2591 περί
958 2535 992 2575 τε
1007 2518 1067 2576 τοῦ
1083 2511 1239 2578 πλούτου

281 2615 335 2680 καί
352 2618 413 2678 τοῦ
428 2608 582 2696 πλήθους
608 2616 676 2674 τῶν
691 2614 865 2692 μαθητῶν,
882 2614 1034 2692 ἔγνωσαν
1049 2606 1133 2693 ἐμήν
1147 2609 1236 2676 εἶναι

281 2710 342 2797 τήν
358 2714 578 2793 λειτουργίαν.
602 2707 665 2793 τήν
680 2708 743 2792 μὲν
758 2700 823 2773 ούν
839 2708 995 2792 δαπάνην
1010 2707 1116 2785 οὕτως
1131 2706 1235 2795 ήνέγ-

280 2834 394 2893 καμεν,
412 2806 523 2889 ῶσπερ
541 2807 703 2891 προσήκει
719 2805 797 2883 τούς
813 2804 893 2890 μήτε
909 2813 985 2873 λίαν
1003 2804 1069 2873 ὑπό
1082 2812 1149 2873 τῶν
1161 2834 1235 2876 τοι·-

281 2908 392 2976 ούτων
417 2910 719 2990 ἐκταραττομένους
749 2906 830 2992 μήτε
860 2906 1073 2974 παντάπασιν
1098 2905 1238 2987 άσῶτως

280 3004 358 3095 μηδ’
379 3004 550 3091 ὀλιγάρως
565 3002 649 3086 πρός
668 3005 817 3090 χρήματα
833 3008 1071 3090 διακειμένους.
1249 3032 1265 3069 c

254 3130 269 3184 ρ
364 3106 432 3192 (γ’.)
447 3102 664 3190 Ἠισθημένος
680 3101 712 3169 δ’
732 3102 843 3186 ῶσπερ
863 3102 967 3189 εἷπον,
983 3112 1118 3184 πλείους
1133 3104 1236 3186 ὄντας

282 3198 332 3273 ῶν
346 3203 440 3295 ᾤμην
464 3200 543 3280 τούς
571 3203 633 3269 οὐκ
654 3200 767 3286 ὀρθῶς
791 3209 869 3287 περί
886 3228 953 3288 μου
971 3202 1236 3289 γιγνώσκοντας,

283 3302 532 3387 ἐνεθυμούμην,
547 3309 617 3379 πῶς
628 3296 672 3368 άν
688 3300 873 3387 δηλῶσαιμι
884 3302 938 3368 καὶ
950 3302 1080 3380 τούτοις
1095 3304 1151 3370 καὶ
1166 3316 1236 3381 τοῖς

283 3405 547 3487 ἐπιγιγνομένοις
562 3402 616 3467 καὶ
630 3398 691 3467 τόν
706 3400 843 3483 τρόπον,
862 3395 903 3466 όν
918 3406 992 3485 ἔχω,
1005 3402 1060 3468 καὶ
1072 3398 1133 3467 τδν
1144 3408 1234 3486 βίον,

283 3498 323 3567 ὃν
339 3507 391 3579 ζῶ,
405 3503 460 3566 καὶ
471 3497 532 3584 τήν
544 3503 707 3584 παιδείαν,
724 3501 798 3585 περὶ
809 3495 852 3583 ήν
867 3502 1036 3586 διατρίβω,
1049 3501 1102 3567 καὶ
1114 3498 1158 3585 μή
1172 3525 1234 3567 πε-

282 3609 420 3686 ριίδοιμι
441 3604 516 3684 περὶ
539 3608 607 3668 τῶν
628 3602 792 3668 τοιούτων
813 3602 950 3685 ἄκριτον
974 3598 1118 3686 ἐμαυτόν
1138 3598 1233 3687 ὄντα,
