2859 4334
424 334 426 337 ’
521 352 817 414 mmmm.
1080 349 1141 412 261

194 513 295 585 ποίας
302 506 400 593 δόξης
414 503 638 593 όριχνηθῆναι
646 506 703 574 καὶ
713 507 930 591 ποτέραςτῦν
938 514 1042 594 τιμιῦν
1056 502 1140 593 676-

193 613 309 694 πῆσαι,
322 608 381 688 τὰς
389 605 468 693 παρ’
480 607 630 676 ἑκόντων
639 604 867 694 γιγνομέναςῆ
882 607 1027 696 τῦςπαρ’
1039 608 1142 678 οἶκόν-

193 735 263 777 των
280 714 349 776 τῦν
366 714 530 777 πολιτῶν
550 712 659 777 ταῦτα
673 707 712 777 δὲ
725 710 1031 796 διορισαμένους’
992 738 1049 780 τοτ
1055 707 1142 799 ’ἤδη

192 809 254 890 τὰς
268 808 454 898 πράξεις
418 837 477 889 τας
492 810 573 880 καθ’
594 809 736 897 ἑκάστην
753 810 813 896 τὴν
827 811 955 898 ημέραν
967 814 1141 897 σκεπτέον,

193 908 287 990 ὅπως
306 914 506 980 συντενοῦσι
525 911 610 998 πρός
628 910 687 991 τός
705 909 890 992 ῦποθέσεις
908 912 966 993 τὰς
986 908 1056 995 έξ’
1037 917 1200 1000 αρχῆςινο

147 1013 388 1099 ιογενομένας.
438 1013 494 1081 καὶ
520 1015 642 1082 τοῦτον
666 1012 779 1101 μέν
747 1040 808 1082 τον
825 1013 951 1098 τρόπον
969 1017 1141 1101 ζητοῦντες

194 1116 251 1183 καί
271 1119 539 1202 φιλοσοφοῦντες
557 1135 670 1201 ωσπερ
696 1119 825 1184 σκοποῦ
844 1117 1000 1202 κειμένου
1020 1116 1138 1202 οτοχύ-

193 1227 296 1285 σεσθε
313 1220 356 1304 τῇ
375 1219 470 1303 ψυχῇ
487 1216 543 1283 καὶ
557 1217 688 1302 μᾶλλον
702 1215 916 1296 έπιτεύξεσθε
929 1221 989 1285 τοῦ
1009 1218 1140 1304 συμφέ-

193 1343 327 1403 ροντος·
364 1313 409 1384 ῦν
428 1316 465 1384 δὲ
482 1321 650 1404 μηδεμίαν
667 1316 852 1404 ποιήσησθε
868 1318 1027 1405 τοιαύτην
1050 1317 1140 1387 ῦπό-

192 1430 292 1488 θεσιν
305 1418 390 1486 ἀλλὰ
398 1416 435 1485 τῦ
443 1433 655 1503 προσπῖπτον
663 1417 1019 1505 έπιχειρῆτεπρόιτειν,
1032 1419 1139 1506 ἀναγ-

193 1519 293 1587 καῖόν
324 1523 415 1588 έστιν
444 1516 535 1605 ύμᾶς
564 1534 638 1598 ταῖς
667 1523 830 1600 διανοίαις
860 1525 1055 1590 πλανᾶσθαι
1084 1524 1141 1591 καὶ

193 1625 330 1689 πολλῶν
350 1615 586 1707 διαμαρτάνειν
603 1620 820 1709 πραγμάτων,

145 1737 179 1785 11
270 1721 341 1811 (δι)
351 1721 447 1802 Ἴσως
461 1718 504 1790 ἂν
518 1713 581 1791 οῦν
594 1751 641 1803 τις
655 1726 723 1790 τῶν
737 1728 812 1812 sins}
824 1727 880 1810 ζῆν
894 1723 1166 1813 προῃρημένων

193 1824 277 1903 τοῦς
296 1823 359 1912 μὲν
382 1823 555 1903 τοιούτους
574 1822 756 1911 λογισμούς
780 1823 953 1909 διασύρειν
973 1827 1137 1913 ἐπιχειρή·

192 1948 294 2013 σειεν,
311 1922 458 2007 ῦξιόσειε
472 1923 507 1993 δ’
523 1921 566 1993 ἂν
579 1923 644 2014 ἤδη
659 1953 699 2012 με
721 1925 966 2012 συμβουλεύειν
979 1928 1140 2013 περὶτῶν

191 2028 451 2114 προειρημένων.
468 2033 556 2096 ἔστιν
569 2017 633 2096 οῦν
645 2026 710 2096 ούκ
724 2024 885 2114 ὀκνητέον
898 2024 1138 2117 ἀποφήνασθαι

191 2128 270 2214 περὶ
284 2127 410 2211 αύτῦν,
430 2123 619 2215 ἃτυγχύνω
636 2127 845 2214 χιχνύσκων.
874 2129 947 2215 ἐμοὶ
963 2131 1027 2215 γὰρ
1042 2135 1134 2217 αίρε-

178 2230 333 2316 ιτύτερος
348 2229 366 2296 ὁ
374 2236 449 2317 βίος
458 2228 647 2298 εἶναιδοκεῖ
657 2231 715 2298 καὶ
723 2237 867 2319 βελτίων
878 2224 897 2297 6
907 2232 974 2299 τῦν
983 2235 1132 2300 ἰδιωτευ-

191 2331 302 2399 όντων
319 2327 418 2416 ἢτῶν
436 2331 718 2417 τυραννούντων,
744 2331 799 2399 καὶ
820 2329 879 2411 τὰς
900 2329 996 2419 τιμὰς
1018 2330 1136 2418 ἡδίους

190 2428 1139 2521 ἡγοῦμαιτὰςένταῖςπολιτείαιςἦτόιςένταῖςμοναρχίαις·

148 2531 798 2622 ινκαὶπερὶτοῦτωνλέγεινἐπιχειρήσω.
817 2527 1018 2621 καίτοιμόῦ
1034 2535 1157 2622 λέληῠ

190 2647 269 2722 θεν,
283 2632 332 2702 ότι
346 2632 492 2714 πολλοῦς
501 2635 563 2714 ἔξω
576 2637 655 2714 τοῦς
665 2637 960 2722 ἐναντιουμένους,
973 2637 1028 2704 καὶ
1039 2636 1129 2722 μύλι-

192 2757 255 2806 στα
268 2733 346 2814 τοῦς
359 2737 437 2822 περὶ
451 2734 541 2820 ῦμῦς
553 2732 662 2816 ὄντας.
680 2734 771 2824 οἶμαι
783 2737 847 2824 γὰρ
855 2733 918 2822 ούχ
932 2736 1131 2823 ἥκιστατού-

191 2839 303 2914 τονςέ
287 2830 390 2904 ἐ“πδ
355 2863 417 2923 την
430 2845 575 2923 τυραννί
561 2842 617 2904 ίδα
633 2837 869 2923 παροξύνειν
847 2842 952 2925 υμᾶς·
973 2843 1136 2908 σκοποῦσι

190 2934 305 3026 χάροῦ
314 2963 467 3043 πανταχη
475 2965 537 3025 την
545 2939 718 3026 φύσιντοῦ
726 2938 921 3025 πράγματος
934 2937 1018 3007 ἀλλά
1027 2939 1134 3008 πολλοὶ

191 3046 472 3126 παραλογίζονται
485 3045 575 3127 σφᾶς
588 3035 725 3119 αύτούς.
751 3039 810 3118 τός
824 3038 865 3126 μὲ
867 3067 887 3107 ν
902 3040 967 3125 γῦρ
983 3042 1134 3121 ἐξουσίας

191 3253 310 3312 σεσθαι
325 3240 601 3327 προσδοκῶσι,
563 3269 622 3320 τας
636 3247 655 3310 δ
659 3241 674 3310 ὲ
687 3241 834 3329 ταραχὰς
849 3243 905 3311 καὶ
919 3242 1135 3330 τοῦςφόβους

191 3347 249 3412 καὶ
264 3343 323 3424 τὰς
333 3343 511 3431 συμφορὰς
520 3341 1069 3430 τὰςτοῑςῦρχουσισυμπιπτούσας
1078 3346 1161 3416 καὶδ

190 3460 261 3525 τοῖς
277 3453 388 3533 φίλοις
409 3439 525 3513 αύτων
544 3443 586 3512 ού
598 3451 800 3531 θεωροῦσιν,
822 3444 906 3512 ἀλλὰ
925 3445 1136 3515 πεπόνθασιν

194 3544 278 3634 ὅπερ
294 3551 330 3614 oc
340 3560 412 3625 τοῖς
423 3552 607 3633 αἰσχίστοις
621 3548 677 3614 καὶ
692 3545 985 3634 παρανομωτύτοις
998 3551 1067 3614 τῶν
1081 3553 1137 3634 έρ-

134 3665 182 3715 ,13
194 3675 265 3735 μων
280 3650 534 3736 ἐπιχειροῦντες.
552 3649 609 3717 καί
623 3647 688 3734 γὰρ
702 3650 822 3716 ἐκεῖνοι
834 3645 892 3727 τοὶς
905 3647 967 3734 μὲν
976 3656 1137 3738 πονηρίας
