2859 4334
312 369 373 433 12⁴
588 372 992 453 ιεοκεπτονκμε)

310 547 444 615 χρυσοῖς
466 535 645 618 στεφάνοις
667 531 917 617 ἐστεφάνωσεν,
939 529 1000 618 ούχ
1020 528 1065 612 ώς
1081 541 1151 601 τῶν
1164 532 1260 601 ἄλλο·

309 636 410 712 τρίων
425 633 622 716 ἐφιεμένους
636 627 709 697 ἀλλ’
729 627 773 707 ὡς
788 627 912 713 ἄνδρας
927 628 1079 714 ἀγαθούς
1096 632 1196 711 ὄντας
1210 659 1262 700 και

308 725 415 795 πολλοὶ
427 736 495 795 τῶν
505 735 600 798 ἰδίων
615 735 661 807 εἰς
672 726 735 815 τὴν
750 728 849 795 πόλιν
863 726 1084 813 ἀνηλωκότας,
1109 729 1194 815 πρὸς
1205 728 1265 811 οὓς

308 824 397 905 ὅπως
410 829 577 916 βούλεσθε
591 833 668 897 θέτε
682 855 724 913 με
736 832 936 897 διακεῖσθαι·
957 828 1041 910 πρὸς
1051 829 1115 917 γὰρ
1128 832 1165 898 τὸ
1178 856 1243 915 παρ

258 946 292 1002 95
309 924 351 994 ὀν
370 936 542 1014 πανταχῶς
564 930 628 1009 ἕξει
650 954 706 1013 μοι
730 936 846 1005 καλῶς.
881 923 925 1012 ἢν
939 953 974 994 τε
989 927 1054 1013 γαρ
1070 928 1262 1017 ὑπολάβητε

308 1025 503 1112 σύμβουλον
517 1025 605 1096 εἰναί
615 1052 655 1113 με
671 1030 724 1094 καὶ
742 1025 946 1093 διδάσκαλον
960 1028 1105 1095 τούτων.
1129 1035 1264 1109 δικαίως

307 1120 351 1190 ἄν
372 1129 478 1210 ἔχοιτέ
494 1152 549 1211 μοι
572 1132 674 1193 πλείω
687 1124 787 1211 χάριν
802 1120 823 1211 ἢ
838 1139 905 1202 τοίς
923 1122 966 1192 δι’
985 1124 1107 1213 ἀρετὴν
1122 1131 1161 1196 έν
1175 1154 1260 1214 πρν-

307 1231 426 1315 τανείφ
447 1230 671 1311 σιτουμένοις·
694 1227 825 1292 τούτων
844 1224 905 1309 μὲν
925 1222 989 1310 γοὶρ
1005 1228 1142 1305 ἕκαστος
1157 1225 1262 1294 αύτδν

307 1322 414 1407 μόνον
428 1328 569 1410 παρέσχε
585 1322 689 1392 καλόν
705 1321 877 1410 κάγαθόν,
894 1321 957 1409 έγώ
974 1324 1010 1391 δὲ
1025 1326 1210 1405 τοσούτους
1224 1324 1260 1393 τό

257 1443 292 1497 96
308 1428 453 1507 πλῆθος,
476 1421 578 1501 ὅσους
596 1422 697 1513 ὀλίγῳ
718 1423 883 1507 πρότερον
900 1427 1042 1507 διῆλθον
1056 1427 1145 1509 ύμῖν.
1181 1436 1214 1493 εἰ
1228 1452 1261 1492 τε

306 1527 374 1587 τῶν
394 1523 455 1606 μὲν
470 1525 713 1609 πεπραγμένων
731 1526 870 1600 ἐκείνοις
886 1524 990 1608 μηδὲν
1005 1531 1175 1605 συναίτιος
1188 1529 1262 1612 έγε-

306 1620 424 1706 νόμην,
441 1618 484 1698 ῶς
499 1625 639 1706 ἑταίροις
651 1622 687 1691 δέ
697 1624 752 1689 καὶ
763 1629 873 1708 φίλοις
884 1618 996 1698 αὐτοῖς
1007 1623 1172 1708 ἐχρώμην,
1186 1628 1261 1691 ἰκα-

306 1719 370 1805 νὴν
384 1718 468 1802 ὑπὲρ
485 1714 533 1788 ών
547 1723 663 1808 φεύγω
678 1720 740 1807 τὴν
756 1719 891 1807 γραφὴν
906 1718 1050 1806 ἡγοῦμαι
1065 1726 1118 1789 καὶ
1133 1722 1261 1807 ταύτην

306 1816 389 1885 εἶναι
409 1817 471 1905 τὴν
490 1819 690 1907 ἀπολογίαν·
713 1827 745 1889 εἰ
757 1819 821 1907 γὰρ
834 1834 901 1897 τοῖς
917 1823 977 1904 μὲν
994 1819 1038 1887 δι’
1056 1819 1178 1908 ἀρετὴν
1192 1826 1261 1889 δω-

306 1916 383 2001 ρεὰς
404 1921 577 2005 εἰληφόσιν
597 1919 758 2007 ἤρεσκον,
780 1927 824 2009 τῶ
847 1922 881 1987 δὲ
903 1922 1099 2007 συκοφάντῃ
1124 1920 1169 2008 μὴ
1197 1920 1261 2009 την
1343 1986 1344 1989 ,

305 2013 411 2101 αὐτὴν
425 2024 487 2103 ἐχω
502 2021 656 2105 γνώμην,
679 2026 750 2098 πῶς
767 2016 810 2085 ἂν
825 2020 958 2097 εἰκότως
973 2028 1164 2107 γνωσθείην
1179 2018 1261 2100 τούς

254 2138 285 2195 97
304 2116 469 2197 συνόντας
491 2124 719 2205 διαφθείρεινς
739 2114 760 2205 ἢ
782 2119 917 2185 πάντων
940 2115 971 2203 γ’
988 2114 1032 2185 δν
1047 2129 1118 2211 εἰην
1133 2124 1260 2187 δυστυ-

304 2218 473 2301 χέστατος,
495 2224 524 2285 εἰ
542 2227 610 2285 τῶν
624 2218 736 2286 ἄλλων
752 2216 947 2303 ἀνθρώπων
961 2224 997 2286 ἐκ
1013 2246 1047 2286 τε
1061 2228 1128 2287 τῶν
1144 2222 1259 2306 ἐπιτη-

304 2315 479 2400 δευμάτων
493 2319 546 2385 καὶ
562 2324 629 2384 τῶν
640 2327 832 2384 συνουσιῶν
849 2326 917 2384 τῶν
932 2318 994 2402 μὲν
1006 2325 1121 2403 χείρω,
1138 2324 1206 2384 τῶν
1222 2320 1260 2386 δέ
1344 2344 1345 2409 ,

303 2420 421 2499 βελτίω
436 2414 537 2496 δόξαν
552 2418 794 2504 λαμβανόντων
809 2413 872 2502 ἐγώ
888 2417 991 2502 μόνος
1002 2416 1046 2503 μή
1059 2418 1189 2503 τύχοιμι
1199 2424 1260 2502 τῆς
1344 2416 1345 2445 ³

304 2518 497 2600 δοκιμασίας
511 2517 643 2603 ταύτης,
660 2514 744 2584 ύλλδι
759 2516 922 2593 τοιούτοις
937 2516 999 2600 μὲν
1016 2514 1157 2599 όνδρόσι
1170 2537 1259 2601 συμ-

303 2610 487 2699 βεβιωκώς,
510 2611 713 2700 ἀνέγκλητον
728 2613 759 2682 δ’
778 2611 923 2700 ἐμαυτόν
937 2618 1030 2701 μέχρι
1048 2619 1184 2702 ταυτησὶ
1200 2622 1257 2702 τῆς

301 2711 430 2797 ἡλικίας
449 2712 680 2800 παρεσχηκώς,
703 2712 818 2799 όμοιος
840 2712 923 2781 εἶναι
945 2715 1074 2800 δόξαιμι
1088 2729 1155 2792 τοῖς
1171 2720 1206 2782 ἐκ
1221 2740 1258 2782 τε

301 2819 368 2879 τῶν
388 2815 658 2900 ἐπιτηδευμάτων
679 2816 733 2881 καί
754 2822 822 2881 τῶν
842 2813 953 2881 ἄλλων
974 2821 1166 2881 συνουσιῶν
1181 2819 1257 2880 δια·
1271 2828 1301 2882 65

300 2916 523 2999 βεβλημένοις.
548 2910 652 2999 ἡδέως
668 2909 700 2980 δ’
716 2910 761 2981 όν
776 2918 914 2999 εἰδείην,
929 2919 963 2980 τί
974 2911 1048 2980 ποτ’
1061 2909 1103 2979 δυ
1114 2918 1258 2993 ἐπαθον,

301 3022 333 3080 εἰ
344 3018 393 3089 τίς
406 3039 461 3097 μοι
479 3020 627 3090 τοιοῦτος
642 3007 685 3100 ἦν
700 3016 996 3100 συγγεγενημένος,
1012 3009 1082 3093 οἰός
1093 3016 1154 3099 πέρ
1167 3016 1259 3081 ἐστιν

302 3107 319 3176 ὁ
341 3112 541 3197 κατήγορος,
563 3107 599 3190 δς
620 3119 729 3197 μισῶν
750 3109 900 3189 ἅπαντας
920 3108 999 3190 τούς
1014 3111 1187 3190 τοιούτους
1203 3114 1256 3181 καὶ

301 3209 502 3295 μισούμενος
517 3217 563 3290 εἰς
576 3213 709 3278 τουτονὶ
725 3212 915 3296 καθέστηκα
930 3208 990 3276 τὸν
1005 3213 1177 3277 κίνδυνον.

251 3333 285 3391 98
385 3313 448 3377 Καὶ
465 3308 532 3396 μην
546 3306 620 3377 οὐδ’
640 3313 766 3387 ἐκεῖνος
781 3307 798 3376 ὁ
811 3310 909 3395 λόγος
920 3313 1055 3388 δικαίως
1066 3307 1109 3375 ἅν
1121 3334 1161 3393 με
1171 3309 1254 3394 βλύ-

299 3423 411 3491 φειεν,
434 3407 473 3475 δυ
495 3419 574 3487 ἴσως
589 3407 632 3476 ἄν
645 3435 733 3486 τινες
747 3410 948 3495 τολμήσειαν
964 3414 1068 3476 εἰπεῖν
1082 3416 1151 3476 τῶν
1167 3436 1251 3476 παν-

300 3508 420 3575 τάπασι
442 3509 526 3593 πρός
545 3534 585 3595 με
607 3508 779 3584 δυσκόλως
800 3509 1036 3593 διακειμένων,
1059 3504 1104 3584 ῶς
1123 3509 1255 3587 τούτοις

299 3607 362 3695 μέν
376 3603 425 3685 οἷς
436 3617 550 3694 είρηκα
564 3617 727 3675 τοσοῦτον
743 3606 850 3692 μόνον
864 3605 1026 3691 ἐχρώμην,
1042 3602 1125 3672 ὅσον
1140 3601 1252 3693 όφθέχ-
