2859 4334
230 386 291 447 ωε
511 390 825 451 amaron
844 399 908 468 (ιο)

229 555 285 635 τῆς
307 549 436 627 πόλεως
458 557 515 635 τῆς
538 548 645 629 οὕτως
667 547 803 635 οίιιτρδν
824 566 894 630 τοῖς
918 556 1050 638 ἐχθροῖς
1075 555 1188 639 φόρον

189 645 672 736 νεῦποτελεῖνήναγκασμένης.
695 650 870 737 σύμπλους
879 652 917 720 δὲ
926 654 1189 740 γενόμενος,καλ

230 746 395 834 κρατήσας
406 747 541 832 φύσεως
554 750 587 827 ἐξ
601 745 727 833 ἀνδρὸς
740 751 803 836 μέν
813 754 869 817 καί
883 753 1011 838 ταύρου
1025 754 1186 838 μεμιγμέ-

230 874 306 935 νης,
319 845 382 933 τήν
396 846 427 914 δ’
440 844 539 932 ίσχῦν
551 847 706 933 ἐχούσης,
724 852 801 916 οίαυ
814 851 976 936 προσήκει
990 847 1052 936 τήν
1066 853 1103 918 έκ
1116 875 1184 918 τοι-

229 949 340 1016 ούτων
355 946 519 1034 σωμάτων
539 948 779 1034 συγκειμένην,
800 947 879 1026 τοῦς
893 950 956 1033 μὲν
976 954 1097 1029 παῖδας
1112 955 1221 1017 δια-δ

229 1046 339 1125 στάσας
354 1059 423 1125 τοῖς
441 1051 602 1132 γονεῦσιν
621 1042 790 1131 ἀπέδωκε,
815 1045 878 1132 τήν
901 1048 938 1115 δέ
957 1048 1059 1117 πόλιν
1080 1046 1189 1125 οὕτως

229 1140 360 1230 ἀνόμου
375 1146 430 1213 καὶ
443 1146 559 1213 δεινοῦ
569 1146 625 1213 καὶ
635 1148 918 1214 δυσαπαλλάκτου
933 1148 1190 1234 προστάγματος

228 1240 473 1331 ἠλευθέρωσεν.

182 1363 217 1420 29
314 1342 395 1424 (ιδ.)
418 1340 548 1426 Ἀπορῦ
568 1340 600 1409 δ’
622 1340 642 1410 ὅ
661 1370 693 1411 τι
712 1344 885 1431 χρήσωμαι
901 1358 971 1422 τοῖς
986 1347 1188 1423 έπιλοίποις·

228 1438 362 1519 έπιστάς
375 1437 440 1527 γὰρ
453 1442 506 1509 ἐπὶ
518 1438 559 1508 τά
570 1445 705 1529 Θησέως
719 1448 800 1528 ἔργα
814 1445 870 1511 καί
882 1446 993 1529 λέγειν
1002 1440 1190 1529 ἀρξάμενος

229 1541 304 1624 περὶ
317 1536 431 1607 αὐτῶν
445 1535 535 1607 ὀκνοῖ
549 1542 611 1625 μὲν
626 1537 749 1626 μεταξύ
766 1540 963 1610 παύσασθαι
977 1544 1034 1609 καί
1043 1548 1188 1625 παραλι-

229 1654 304 1709 πεῖν
320 1638 383 1727 τήν
397 1665 433 1708 τε
448 1648 623 1724 Σκίρωνος
640 1643 696 1709 καὶ
712 1641 908 1728 Κερκύονος
921 1643 976 1709 καί
991 1647 1059 1708 τῶν
1075 1638 1187 1708 ἀλλων

228 1746 297 1807 τῶν
318 1740 483 1807 τοιούτων
503 1746 733 1826 παρανομίαν,
756 1736 842 1823 πρὸς
860 1736 920 1818 οῦς
939 1735 1218 1825 ἀνταγωνιστήςε

228 1838 410 1925 γενόμενος
433 1840 560 1918 έκεῖνος
582 1843 718 1906 πολλῶν
739 1840 795 1906 καὶ
820 1836 977 1924 μεγάλων
1001 1842 1189 1923 συμφορῶν

230 1934 475 2022 τοῦςἝλληνας
485 1933 691 2022 ἀπήλλαξεν,
705 1936 914 2021 αἰσθάνομαι
922 1933 954 2003 δ’
968 1932 1114 2023 έμαντδν
1126 1938 1189 2013 ἔξω

230 2034 419 2122 φερόμενον
429 2042 497 2102 τῶν
507 2044 635 2122 καιρῶν
645 2038 701 2105 καί
712 2040 863 2121 δέδοικα,
879 2035 926 2124 μή
936 2055 1003 2104 τισι
1013 2036 1102 2117 δόξω
1111 2035 1190 2119 περὶ

230 2134 352 2202 τούτου
370 2141 500 2220 μᾶλλον
516 2130 753 2221 σπουδάζεινή
769 2137 845 2220 περὶ
855 2125 897 2219 ἧς
909 2131 972 2220 τήν
986 2130 1190 2221 ἀρχήνῦπε-

65 2266 68 2274 ·
173 2235 216 2306 ’ῖο
229 2236 350 2320 δέμην.
379 2238 413 2311 ἐξ
432 2230 633 2319 ἀμφοτέρων
653 2228 718 2302 οῦν
737 2235 868 2302 τούτων
890 2238 1049 2320 αἱροῦμαι
1069 2230 1190 2319 τὰμὲν
1204 2243 1258 2298 ²14

230 2341 364 2402 πλεῖστα
378 2341 579 2416 παραλιπεῖν
594 2332 648 2400 διά
663 2330 743 2411 τούς
753 2332 926 2410 δυσκόλως
939 2328 1187 2416 ἀκροωμένους,

230 2436 304 2517 περί
318 2434 354 2502 δέ
365 2440 435 2501 τῶν
446 2430 559 2501 ἀλλων
571 2430 616 2512 ὥς
626 2428 670 2499 ἀν
682 2431 836 2518 δύνωμαι
847 2431 1086 2517 συντομώτατα
1097 2433 1188 2498 διελ-

228 2536 323 2616 θεῖν,
348 2534 406 2600 ἵνα
425 2530 466 2600 τά
481 2534 544 2618 μδν
557 2536 712 2615 ἐκείνοις,
737 2528 777 2599 τά
796 2527 827 2598 δ’
845 2533 976 2621 έμαυτῷ
990 2537 1187 2617 χαρίσωμαι,

230 2636 284 2699 καί
297 2626 342 2716 μή
364 2632 578 2699 παντάπασιν
589 2627 725 2717 ἡττηθῶ
741 2636 809 2697 των
825 2630 1026 2714 εδδισμένωυ
1041 2639 1188 2709 φθονεῖν

229 2730 366 2808 καὶτοῖς
380 2732 573 2816 λεγομένοις
587 2726 715 2796 ἀπασιν
726 2730 889 2814 ἐπιτιμᾶν.

181 2847 210 2899 31
314 2826 394 2913 (ιε’.)
416 2824 486 2914 Ίήν
499 2830 561 2915 μέν
575 2820 640 2896 οῦν
655 2824 800 2911 ἀνδρίαν
810 2831 848 2895 έν
857 2829 990 2911 τούτοις
1000 2828 1189 2905 ἐπεδείξατο

231 2937 299 3003 τοῖς
309 2930 436 3010 ἔργοις,
450 2928 487 2993 έν
497 2922 547 3005 οἷς
557 2924 658 3005 αὐτὸς
668 2923 750 2995 καθ’
762 2923 869 2995 αῦτδν
879 2925 1113 3010 ἐκινδύνευσε,
1125 2924 1188 3010 τήν

230 3019 262 3091 δ’
271 3022 465 3110 ἐπιστήμην,
473 3020 517 3109 ἣν
525 3023 589 3110 εἶχε
598 3022 683 3109 πρὸς
693 3022 754 3094 τὸν
762 3024 1049 3111 πόλεμου,ένταῖς
1057 3023 1216 3109 μάχαις,δ

231 3125 286 3208 αἷς
302 3128 382 3213 μεθ’
401 3126 481 3213 ὅλης
505 3132 564 3213 τής
582 3127 710 3205 πόλεως
727 3118 940 3212 ἠγωνίσατο,
968 3122 1031 3211 τήν
1044 3121 1076 3191 δ’
1091 3121 1185 3191 εὐσέ-

230 3228 326 3308 βειαν
346 3218 409 3308 τήν
428 3217 512 3306 πρὸς
526 3219 606 3301 τοῦς
619 3219 724 3302 θεούς
739 3230 777 3293 έν
796 3250 832 3292 τε
851 3238 923 3302 ταῖς
933 3221 1116 3310 Ἀδράστου
1131 3223 1187 3289 καί

230 3335 299 3401 ταῖς
314 3328 384 3389 τῶν
398 3325 529 3389 παίδων
542 3328 610 3390 τῶν
619 3319 824 3407 Ἡρακλέους
835 3327 1005 3407 ἱκετείαις,
1029 3317 1109 3399 τοῦς
1123 3321 1187 3406 μὲν

230 3418 294 3507 γὰρ
316 3422 405 3509 μάχή
425 3421 564 3507 νικήσας
583 3428 879 3507 Πελοποννησίους
900 3423 1055 3506 διέσωσε,
1080 3426 1127 3509 τῷ
1148 3419 1186 3488 δέ

230 3517 308 3597 τοῦς
330 3516 397 3587 ὑπὸ
422 3526 463 3607 τῇ
484 3524 635 3609 Καδμείᾳ
660 3521 920 3606 τελευτήσαοπας
942 3525 1001 3609 βίᾳ
1027 3525 1185 3607 Θηβαίων

231 3620 340 3686 θύυαι
350 3621 533 3704 παρέδωκε,
541 3620 603 3705 τήν
614 3616 647 3686 δ’
657 3618 763 3705 ἀλλην
774 3616 898 3707 ἀρετήν
909 3622 965 3687 καί
976 3615 1185 3705 τήνσωφρο-
