2859 4334
310 388 353 453 σα
578 390 894 449 εεοκεκνονε
917 394 979 465 με)

245 578 296 630 214
313 552 578 638 γιγνωσκονταςς
594 554 626 616 οἰ
640 549 702 634 μὲν
718 548 783 634 γάρ
795 549 890 618 ἀλλον
902 549 981 631 τοὺς
991 564 1265 642 κακουργοῦντας

311 654 365 720 καί
384 652 584 729 κλέπτοντας
604 652 854 737 πονηροτάτους
868 660 936 719 τῶν
951 660 1089 723 οἰκετων
1106 663 1265 743 νομίζου-

310 774 376 831 σιν,
395 753 515 816 ἐκεῖνοι
527 750 563 815 δὲ
577 747 655 825 τούς
667 752 703 815 έν
714 764 782 827 τοῖς
793 751 956 829 τοιούτοις
967 761 1034 819 τῶν
1047 762 1155 840 ἔργων
1167 781 1261 837 πρω-
1274 766 1292 820 d

310 851 468 926 τεόοντας
475 855 665 934 βελτίστους
672 847 755 915 εἰναι
772 856 839 914 τῶν
846 849 1262 939 παίδωνὺπολαμβάνουσι

237 971 241 979 ’
311 951 365 1015 καὶ
380 949 520 1032 μάλιστα
532 954 678 1031 τιμωσιν.
704 956 810 1013 καίτοι
826 952 873 1023 τίς
890 942 934 1013 ἀν
948 955 1015 1013 τῶν
1032 943 1070 1015 εὖ
1086 953 1262 1035 φρονούν-

310 1072 378 1113 των
393 1042 458 1112 οάκ
474 1042 517 1111 ἀν
534 1048 601 1129 τρίς
616 1043 805 1111 ἀποθανεῖν
820 1046 926 1111 ἕλοιτο
942 1053 1072 1130 μᾶλλον
1086 1043 1108 1134 ἢ
1124 1048 1179 1115 διά
1192 1076 1259 1116 τοι·

311 1145 422 1211 οότων
445 1143 715 1229 ἐπιτηδευμάτων
736 1151 931 1227 γνωσθῆναι
951 1144 1013 1229 την
1040 1145 1181 1231 ἄσκησιν
1201 1156 1261 1234 της

310 1247 429 1329 ἀρετῆς
446 1244 688 1329 ποιου’μενος;ιι

243 1357 293 1409 21⁵
393 1342 484 1426 (πέ.)
509 1339 609 1407 Ταῦτ’
626 1338 771 1417 ἀκούσας
786 1342 937 1420 θρασέως
953 1340 1015 1425 μὲν
1032 1340 1110 1410 οὐδὲ
1122 1342 1205 1428 πρός
1222 1349 1260 1412 ἓν

309 1441 442 1509 ἀντεῖπε
453 1452 523 1509 τῶν
535 1445 729 1526 εἰρημένων,
745 1436 819 1505 οὐδ’
833 1432 878 1503 αὖ
890 1440 1104 1508 παντάπασιν
1114 1440 1249 1510 ἀπεσιιό

309 1560 415 1624 πησεν
438 1537 511 1608 ἀλλ’
529 1547 660 1624 ἔλεγεν,
676 1536 727 1605 ὅτι
750 1535 815 1621 ,σὺ
830 1538 892 1621 μὲν
914 1546 1091 1623 πεποίησαι
1106 1539 1186 1617 τοὺς
1201 1543 1260 1608 λό-

310 1648 413 1728 γους“
431 1641 486 1726 ἐμὲ
497 1643 604 1725 λέγων
618 1636 686 1723 ,ὡς
696 1634 818 1703 ἅπαντ’
832 1634 1079 1723 ἀποδεχομένου
1090 1665 1157 1724 μου
1166 1638 1262 1709 τάκεῖ
1270 1675 1284 1708 ε

309 1742 364 1807 καί
375 1745 485 1816 ’καλῶς
497 1744 582 1824 ἔχειν
598 1742 804 1822 νομίζοντος·
834 1739 905 1820 έμοί
925 1736 960 1803 δὲ
976 1741 1083 1815 δοκεῖς
1104 1742 1180 1823 περί
1197 1740 1261 1825 μὲν

308 1844 366 1924 τῆς
382 1843 449 1903 τῶν
464 1840 593 1903 παίδων
614 1833 814 1920 αὐτονομίας
830 1837 883 1903 καί
905 1840 978 1919 περὶ
994 1834 1107 1904 ἀλλων
1123 1846 1259 1907 πολλῶν

310 1936 443 2014 εἰκότως
453 1939 606 2022 έπιτιμάν
618 1938 766 2019 ἐκείνοις,
779 1937 861 2020 ἐμοῦ
872 1932 903 2000 δ’
917 1932 958 2000 οὐ
970 1938 1104 2013 δικαίως
1113 1963 1259 2022 κατηγο-

241 2053 292 2107 216
308 2049 388 2117 ρεῖν.
413 2031 477 2119 ἐγὼ
498 2033 562 2120 γὰρ
582 2035 756 2119 ἐλυπήθην
772 2032 833 2117 μὲν
856 2031 917 2099 τόν
939 2033 1041 2119 λόγον
1065 2030 1259 2120 ἀναγιγνω-

309 2154 399 2200 σκων
410 2134 461 2198 ἐπὶ
472 2146 540 2209 τοῖς
551 2136 625 2216 περὶ
639 2136 911 2216 Λακεδαιμονίων
928 2136 1122 2217 εἰρημένοις,
1138 2131 1181 2201 οὐ
1191 2132 1259 2220 μὴν
1275 2156 1321 2212 278

310 2228 416 2308 οὕτως
432 2227 477 2307 ὡς
493 2233 546 2297 ἐπὶ
556 2238 601 2318 τῷ
619 2230 723 2315 μηδὲν
740 2227 906 2296 ἀντειπεῖν
921 2227 1006 2314 ὑπὲρ
1019 2228 1131 2297 αὐτῶν
1147 2236 1257 2301 δόνα-

309 2340 391 2396 σθαι
401 2343 469 2407 τοῖς
483 2334 732 2416 γεγραμμένοις,
750 2332 938 2415 εἰθισμένος
947 2329 1006 2397 τὸν
1018 2330 1122 2400 ἀλλον
1132 2334 1259 2419 χρόνον

308 2429 464 2494 ἐπαινεῖν.
494 2433 540 2504 εἰς
564 2428 723 2514 τοιαύτην
750 2426 779 2494 δ’
803 2426 946 2512 ἀπορίαν
967 2427 1130 2507 καταστὰς
1151 2430 1257 2515 εἶπον,

308 2523 391 2608 ὅπερ
417 2517 461 2609 ἦν
481 2525 616 2609 λοιπόν,
642 2524 686 2604 ὡς
707 2533 738 2595 εἰ
757 2528 811 2593 καί
837 2526 941 2612 μηδὲν
963 2526 1007 2593 δι’
1024 2526 1121 2616 ἀλλο,
1145 2529 1202 2597 διά
1221 2528 1256 2617 γ’

308 2626 415 2689 ἐκεῖνο
433 2626 566 2701 δικαίως
584 2620 627 2689 ἀν
643 2621 756 2701 αὐτοῖς
773 2620 917 2700 ἀπαντες
931 2625 1030 2709 χάριν
1048 2632 1189 2712 ἔχοιμεν,
1206 2626 1258 2695 ὅτι

306 2735 374 2797 τοῖς
391 2728 575 2800 καλλίστοις
589 2731 656 2790 των
672 2724 940 2808 ἐπιτηδευμάτων
952 2724 1116 2810 χρεόμενοι
1134 2728 1257 2813 τυγχά-

243 2832 294 2887 ῖίῖ
309 2839 437 2885 νουσιν.
462 2828 565 2887 ταῦτα
587 2820 617 2887 δ’
639 2820 733 2889 εἷπον
755 2818 796 2887 οὐ
811 2819 894 2907 πρὸς
907 2820 969 2907 την
985 2820 1158 2910 εὐσέβειαν
1174 2824 1283 2898 οὐδὲο

308 2917 392 3004 πρὸς
405 2915 468 3003 τὴν
483 2922 702 3005 δικαιοσύνην
716 2918 795 2987 οὐδὲ
811 2917 895 3003 πρὸς
909 2919 971 3006 την
984 2923 1153 3009 φρόνησιν
1169 2922 1256 2992 ἀπο-

307 3019 441 3100 βλέψας,
457 3014 479 3082 ἀ
493 3015 536 3084 σδ
547 3022 694 3103 διῆλθες,
710 3016 794 3085 ἀλλά
810 3017 893 3101 πρός
915 3017 954 3085 τά
977 3023 1147 3107 γυμνάσια
1163 3022 1256 3092 τάκεῖ

244 3145 249 3153 ·
307 3112 537 3198 καθεστηκότα
553 3117 611 3183 καί
629 3114 714 3203 πρὸς
731 3116 793 3202 τὴν
810 3115 953 3205 ἀσκησιν
970 3122 1028 3206 τῆς
1043 3118 1187 3207 ἀνδρίας
1200 3122 1254 3188 καί

306 3214 368 3298 τὴν
391 3212 553 3300 ὁμόνοιαν
577 3218 634 3283 καὶ
659 3216 811 3297 συνόλως
835 3217 897 3303 τὴν
923 3220 999 3308 περὶ
1024 3219 1085 3288 τὸν
1108 3221 1256 3309 πόλεμον

308 3315 506 3402 ἐπιμέλειαν,
525 3313 608 3403 ἀπερ
622 3316 768 3396 ἀπαντες
782 3313 826 3386 ἀν
840 3322 1023 3406 ἐπαινοῖεν,
1042 3322 1100 3389 καὶ
1119 3320 1253 3408 μάλιστ’

307 3412 352 3483 ἀν
370 3415 487 3495 αὐτοῖς
507 3420 658 3498 ἐκείνους
675 3423 820 3505 χρῆσθαι
838 3421 1014 3507 φησαιεν.“

249 3530 299 3581 218
385 3516 478 3605 (πςῖ)
498 3522 611 3587 Ταῦτα
625 3520 656 3587 δ’
673 3518 781 3588 αὐτοῦ
796 3526 1031 3609 διαλεχθέντος
1041 3520 1255 3612 ἀπεδεξάμην

306 3616 381 3701 μὲν,
394 3617 510 3703 οόχιός
523 3622 749 3707 διαλυόμενόν
756 3628 861 3689 τιτῶν
870 3625 1165 3711 κατηγορημένων,
1175 3624 1253 3693 ἀλλ’
