2859 4334
280 402 342 465 ωο
571 398 956 479 mmmm)

277 569 349 642 πῶς
363 559 393 630 δ’
411 560 454 630 ού
467 558 529 647 χρή
546 561 690 628 δεδιέναι
706 556 751 645 μή
763 558 919 645 τοιαύτης
929 558 1109 640 ἐπιδόσεως
1119 587 1243 649 γιγνο·
1364 633 1366 640 ,

276 666 380 750 μένης
391 667 609 738 τελευτῶντες
626 664 672 737 είς
686 658 871 745 τραχύτερα
885 660 1064 746 πράγματα
1077 669 1146 729 τῶν
1162 662 1243 731 τότε

277 762 472 848 γενομένων
488 763 722 845 ἐξοκείλωμενς

233 881 265 935 19
364 860 430 945 (ζ.)
445 856 517 929 Ἵνα
528 858 565 926 δδ
575 854 620 943 μή
636 856 831 943 συλλήβδην
844 856 952 943 μόνον
965 854 1145 944 ἀκηκοότες
1157 856 1237 929 ἀλλ’

278 958 425 1046 ἀκριβῶς
439 956 562 1036 εἰδότες
576 963 720 1043 ποιήσδε
735 957 790 1024 καὶ
801 952 863 1042 τήν
874 958 1006 1041 αἵρεσιν
1018 959 1072 1024 καί
1087 955 1149 1045 τήν
1162 963 1241 1043 κρί-

279 1079 335 1128 σιν
351 1056 482 1143 αύτῶν,
498 1054 661 1144 ὑμέτερον
676 1059 740 1143 μὲν
755 1061 856 1141 ἔργον
873 1056 940 1123 ἐστὶ
954 1070 1136 1142 παρασχεῖν
1149 1054 1241 1143 ὑμᾶς

278 1155 402 1236 αύτούς
415 1160 639 1244 προσέχοντας
655 1153 717 1223 τόν
736 1162 823 1222 νοῦν
836 1168 904 1233 τοῖς
918 1151 979 1222 ὑπ’
1000 1157 1084 1241 ἐμοῦ
1097 1160 1272 1242 λεγομΗ

278 1283 367 1341 νοις,
382 1254 447 1343 έγῶ
459 1253 492 1323 δ’
506 1253 551 1336 ῶς
561 1251 606 1323 ἀν
620 1256 773 1341 δύνωμαι
784 1254 1022 1340 σνντομῶτατα
1036 1258 1112 1340 περί
1128 1253 1241 1343 ἀμφο-

277 1359 384 1443 τέρων
399 1356 530 1423 τούτων
544 1356 747 1442 πειράσομαι
762 1359 912 1423 διελθεῖν
927 1352 1012 1439 πρὸς
1026 1352 1122 1442 ύμᾶς.

231 1466 265 1519 ²0
363 1455 437 1541 (η’.)
461 1459 506 1524 Οί
517 1452 582 1541 γάρ
604 1450 677 1522 κατ’
694 1452 899 1521 ἐκεῖνοντὸν
915 1455 1041 1541 χρόνον
1058 1453 1122 1542 τήν
1137 1453 1241 1523 πόλιν

277 1559 487 1632 διοικοῦντες
502 1553 746 1640 κατεστήσαντο
760 1560 932 1622 πολιτείαν
945 1550 1009 1621 οῦκ
1023 1549 1163 1641 ὀνόματι
1175 1554 1241 1640 μὲν

278 1662 323 1745 τῷ
338 1652 523 1741 κοινοτάτη)
538 1657 592 1721 καί
613 1652 790 1743 πραοτάτῳ
805 1656 1161 1741 προσαγορευομένην,
1185 1654 1240 1722 ἐπὶ

278 1756 315 1823 δὲ
329 1761 398 1821 τῶν
412 1753 568 1839 πράξεων
583 1748 625 1820 οῦ
645 1752 805 1839 τοιαύτην
819 1765 888 1829 τοῖς
902 1751 1142 1838 ἐντυγχάνουσι
1157 1777 1241 1839 φαι-

278 1856 442 1939 νομένην,
457 1848 533 1919 οὐδ’
547 1848 570 1938 ἢ
578 1858 700 1919 τοῦτον
710 1848 772 1919 τὸν
783 1850 910 1934 τρόπον
921 1852 1075 1919 ἐπαίδευε
1085 1849 1240 1929 τοῦςπο-

277 1958 367 2031 λίτας
381 1948 469 2020 ὥσθ’
482 1948 638 2039 ἡγεῖσθαι
653 1948 715 2038 τήν
729 1952 792 2038 μὲν
804 1947 989 2019 ἀκολασίαν
999 1954 1237 2037 δημοκρατίαν,
1250 1978 1269 2014 e

276 2048 340 2139 τήν
349 2055 386 2119 δὲ
398 2058 610 2137 παρανομίαν
621 2052 831 2134 ἐλευθερίαν,
843 2049 906 2137 τήν
918 2049 955 2117 δὲ
965 2057 1157 2136 παρρησίαν
1166 2054 1239 2118 ἰσο-

279 2156 416 2237 νομίαν,
438 2147 501 2237 τήν
516 2147 548 2217 δ’
565 2152 722 2229 ἐξουσίαν
743 2156 805 2220 τοῦ
820 2156 924 2216 ταῦτα
946 2163 1056 2217 ποιεῖν
1081 2146 1241 2234 εύδαιμο-

278 2256 373 2336 νίαν,
381 2251 467 2322 ἀλλά
477 2258 535 2324 καὶ
548 2260 692 2342 μισοῦσα
704 2256 762 2323 καὶ
776 2248 961 2330 κολάζουσα
974 2244 1054 2326 τοῦς
1064 2248 1241 2325 τοιούτους

276 2355 429 2439 βελτίους
445 2351 501 2418 καλ
520 2357 818 2435 σωφρονεστέρους
839 2347 990 2427 ἅπαντας
1009 2346 1089 2426 τοῦς
1103 2353 1241 2424 πολίτας

229 2466 259 2519 λι
278 2450 441 2534 ἐποίησεν.
462 2450 620 2534 μέγιστον
631 2445 664 2516 δ’
682 2446 796 2527 αὐτοῖς
810 2447 1013 2535 συνεβάλετο
1029 2442 1113 2531 πρὸς
1127 2442 1165 2512 τὸ
1177 2469 1239 2512 κα-

278 2555 344 2627 λῶς
359 2554 464 2616 οίκείν
483 2545 546 2636 τήν
561 2547 678 2634 πόλιν,
700 2546 752 2615 ὅτι
768 2553 867 2616 δνοίν
881 2546 1050 2634 ἰσοτήτοιν
1064 2546 1241 2631 νομιζομέ-
1262 2557 1314 2610 m

279 2673 358 2715 ναιν
374 2644 473 2733 εἶναι,
490 2650 546 2715 καὶ
558 2654 616 2735 τής
629 2648 693 2735 μὲν
708 2644 835 2715 ταύτὸν
851 2645 978 2715 ἅπασιν
992 2641 1240 2730 ἀπονεμούσης,

279 2753 336 2833 τῆς
351 2745 388 2813 δὲ
408 2743 445 2813 τὸ
460 2754 633 2834 προσῆκον
646 2746 814 2831 ἑκάστοις,
837 2744 900 2816 ούκ
914 2744 1065 2834 ήγνόουν
1081 2740 1143 2829 τήν
1156 2767 1241 2829 χρη-

278 2849 483 2933 σιμωτέραν,
504 2844 589 2916 ἀλλά
609 2845 672 2935 τήν
688 2850 752 2934 μὲν
767 2853 836 2916 τῶν
855 2844 968 2914 αὐτῶν
982 2842 1143 2925 ἀξιοῦσαν
1159 2838 1241 2919 τοῦς

279 2942 443 3030 χρηστούς
458 2949 514 3014 καὶ
531 2944 608 3025 τούς
621 2945 794 3033 πονηρούς
808 2944 1052 3031 ἀπεδοκίμαζον
1070 2940 1115 3022 ῶς
1128 2938 1171 3010 ού
1185 2944 1241 3009 δι-

231 3054 264 3107 22
278 3048 378 3112 καίαν
392 3034 516 3123 οὖσαν,
530 3042 593 3124 τήν
608 3045 644 3115 δδ
658 3044 742 3114 κατά
752 3044 815 3133 τήν
826 3041 922 3125 ἀξίαν
937 3049 1078 3113 ἕκαστον
1090 3048 1241 3128 τιμῶσαν

278 3140 348 3233 [καί
364 3140 583 3231 κολάζουσαν]
602 3145 818 3231 προηροῦντο
836 3145 891 3213 καὶ
912 3141 968 3212 διά
988 3142 1111 3229 ταύτης
1127 3140 1241 3231 ᾤκουν

279 3240 341 3326 τήν
351 3238 463 3323 πόλιν,
476 3236 538 3307 ούκ
550 3242 582 3321 ἐξ
594 3238 821 3321 άπάντωντάς
830 3239 933 3327 ἀρχάς
941 3248 1145 3327 κληροῦυτες
1155 3236 1241 3307 ἀλλά

279 3334 359 3417 τοῦς
378 3343 570 3424 βελτίστους
596 3340 650 3407 καὶ
671 3338 752 3420 τοῦς
772 3340 998 3417 ἱκανωτάτους
1018 3334 1073 3424 ἐφ’
1096 3340 1266 3405 ἕκαστονδ

281 3442 349 3503 τῶν
363 3441 472 3521 δργων
483 3443 730 3522 προκρίνοντες.
753 3439 929 3517 τοιούτους
940 3435 1005 3525 γάρ
1016 3435 1156 3525 ἤλπιζον
1166 3440 1242 3503 ἀσε-

280 3541 362 3603 σδαι
377 3537 431 3602 καί
445 3532 524 3613 τοῦς
539 3533 678 3623 ἀλλους,
694 3532 764 3606 οἷοί
774 3562 837 3622 περ
848 3532 894 3605 ἀν
908 3529 993 3605 ῶσιν
1004 3541 1038 3605 οί
1050 3542 1119 3603 τῶν
1130 3558 1242 3616 πραγ-

230 3643 266 3700 23
278 3632 394 3717 μάτων
405 3635 667 3715 ἐπιστατοῦντας.
689 3642 803 3705 ἔπειτα
814 3639 870 3704 καί
879 3639 1151 3723 δημοτικωτέραν
1161 3632 1238 3703 ἐνό-
