<?xml version="1.0" encoding="UTF-8"?>
<!DOCTYPE html PUBLIC "-//W3C//DTD XHTML 1.0 Transitional//EN"
    "http://www.w3.org/TR/xhtml1/DTD/xhtml1-transitional.dtd">
<html xmlns="http://www.w3.org/1999/xhtml" xml:lang="en" lang="en">
 <head>
  <title>
</title>
<meta http-equiv="Content-Type" content="text/html;charset=utf-8" />
  <meta name='ocr-system' content='tesseract 3.04.00' />
  <meta name='ocr-capabilities' content='ocr_page ocr_carea ocr_par ocr_line ocrx_word'/>
</head>
<body>
  <div class='ocr_page' id='page_1' title='image "./orationes00isgoog_0162.png"; bbox 0 0 2859 4334; ppageno 0'>
   <div class='ocr_carea' id='block_1_1' title="bbox 278 423 949 518">
    <p class='ocr_par' dir='ltr' id='par_1_1' title="bbox 278 423 949 518">
     <span class='ocr_line' id='line_1_1' title="bbox 278 423 949 518; baseline 0.004 -33"><span class='ocrx_word' id='word_1_1' title='bbox 278 423 320 490; x_wconf 77' lang='grc' dir='ltr'><strong><em>οε</em></strong></span> <span class='ocrx_word' id='word_1_2' title='bbox 382 512 385 518; x_wconf 19' lang='grc' dir='ltr'>Ι</span> <span class='ocrx_word' id='word_1_3' title='bbox 568 424 949 498; x_wconf 70' lang='grc' dir='ltr'><strong><em>ιεοιινπεουειε)</em></strong></span> 
     </span>
    </p>
   </div>
   <div class='ocr_carea' id='block_1_2' title="bbox 591 655 934 825">
    <p class='ocr_par' dir='ltr' id='par_1_2' title="bbox 591 655 934 825">
     <span class='ocr_line' id='line_1_2' title="bbox 591 655 934 825; baseline 0 -2"><span class='ocrx_word' id='word_1_4' title='bbox 591 655 934 825; x_wconf 61' lang='grc' dir='ltr'><strong><em>ΦΙΛΙῗάΠΟΣ.</em></strong></span> 
     </span>
    </p>
   </div>
   <div class='ocr_carea' id='block_1_3' title="bbox 251 960 1305 3745">
    <p class='ocr_par' dir='ltr' id='par_1_3' title="bbox 277 960 1305 1757">
     <span class='ocr_line' id='line_1_3' title="bbox 364 960 1305 1065; baseline 0.006 -21"><span class='ocrx_word' id='word_1_5' title='bbox 364 978 437 1061; x_wconf 87' lang='grc' dir='ltr'><strong>(α’.)</strong></span> <span class='ocrx_word' id='word_1_6' title='bbox 458 960 526 1063; x_wconf 82' lang='grc' dir='ltr'><strong><em>Μὴ</em></strong></span> <span class='ocrx_word' id='word_1_7' title='bbox 539 975 736 1064; x_wconf 76' lang='grc' dir='ltr'><em>θαυμάσῃς,</em></span> <span class='ocrx_word' id='word_1_8' title='bbox 753 968 953 1065; x_wconf 80' lang='grc' dir='ltr'><strong><em>ῶΦίλιππε,</em></strong></span> <span class='ocrx_word' id='word_1_9' title='bbox 964 977 1050 1046; x_wconf 95' lang='grc' dir='ltr'><strong><em>διότι</em></strong></span> <span class='ocrx_word' id='word_1_10' title='bbox 1060 983 1123 1047; x_wconf 83' lang='grc' dir='ltr'><strong><em>τοῦ</em></strong></span> <span class='ocrx_word' id='word_1_11' title='bbox 1133 976 1247 1064; x_wconf 82' lang='grc' dir='ltr'><strong><em>λόγον</em></strong></span> <span class='ocrx_word' id='word_1_12' title='bbox 1262 995 1305 1050; x_wconf 74' lang='lat'><strong><em>82</em></strong></span> 
     </span>
     <span class='ocr_line' id='line_1_4' title="bbox 281 1071 1248 1165; baseline 0.001 -20"><span class='ocrx_word' id='word_1_13' title='bbox 281 1075 463 1163; x_wconf 80' lang='grc' dir='ltr'><strong><em>ποιήσομαι</em></strong></span> <span class='ocrx_word' id='word_1_14' title='bbox 483 1072 546 1161; x_wconf 78' lang='grc' dir='ltr'><strong><em>τὴν</em></strong></span> <span class='ocrx_word' id='word_1_15' title='bbox 565 1071 673 1160; x_wconf 77' lang='grc' dir='ltr'><strong><em>ἀρχὴν</em></strong></span> <span class='ocrx_word' id='word_1_16' title='bbox 693 1072 736 1142; x_wconf 80' lang='grc' dir='ltr'><strong><em>οὐ</em></strong></span> <span class='ocrx_word' id='word_1_17' title='bbox 756 1083 816 1144; x_wconf 85' lang='grc' dir='ltr'><strong><em>τοῦ</em></strong></span> <span class='ocrx_word' id='word_1_18' title='bbox 839 1073 924 1163; x_wconf 81' lang='grc' dir='ltr'><strong><em>πρὸς</em></strong></span> <span class='ocrx_word' id='word_1_19' title='bbox 943 1079 980 1145; x_wconf 79' lang='grc' dir='ltr'><strong><em>σὲ</em></strong></span> <span class='ocrx_word' id='word_1_20' title='bbox 1002 1079 1248 1165; x_wconf 71' lang='grc' dir='ltr'><strong><em>ῥηθησομένου</em></strong></span> 
     </span>
     <span class='ocr_line' id='line_1_5' title="bbox 280 1172 1246 1265; baseline 0.001 -21"><span class='ocrx_word' id='word_1_21' title='bbox 280 1178 335 1245; x_wconf 79' lang='grc' dir='ltr'><strong><em>ιιαί</em></strong></span> <span class='ocrx_word' id='word_1_22' title='bbox 345 1181 412 1243; x_wconf 86' lang='grc' dir='ltr'><strong><em>νῦν</em></strong></span> <span class='ocrx_word' id='word_1_23' title='bbox 423 1172 664 1261; x_wconf 79' lang='grc' dir='ltr'><strong><em>δειχθήσεσθαι</em></strong></span> <span class='ocrx_word' id='word_1_24' title='bbox 676 1177 857 1259; x_wconf 78' lang='grc' dir='ltr'><strong><em>μέλλοντος</em></strong></span> <span class='ocrx_word' id='word_1_25' title='bbox 867 1172 952 1244; x_wconf 85' lang='grc' dir='ltr'><strong><em>ἀλλά</em></strong></span> <span class='ocrx_word' id='word_1_26' title='bbox 963 1183 1025 1244; x_wconf 84' lang='grc' dir='ltr'><strong><em>τοῦ</em></strong></span> <span class='ocrx_word' id='word_1_27' title='bbox 1037 1180 1113 1262; x_wconf 78' lang='grc' dir='ltr'><strong><em>περὶ</em></strong></span> <span class='ocrx_word' id='word_1_28' title='bbox 1121 1174 1246 1265; x_wconf 88' lang='grc' dir='ltr'><strong><em>Ἀμφι-</em></strong></span> 
     </span>
     <span class='ocr_line' id='line_1_6' title="bbox 280 1264 1243 1363; baseline -0.002 -19"><span class='ocrx_word' id='word_1_29' title='bbox 280 1275 408 1353; x_wconf 86' lang='grc' dir='ltr'><strong><em>πόλεως</em></strong></span> <span class='ocrx_word' id='word_1_30' title='bbox 417 1276 613 1361; x_wconf 71' lang='grc' dir='ltr'><strong><em>γραφέντος.</em></strong></span> <span class='ocrx_word' id='word_1_31' title='bbox 629 1276 705 1359; x_wconf 79' lang='grc' dir='ltr'><strong><em>περὶ</em></strong></span> <span class='ocrx_word' id='word_1_32' title='bbox 715 1264 758 1342; x_wconf 81' lang='grc' dir='ltr'><strong><em>οὗ</em></strong></span> <span class='ocrx_word' id='word_1_33' title='bbox 767 1272 869 1360; x_wconf 83' lang='grc' dir='ltr'><strong><em>μιαρά</em></strong></span> <span class='ocrx_word' id='word_1_34' title='bbox 879 1273 1045 1363; x_wconf 87' lang='grc' dir='ltr'><strong><em>βοόλομαι</em></strong></span> <span class='ocrx_word' id='word_1_35' title='bbox 1054 1289 1243 1362; x_wconf 74' lang='grc' dir='ltr'><em>προειπεῖν,</em></span> 
     </span>
     <span class='ocr_line' id='line_1_7' title="bbox 278 1370 1244 1462; baseline 0 -20"><span class='ocrx_word' id='word_1_36' title='bbox 278 1376 337 1442; x_wconf 77' lang='grc' dir='ltr'><strong><em>ἵνα</em></strong></span> <span class='ocrx_word' id='word_1_37' title='bbox 351 1373 492 1460; x_wconf 87' lang='grc' dir='ltr'><strong><em>δηλάσω</em></strong></span> <span class='ocrx_word' id='word_1_38' title='bbox 507 1375 562 1441; x_wconf 75' lang='grc' dir='ltr'><strong><em>καί</em></strong></span> <span class='ocrx_word' id='word_1_39' title='bbox 573 1375 626 1440; x_wconf 82' lang='grc' dir='ltr'><strong><em>σοί</em></strong></span> <span class='ocrx_word' id='word_1_40' title='bbox 637 1375 692 1440; x_wconf 79' lang='grc' dir='ltr'><strong><em>καί</em></strong></span> <span class='ocrx_word' id='word_1_41' title='bbox 703 1387 772 1452; x_wconf 88' lang='grc' dir='ltr'><strong><em>τοῖς</em></strong></span> <span class='ocrx_word' id='word_1_42' title='bbox 782 1371 911 1460; x_wconf 87' lang='grc' dir='ltr'><strong><em>ἀλλοις,</em></strong></span> <span class='ocrx_word' id='word_1_43' title='bbox 928 1372 974 1454; x_wconf 87' lang='grc' dir='ltr'><strong><em>άις</em></strong></span> <span class='ocrx_word' id='word_1_44' title='bbox 984 1372 1026 1444; x_wconf 84' lang='grc' dir='ltr'><strong><em>οὐ</em></strong></span> <span class='ocrx_word' id='word_1_45' title='bbox 1037 1371 1083 1443; x_wconf 89' lang='grc' dir='ltr'><strong><em>δι’</em></strong></span> <span class='ocrx_word' id='word_1_46' title='bbox 1096 1370 1244 1462; x_wconf 86' lang='grc' dir='ltr'><strong><em>άγνοιαν</em></strong></span> 
     </span>
     <span class='ocr_line' id='line_1_8' title="bbox 280 1469 1242 1561; baseline -0.002 -18"><span class='ocrx_word' id='word_1_47' title='bbox 280 1471 360 1543; x_wconf 80' lang='grc' dir='ltr'><strong><em>οάδέ</em></strong></span> <span class='ocrx_word' id='word_1_48' title='bbox 378 1475 595 1553; x_wconf 71' lang='grc' dir='ltr'><strong><em>διαψευσθεὶς</em></strong></span> <span class='ocrx_word' id='word_1_49' title='bbox 608 1479 666 1560; x_wconf 82' lang='grc' dir='ltr'><strong><em>τῆς</em></strong></span> <span class='ocrx_word' id='word_1_50' title='bbox 681 1469 867 1558; x_wconf 77' lang='grc' dir='ltr'><strong><em>ἀρρωστίας</em></strong></span> <span class='ocrx_word' id='word_1_51' title='bbox 882 1481 940 1561; x_wconf 81' lang='grc' dir='ltr'><strong><em>τῆς</em></strong></span> <span class='ocrx_word' id='word_1_52' title='bbox 955 1480 1022 1541; x_wconf 81' lang='grc' dir='ltr'><strong><em>νῦν</em></strong></span> <span class='ocrx_word' id='word_1_53' title='bbox 1034 1499 1093 1560; x_wconf 95' lang='grc' dir='ltr'><strong><em>μοι</em></strong></span> <span class='ocrx_word' id='word_1_54' title='bbox 1107 1473 1242 1558; x_wconf 83' lang='grc' dir='ltr'><strong><em>παρού-</em></strong></span> 
     </span>
     <span class='ocr_line' id='line_1_9' title="bbox 279 1569 1279 1661; baseline -0.005 -20"><span class='ocrx_word' id='word_1_55' title='bbox 279 1593 339 1661; x_wconf 89' lang='grc' dir='ltr'><strong><em>σης</em></strong></span> <span class='ocrx_word' id='word_1_56' title='bbox 360 1575 529 1659; x_wconf 76' lang='grc' dir='ltr'><strong><em>ἐπεθέμην</em></strong></span> <span class='ocrx_word' id='word_1_57' title='bbox 550 1572 695 1658; x_wconf 93' lang='grc' dir='ltr'><strong><em>γράφειν</em></strong></span> <span class='ocrx_word' id='word_1_58' title='bbox 710 1569 772 1640; x_wconf 87' lang='grc' dir='ltr'><strong><em>τόν</em></strong></span> <span class='ocrx_word' id='word_1_59' title='bbox 787 1570 873 1660; x_wconf 84' lang='grc' dir='ltr'><strong><em>πρός</em></strong></span> <span class='ocrx_word' id='word_1_60' title='bbox 887 1574 924 1642; x_wconf 69' lang='grc' dir='ltr'>σέ</span> <span class='ocrx_word' id='word_1_61' title='bbox 938 1572 1042 1660; x_wconf 89' lang='grc' dir='ltr'><strong><em>λόγον</em></strong></span> <span class='ocrx_word' id='word_1_62' title='bbox 1058 1569 1133 1641; x_wconf 86' lang='grc' dir='ltr'><strong><em>ἀλλ’</em></strong></span> <span class='ocrx_word' id='word_1_63' title='bbox 1151 1572 1279 1640; x_wconf 83' lang='grc' dir='ltr'><strong><em>είκό-ῖι</em></strong></span> 
     </span>
     <span class='ocr_line' id='line_1_10' title="bbox 277 1668 840 1757; baseline 0 -17"><span class='ocrx_word' id='word_1_64' title='bbox 277 1698 342 1751; x_wconf 87' lang='grc' dir='ltr'><strong><em>τως</em></strong></span> <span class='ocrx_word' id='word_1_65' title='bbox 357 1671 413 1739; x_wconf 80' lang='grc' dir='ltr'><strong><em>καὶ</em></strong></span> <span class='ocrx_word' id='word_1_66' title='bbox 430 1668 513 1738; x_wconf 80' lang='grc' dir='ltr'><strong><em>κατά</em></strong></span> <span class='ocrx_word' id='word_1_67' title='bbox 530 1670 653 1757; x_wconf 83' lang='grc' dir='ltr'><strong><em>μικρὸν</em></strong></span> <span class='ocrx_word' id='word_1_68' title='bbox 669 1669 840 1757; x_wconf 81' lang='grc' dir='ltr'><strong><em>ὑπαχθείς.</em></strong></span> 
     </span>
    </p>

    <p class='ocr_par' dir='ltr' id='par_1_4' title="bbox 251 1766 1241 2356">
     <span class='ocr_line' id='line_1_11' title="bbox 251 1766 1241 1858; baseline 0.001 -21"><span class='ocrx_word' id='word_1_69' title='bbox 251 1774 267 1827; x_wconf 69' lang='lat'><em>2</em></span> <span class='ocrx_word' id='word_1_70' title='bbox 364 1771 438 1858; x_wconf 80' lang='grc' dir='ltr'><strong><em>(β’.)</em></strong></span> <span class='ocrx_word' id='word_1_71' title='bbox 455 1768 565 1855; x_wconf 88' lang='grc' dir='ltr'><strong><em>Ὁρῶν</em></strong></span> <span class='ocrx_word' id='word_1_72' title='bbox 585 1766 649 1856; x_wconf 89' lang='grc' dir='ltr'><strong><em>γάρ</em></strong></span> <span class='ocrx_word' id='word_1_73' title='bbox 671 1767 733 1838; x_wconf 87' lang='grc' dir='ltr'><strong><em>τόν</em></strong></span> <span class='ocrx_word' id='word_1_74' title='bbox 752 1770 903 1858; x_wconf 89' lang='grc' dir='ltr'><strong><em>πόλεμον</em></strong></span> <span class='ocrx_word' id='word_1_75' title='bbox 922 1768 982 1840; x_wconf 85' lang='grc' dir='ltr'><strong><em>τόν</em></strong></span> <span class='ocrx_word' id='word_1_76' title='bbox 1003 1771 1165 1840; x_wconf 89' lang='grc' dir='ltr'><strong><em>ἐνστάντα</em></strong></span> <span class='ocrx_word' id='word_1_77' title='bbox 1186 1771 1241 1839; x_wconf 72' lang='grc' dir='ltr'><strong><em>σοὶ</em></strong></span> 
     </span>
     <span class='ocr_line' id='line_1_12' title="bbox 278 1867 1240 1959; baseline -0.004 -18"><span class='ocrx_word' id='word_1_78' title='bbox 278 1873 334 1941; x_wconf 68' lang='lat' dir='ltr'><strong><em>aaz</em></strong></span> <span class='ocrx_word' id='word_1_79' title='bbox 350 1876 391 1959; x_wconf 77' lang='grc' dir='ltr'><strong><em>τῇ</em></strong></span> <span class='ocrx_word' id='word_1_80' title='bbox 405 1869 501 1937; x_wconf 88' lang='grc' dir='ltr'><strong><em>πόλει</em></strong></span> <span class='ocrx_word' id='word_1_81' title='bbox 516 1871 593 1955; x_wconf 79' lang='grc' dir='ltr'><strong><em>περί</em></strong></span> <span class='ocrx_word' id='word_1_82' title='bbox 604 1867 836 1956; x_wconf 78' lang='grc' dir='ltr'><strong><em>Ἀμφιπόλεως</em></strong></span> <span class='ocrx_word' id='word_1_83' title='bbox 850 1877 985 1938; x_wconf 88' lang='grc' dir='ltr'><strong><em>πολλῶν</em></strong></span> <span class='ocrx_word' id='word_1_84' title='bbox 1000 1877 1113 1938; x_wconf 81' lang='grc' dir='ltr'><strong><em>κακῶν</em></strong></span> <span class='ocrx_word' id='word_1_85' title='bbox 1129 1876 1240 1937; x_wconf 88' lang='grc' dir='ltr'><strong><em>αίτιον</em></strong></span> 
     </span>
     <span class='ocr_line' id='line_1_13' title="bbox 279 1968 1239 2058; baseline -0.004 -18"><span class='ocrx_word' id='word_1_86' title='bbox 279 1968 483 2058; x_wconf 89' lang='grc' dir='ltr'><strong><em>γιγνόμενον</em></strong></span> <span class='ocrx_word' id='word_1_87' title='bbox 494 1971 688 2054; x_wconf 79' lang='grc' dir='ltr'><strong><em>ἐπεχείρησα</em></strong></span> <span class='ocrx_word' id='word_1_88' title='bbox 698 1971 810 2055; x_wconf 72' lang='grc' dir='ltr'><strong><em>λέγειν</em></strong></span> <span class='ocrx_word' id='word_1_89' title='bbox 820 1977 898 2056; x_wconf 89' lang='grc' dir='ltr'><strong><em>περί</em></strong></span> <span class='ocrx_word' id='word_1_90' title='bbox 906 1995 943 2036; x_wconf 84' lang='grc' dir='ltr'><strong><em>τε</em></strong></span> <span class='ocrx_word' id='word_1_91' title='bbox 953 1975 1011 2056; x_wconf 79' lang='grc' dir='ltr'><strong><em>τῆς</em></strong></span> <span class='ocrx_word' id='word_1_92' title='bbox 1021 1970 1150 2047; x_wconf 84' lang='grc' dir='ltr'><strong><em>πόλεως</em></strong></span> <span class='ocrx_word' id='word_1_93' title='bbox 1159 1968 1239 2036; x_wconf 83' lang='grc' dir='ltr'><strong><em>ταύ-</em></strong></span> 
     </span>
     <span class='ocr_line' id='line_1_14' title="bbox 278 2064 1240 2156; baseline 0.001 -21"><span class='ocrx_word' id='word_1_94' title='bbox 278 2094 336 2155; x_wconf 93' lang='grc' dir='ltr'><strong><em>της</em></strong></span> <span class='ocrx_word' id='word_1_95' title='bbox 346 2070 401 2135; x_wconf 82' lang='grc' dir='ltr'><strong><em>καὶ</em></strong></span> <span class='ocrx_word' id='word_1_96' title='bbox 414 2073 472 2153; x_wconf 82' lang='grc' dir='ltr'><strong><em>τῆς</em></strong></span> <span class='ocrx_word' id='word_1_97' title='bbox 483 2067 593 2154; x_wconf 85' lang='grc' dir='ltr'><strong><em>χάρας</em></strong></span> <span class='ocrx_word' id='word_1_98' title='bbox 606 2065 708 2137; x_wconf 69' lang='grc' dir='ltr'><strong><em>οὐδὲν</em></strong></span> <span class='ocrx_word' id='word_1_99' title='bbox 719 2074 787 2138; x_wconf 79' lang='grc' dir='ltr'><strong><em>τῶν</em></strong></span> <span class='ocrx_word' id='word_1_100' title='bbox 798 2065 911 2156; x_wconf 80' lang='grc' dir='ltr'><strong><em>αὐτῶν</em></strong></span> <span class='ocrx_word' id='word_1_101' title='bbox 922 2067 1001 2137; x_wconf 80' lang='grc' dir='ltr'><strong><em>οὔτε</em></strong></span> <span class='ocrx_word' id='word_1_102' title='bbox 1011 2082 1080 2148; x_wconf 88' lang='grc' dir='ltr'><strong><em>τοῖς</em></strong></span> <span class='ocrx_word' id='word_1_103' title='bbox 1091 2064 1158 2136; x_wconf 84' lang='grc' dir='ltr'><strong><em>ὑπό</em></strong></span> <span class='ocrx_word' id='word_1_104' title='bbox 1169 2074 1240 2136; x_wconf 87' lang='grc' dir='ltr'><strong><em>τῶν</em></strong></span> 
     </span>
     <span class='ocr_line' id='line_1_15' title="bbox 279 2163 1241 2254; baseline -0.002 -18"><span class='ocrx_word' id='word_1_105' title='bbox 279 2173 349 2236; x_wconf 89' lang='grc' dir='ltr'><strong><em>σῶν</em></strong></span> <span class='ocrx_word' id='word_1_106' title='bbox 370 2169 511 2253; x_wconf 83' lang='grc' dir='ltr'><strong><em>ἑταίρων</em></strong></span> <span class='ocrx_word' id='word_1_107' title='bbox 524 2168 717 2254; x_wconf 77' lang='grc' dir='ltr'><strong><em>λεγομένοις</em></strong></span> <span class='ocrx_word' id='word_1_108' title='bbox 738 2164 815 2237; x_wconf 76' lang='grc' dir='ltr'><strong><em>οὔτε</em></strong></span> <span class='ocrx_word' id='word_1_109' title='bbox 835 2181 904 2247; x_wconf 85' lang='grc' dir='ltr'><strong><em>τοῖς</em></strong></span> <span class='ocrx_word' id='word_1_110' title='bbox 918 2163 984 2235; x_wconf 82' lang='grc' dir='ltr'><strong><em>ὑπό</em></strong></span> <span class='ocrx_word' id='word_1_111' title='bbox 1002 2174 1071 2236; x_wconf 89' lang='grc' dir='ltr'><strong><em>τῶν</em></strong></span> <span class='ocrx_word' id='word_1_112' title='bbox 1085 2166 1241 2254; x_wconf 78' lang='grc' dir='ltr'><strong><em>ῥητόρων</em></strong></span> 
     </span>
     <span class='ocr_line' id='line_1_16' title="bbox 277 2261 1240 2356; baseline 0 -21"><span class='ocrx_word' id='word_1_113' title='bbox 277 2273 347 2335; x_wconf 87' lang='grc' dir='ltr'><strong><em>τῶν</em></strong></span> <span class='ocrx_word' id='word_1_114' title='bbox 367 2262 448 2352; x_wconf 88' lang='grc' dir='ltr'><strong><em>παρ’</em></strong></span> <span class='ocrx_word' id='word_1_115' title='bbox 465 2261 547 2353; x_wconf 81' lang='grc' dir='ltr'><strong><em>ἡμῖν</em></strong></span> <span class='ocrx_word' id='word_1_116' title='bbox 569 2263 643 2335; x_wconf 86' lang='grc' dir='ltr'><strong><em>ἀλλ’</em></strong></span> <span class='ocrx_word' id='word_1_117' title='bbox 664 2265 709 2347; x_wconf 82' lang='grc' dir='ltr'><strong><em>ὡς</em></strong></span> <span class='ocrx_word' id='word_1_118' title='bbox 731 2262 806 2337; x_wconf 79' lang='grc' dir='ltr'><strong><em>οἷόν</em></strong></span> <span class='ocrx_word' id='word_1_119' title='bbox 827 2293 862 2338; x_wconf 92' lang='grc' dir='ltr'><strong><em>τε</em></strong></span> <span class='ocrx_word' id='word_1_120' title='bbox 885 2275 1042 2338; x_wconf 83' lang='grc' dir='ltr'><strong><em>πλεῖστον</em></strong></span> <span class='ocrx_word' id='word_1_121' title='bbox 1063 2264 1240 2356; x_wconf 78' lang='grc' dir='ltr'><strong><em>ἀφεστῶτα</em></strong></span> 
     </span>
    </p>

    <p class='ocr_par' dir='ltr' id='par_1_5' title="bbox 251 2358 1293 3250">
     <span class='ocr_line' id='line_1_17' title="bbox 251 2358 1241 2455; baseline 0.003 -23"><span class='ocrx_word' id='word_1_122' title='bbox 251 2373 337 2453; x_wconf 81' lang='grc' dir='ltr'><strong><em>ῖτῆς</em></strong></span> <span class='ocrx_word' id='word_1_123' title='bbox 355 2365 486 2433; x_wconf 77' lang='grc' dir='ltr'><strong><em>τούτοιν</em></strong></span> <span class='ocrx_word' id='word_1_124' title='bbox 506 2369 665 2446; x_wconf 89' lang='grc' dir='ltr'><strong><em>διανοίας.</em></strong></span> <span class='ocrx_word' id='word_1_125' title='bbox 690 2358 785 2434; x_wconf 79' lang='grc' dir='ltr'><strong><em>οὗτοι</em></strong></span> <span class='ocrx_word' id='word_1_126' title='bbox 804 2365 949 2455; x_wconf 73' lang='grc' dir='ltr'><strong><em>μὲνγὰρ</em></strong></span> <span class='ocrx_word' id='word_1_127' title='bbox 969 2368 1170 2453; x_wconf 73' lang='grc' dir='ltr'><strong><em>παρώξυνον</em></strong></span> <span class='ocrx_word' id='word_1_128' title='bbox 1187 2368 1241 2435; x_wconf 67' lang='grc' dir='ltr'><strong><em>ἐπὶ</em></strong></span> 
     </span>
     <span class='ocr_line' id='line_1_18' title="bbox 278 2462 1269 2554; baseline -0.002 -19"><span class='ocrx_word' id='word_1_129' title='bbox 278 2462 339 2535; x_wconf 85' lang='grc' dir='ltr'><strong><em>τόν</em></strong></span> <span class='ocrx_word' id='word_1_130' title='bbox 352 2463 512 2550; x_wconf 89' lang='grc' dir='ltr'><strong><em>πόλεμον,</em></strong></span> <span class='ocrx_word' id='word_1_131' title='bbox 528 2464 815 2551; x_wconf 77' lang='grc' dir='ltr'><strong><em>συναγορεύοντες</em></strong></span> <span class='ocrx_word' id='word_1_132' title='bbox 831 2479 902 2546; x_wconf 90' lang='grc' dir='ltr'><strong><em>ταῖς</em></strong></span> <span class='ocrx_word' id='word_1_133' title='bbox 920 2470 1113 2554; x_wconf 79' lang='grc' dir='ltr'><strong><em>ἐπιθυμίαις</em></strong></span> <span class='ocrx_word' id='word_1_134' title='bbox 1123 2462 1269 2552; x_wconf 60' lang='lat' dir='ltr'><strong><em>{maim</em></strong></span> 
     </span>
     <span class='ocr_line' id='line_1_19' title="bbox 278 2561 1235 2653; baseline -0.001 -20"><span class='ocrx_word' id='word_1_135' title='bbox 278 2561 343 2653; x_wconf 71' lang='grc' dir='ltr'><strong><em>ἐγοδ</em></strong></span> <span class='ocrx_word' id='word_1_136' title='bbox 356 2563 392 2631; x_wconf 75' lang='grc' dir='ltr'><strong><em>δὲ</em></strong></span> <span class='ocrx_word' id='word_1_137' title='bbox 403 2564 479 2650; x_wconf 77' lang='grc' dir='ltr'><strong><em>περὶ</em></strong></span> <span class='ocrx_word' id='word_1_138' title='bbox 489 2565 552 2650; x_wconf 78' lang='grc' dir='ltr'><strong><em>μέν</em></strong></span> <span class='ocrx_word' id='word_1_139' title='bbox 563 2571 632 2631; x_wconf 90' lang='grc' dir='ltr'><strong><em>τῶν</em></strong></span> <span class='ocrx_word' id='word_1_140' title='bbox 642 2561 969 2653; x_wconf 78' lang='grc' dir='ltr'><strong><em>ἀμφισβητουμένων</em></strong></span> <span class='ocrx_word' id='word_1_141' title='bbox 980 2562 1082 2634; x_wconf 69' lang='grc' dir='ltr'><strong><em>οὐδὲν</em></strong></span> <span class='ocrx_word' id='word_1_142' title='bbox 1092 2561 1235 2652; x_wconf 85' lang='grc' dir='ltr'><strong><em>ἀπεφαι-</em></strong></span> 
     </span>
     <span class='ocr_line' id='line_1_20' title="bbox 277 2660 1241 2753; baseline -0.001 -20"><span class='ocrx_word' id='word_1_143' title='bbox 277 2664 399 2751; x_wconf 90' lang='grc' dir='ltr'><strong><em>νόμην,</em></strong></span> <span class='ocrx_word' id='word_1_144' title='bbox 414 2661 456 2733; x_wconf 83' lang='grc' dir='ltr'><strong><em>ὃν</em></strong></span> <span class='ocrx_word' id='word_1_145' title='bbox 470 2661 503 2732; x_wconf 89' lang='grc' dir='ltr'><strong><em>δ’</em></strong></span> <span class='ocrx_word' id='word_1_146' title='bbox 521 2660 763 2750; x_wconf 83' lang='grc' dir='ltr'><strong><em>ὑπελάμβανον</em></strong></span> <span class='ocrx_word' id='word_1_147' title='bbox 777 2671 846 2733; x_wconf 87' lang='grc' dir='ltr'><strong><em>τῶν</em></strong></span> <span class='ocrx_word' id='word_1_148' title='bbox 857 2665 970 2753; x_wconf 88' lang='grc' dir='ltr'><strong><em>λόγων</em></strong></span> <span class='ocrx_word' id='word_1_149' title='bbox 981 2663 1241 2752; x_wconf 87' lang='grc' dir='ltr'><strong><em>είρηνιιιάτατον</em></strong></span> 
     </span>
     <span class='ocr_line' id='line_1_21' title="bbox 278 2759 1240 2852; baseline -0.002 -19"><span class='ocrx_word' id='word_1_150' title='bbox 278 2763 381 2850; x_wconf 76' lang='grc' dir='ltr'><strong><em>εἶναι,</em></strong></span> <span class='ocrx_word' id='word_1_151' title='bbox 407 2766 483 2849; x_wconf 77' lang='grc' dir='ltr'><strong><em>περὶ</em></strong></span> <span class='ocrx_word' id='word_1_152' title='bbox 498 2771 620 2833; x_wconf 82' lang='grc' dir='ltr'><strong><em>τοῦτον</em></strong></span> <span class='ocrx_word' id='word_1_153' title='bbox 635 2767 813 2852; x_wconf 82' lang='grc' dir='ltr'><strong><em>διέτριβον,</em></strong></span> <span class='ocrx_word' id='word_1_154' title='bbox 834 2769 961 2851; x_wconf 78' lang='grc' dir='ltr'><strong><em>λέγων,</em></strong></span> <span class='ocrx_word' id='word_1_155' title='bbox 990 2759 1034 2843; x_wconf 81' lang='grc' dir='ltr'><strong><em>ὡς</em></strong></span> <span class='ocrx_word' id='word_1_156' title='bbox 1054 2760 1240 2850; x_wconf 91' lang='grc' dir='ltr'><strong><em>ἀμφότεροι</em></strong></span> 
     </span>
     <span class='ocr_line' id='line_1_22' title="bbox 279 2861 1293 2950; baseline -0.009 -17"><span class='ocrx_word' id='word_1_157' title='bbox 279 2864 520 2950; x_wconf 87' lang='grc' dir='ltr'><strong><em>διαμαρτάνετε</em></strong></span> <span class='ocrx_word' id='word_1_158' title='bbox 540 2871 609 2931; x_wconf 92' lang='grc' dir='ltr'><strong><em>τῶν</em></strong></span> <span class='ocrx_word' id='word_1_159' title='bbox 628 2864 852 2950; x_wconf 76' lang='grc' dir='ltr'><strong><em>πραγμάτων,</em></strong></span> <span class='ocrx_word' id='word_1_160' title='bbox 877 2866 932 2932; x_wconf 80' lang='grc' dir='ltr'><strong><em>καὶ</em></strong></span> <span class='ocrx_word' id='word_1_161' title='bbox 947 2861 991 2930; x_wconf 83' lang='grc' dir='ltr'><strong>σύ</strong></span> <span class='ocrx_word' id='word_1_162' title='bbox 1008 2865 1071 2949; x_wconf 71' lang='grc' dir='ltr'><strong><em>μὲν</em></strong></span> <span class='ocrx_word' id='word_1_163' title='bbox 1086 2869 1241 2948; x_wconf 78' lang='grc' dir='ltr'><strong><em>πολεμεῖς</em></strong></span> <span class='ocrx_word' id='word_1_164' title='bbox 1252 2868 1293 2924; x_wconf 71' lang='lat'><strong><em>8³</em></strong></span> 
     </span>
     <span class='ocr_line' id='line_1_23' title="bbox 279 2959 1240 3050; baseline -0.002 -20"><span class='ocrx_word' id='word_1_165' title='bbox 279 2961 364 3046; x_wconf 77' lang='grc' dir='ltr'><strong><em>ὑπὲρ</em></strong></span> <span class='ocrx_word' id='word_1_166' title='bbox 378 2968 447 3029; x_wconf 88' lang='grc' dir='ltr'><strong><em>τῶν</em></strong></span> <span class='ocrx_word' id='word_1_167' title='bbox 461 2960 541 3049; x_wconf 78' lang='grc' dir='ltr'><strong><em>ἡμῖν</em></strong></span> <span class='ocrx_word' id='word_1_168' title='bbox 556 2963 813 3049; x_wconf 80' lang='grc' dir='ltr'><strong><em>συμφερόντων,</em></strong></span> <span class='ocrx_word' id='word_1_169' title='bbox 828 2960 848 3050; x_wconf 82' lang='grc' dir='ltr'><strong><em>ἡ</em></strong></span> <span class='ocrx_word' id='word_1_170' title='bbox 861 2965 898 3030; x_wconf 69' lang='grc' dir='ltr'><strong><em>δὲ</em></strong></span> <span class='ocrx_word' id='word_1_171' title='bbox 907 2963 1003 3042; x_wconf 91' lang='grc' dir='ltr'><strong><em>πόλις</em></strong></span> <span class='ocrx_word' id='word_1_172' title='bbox 1014 2959 1099 3048; x_wconf 69' lang='grc' dir='ltr'><strong><em>ὑπὲρ</em></strong></span> <span class='ocrx_word' id='word_1_173' title='bbox 1110 2967 1168 3048; x_wconf 79' lang='grc' dir='ltr'><strong><em>τῆς</em></strong></span> <span class='ocrx_word' id='word_1_174' title='bbox 1180 2967 1240 3047; x_wconf 82' lang='grc' dir='ltr'><strong><em>σῆς</em></strong></span> 
     </span>
     <span class='ocr_line' id='line_1_24' title="bbox 279 3056 1240 3149; baseline -0.005 -18"><span class='ocrx_word' id='word_1_175' title='bbox 279 3067 491 3141; x_wconf 87' lang='grc' dir='ltr'><strong><em>δυναστείας·</em></strong></span> <span class='ocrx_word' id='word_1_176' title='bbox 518 3070 705 3131; x_wconf 87' lang='grc' dir='ltr'><strong><em>λυσιτελεῖν</em></strong></span> <span class='ocrx_word' id='word_1_177' title='bbox 721 3059 788 3149; x_wconf 84' lang='grc' dir='ltr'><strong><em>γάρ</em></strong></span> <span class='ocrx_word' id='word_1_178' title='bbox 804 3064 857 3130; x_wconf 81' lang='grc' dir='ltr'><strong><em>σοί</em></strong></span> <span class='ocrx_word' id='word_1_179' title='bbox 877 3062 940 3148; x_wconf 69' lang='grc' dir='ltr'><strong><em>μὲν</em></strong></span> <span class='ocrx_word' id='word_1_180' title='bbox 960 3058 1046 3148; x_wconf 80' lang='grc' dir='ltr'><strong><em>ἡμᾶς</em></strong></span> <span class='ocrx_word' id='word_1_181' title='bbox 1068 3065 1156 3146; x_wconf 74' lang='grc' dir='ltr'><strong><em>ἐχειν</em></strong></span> <span class='ocrx_word' id='word_1_182' title='bbox 1177 3056 1240 3145; x_wconf 81' lang='grc' dir='ltr'><strong><em>τὴν</em></strong></span> 
     </span>
     <span class='ocr_line' id='line_1_25' title="bbox 277 3156 1240 3250; baseline -0.004 -20"><span class='ocrx_word' id='word_1_183' title='bbox 277 3162 391 3250; x_wconf 78' lang='grc' dir='ltr'><strong><em>χάραν</em></strong></span> <span class='ocrx_word' id='word_1_184' title='bbox 401 3159 538 3247; x_wconf 83' lang='grc' dir='ltr'><strong><em>ταύτην,</em></strong></span> <span class='ocrx_word' id='word_1_185' title='bbox 553 3168 593 3250; x_wconf 82' lang='grc' dir='ltr'><strong><em>τῇ</em></strong></span> <span class='ocrx_word' id='word_1_186' title='bbox 605 3162 641 3230; x_wconf 74' lang='grc' dir='ltr'><strong><em>δὲ</em></strong></span> <span class='ocrx_word' id='word_1_187' title='bbox 652 3161 749 3230; x_wconf 87' lang='grc' dir='ltr'><strong><em>πόλει</em></strong></span> <span class='ocrx_word' id='word_1_188' title='bbox 760 3157 838 3248; x_wconf 91' lang='grc' dir='ltr'><strong><em>μηδ’</em></strong></span> <span class='ocrx_word' id='word_1_189' title='bbox 853 3163 886 3241; x_wconf 80' lang='grc' dir='ltr'><strong><em>ἐξ</em></strong></span> <span class='ocrx_word' id='word_1_190' title='bbox 898 3156 973 3240; x_wconf 83' lang='grc' dir='ltr'><strong><em>ἑνός</em></strong></span> <span class='ocrx_word' id='word_1_191' title='bbox 982 3160 1112 3246; x_wconf 88' lang='grc' dir='ltr'><strong><em>τρόπον</em></strong></span> <span class='ocrx_word' id='word_1_192' title='bbox 1121 3165 1240 3245; x_wconf 87' lang='grc' dir='ltr'><strong><em>λαβεῖν</em></strong></span> 
     </span>
    </p>

    <p class='ocr_par' dir='ltr' id='par_1_6' title="bbox 251 3258 1268 3745">
     <span class='ocr_line' id='line_1_26' title="bbox 251 3258 1240 3348; baseline -0.003 -19"><span class='ocrx_word' id='word_1_193' title='bbox 251 3259 391 3348; x_wconf 64' lang='grc' dir='ltr'><strong><em>ταύτην.</em></strong></span> <span class='ocrx_word' id='word_1_194' title='bbox 415 3262 470 3328; x_wconf 78' lang='grc' dir='ltr'><strong><em>καί</em></strong></span> <span class='ocrx_word' id='word_1_195' title='bbox 484 3261 560 3344; x_wconf 78' lang='grc' dir='ltr'><strong><em>περὶ</em></strong></span> <span class='ocrx_word' id='word_1_196' title='bbox 575 3260 706 3329; x_wconf 74' lang='grc' dir='ltr'><strong><em>τούτων</em></strong></span> <span class='ocrx_word' id='word_1_197' title='bbox 721 3258 829 3340; x_wconf 78' lang='grc' dir='ltr'><strong><em>οὕτως</em></strong></span> <span class='ocrx_word' id='word_1_198' title='bbox 843 3260 987 3329; x_wconf 80' lang='grc' dir='ltr'><strong><em>ἐδόκουν</em></strong></span> <span class='ocrx_word' id='word_1_199' title='bbox 1001 3261 1157 3342; x_wconf 84' lang='grc' dir='ltr'><strong><em>διεξιέναι</em></strong></span> <span class='ocrx_word' id='word_1_200' title='bbox 1170 3272 1240 3338; x_wconf 85' lang='grc' dir='ltr'><strong><em>τοῖς</em></strong></span> 
     </span>
     <span class='ocr_line' id='line_1_27' title="bbox 279 3354 1239 3448; baseline -0.005 -18"><span class='ocrx_word' id='word_1_201' title='bbox 279 3359 465 3430; x_wconf 85' lang='grc' dir='ltr'><strong><em>ἀκούουσιν</em></strong></span> <span class='ocrx_word' id='word_1_202' title='bbox 488 3358 571 3426; x_wconf 74' lang='grc' dir='ltr'><strong><em>ὥστε</em></strong></span> <span class='ocrx_word' id='word_1_203' title='bbox 591 3362 719 3445; x_wconf 79' lang='grc' dir='ltr'><strong><em>μηδένα</em></strong></span> <span class='ocrx_word' id='word_1_204' title='bbox 740 3356 922 3445; x_wconf 81' lang='grc' dir='ltr'><strong><em>τὸνλόγον</em></strong></span> <span class='ocrx_word' id='word_1_205' title='bbox 938 3356 1052 3427; x_wconf 79' lang='grc' dir='ltr'><strong><em>αὐτῶν</em></strong></span> <span class='ocrx_word' id='word_1_206' title='bbox 1072 3361 1156 3448; x_wconf 69' lang='grc' dir='ltr'><strong><em>μηδὲ</em></strong></span> <span class='ocrx_word' id='word_1_207' title='bbox 1176 3354 1239 3444; x_wconf 77' lang='grc' dir='ltr'><strong><em>τὴν</em></strong></span> 
     </span>
     <span class='ocr_line' id='line_1_28' title="bbox 279 3454 1239 3545; baseline -0.004 -18"><span class='ocrx_word' id='word_1_208' title='bbox 279 3462 370 3538; x_wconf 78' lang='grc' dir='ltr'><strong><em>λέξιν</em></strong></span> <span class='ocrx_word' id='word_1_209' title='bbox 380 3461 530 3526; x_wconf 80' lang='grc' dir='ltr'><strong><em>ἐπαινεῖν</em></strong></span> <span class='ocrx_word' id='word_1_210' title='bbox 541 3455 587 3536; x_wconf 85' lang='grc' dir='ltr'><strong><em>άις</em></strong></span> <span class='ocrx_word' id='word_1_211' title='bbox 596 3455 744 3545; x_wconf 77' lang='grc' dir='ltr'><strong><em>ἀκριβῶς</em></strong></span> <span class='ocrx_word' id='word_1_212' title='bbox 754 3459 809 3527; x_wconf 81' lang='grc' dir='ltr'><strong><em>καί</em></strong></span> <span class='ocrx_word' id='word_1_213' title='bbox 820 3464 980 3544; x_wconf 81' lang='grc' dir='ltr'><strong><em>καθαρῶς</em></strong></span> <span class='ocrx_word' id='word_1_214' title='bbox 989 3464 1142 3544; x_wconf 69' lang='grc' dir='ltr'><strong><em>ἔχουσαν,</em></strong></span> <span class='ocrx_word' id='word_1_215' title='bbox 1154 3454 1239 3542; x_wconf 86' lang='grc' dir='ltr'><strong><em>ὅπερ</em></strong></span> 
     </span>
     <span class='ocr_line' id='line_1_29' title="bbox 281 3555 1238 3646; baseline -0.003 -20"><span class='ocrx_word' id='word_1_216' title='bbox 281 3557 423 3626; x_wconf 84' lang='grc' dir='ltr'><strong><em>είάθασί</em></strong></span> <span class='ocrx_word' id='word_1_217' title='bbox 432 3584 519 3638; x_wconf 89' lang='grc' dir='ltr'><strong><em>τινες</em></strong></span> <span class='ocrx_word' id='word_1_218' title='bbox 530 3572 650 3643; x_wconf 88' lang='grc' dir='ltr'><strong><em>ποιεῖν,</em></strong></span> <span class='ocrx_word' id='word_1_219' title='bbox 662 3555 747 3628; x_wconf 87' lang='grc' dir='ltr'><strong><em>ἀλλά</em></strong></span> <span class='ocrx_word' id='word_1_220' title='bbox 759 3556 822 3645; x_wconf 82' lang='grc' dir='ltr'><strong><em>τὴν</em></strong></span> <span class='ocrx_word' id='word_1_221' title='bbox 833 3555 999 3646; x_wconf 82' lang='grc' dir='ltr'><strong><em>ἀλήθειαν</em></strong></span> <span class='ocrx_word' id='word_1_222' title='bbox 1009 3565 1078 3626; x_wconf 91' lang='grc' dir='ltr'><strong><em>τῶν</em></strong></span> <span class='ocrx_word' id='word_1_223' title='bbox 1087 3556 1238 3644; x_wconf 85' lang='grc' dir='ltr'><strong><em>πραγμά-</em></strong></span> 
     </span>
     <span class='ocr_line' id='line_1_30' title="bbox 280 3654 1268 3745; baseline -0.001 -21"><span class='ocrx_word' id='word_1_224' title='bbox 280 3683 349 3724; x_wconf 89' lang='grc' dir='ltr'><strong><em>των</em></strong></span> <span class='ocrx_word' id='word_1_225' title='bbox 363 3656 551 3739; x_wconf 71' lang='grc' dir='ltr'><strong><em>θαυμάζειν</em></strong></span> <span class='ocrx_word' id='word_1_226' title='bbox 568 3660 623 3726; x_wconf 81' lang='grc' dir='ltr'><strong><em>ιιαί</em></strong></span> <span class='ocrx_word' id='word_1_227' title='bbox 637 3665 784 3745; x_wconf 82' lang='grc' dir='ltr'><strong><em>νομίζειν</em></strong></span> <span class='ocrx_word' id='word_1_228' title='bbox 798 3656 953 3745; x_wconf 81' lang='grc' dir='ltr'><strong><em>οὐδαμῶς</em></strong></span> <span class='ocrx_word' id='word_1_229' title='bbox 968 3654 1012 3725; x_wconf 88' lang='grc' dir='ltr'><strong><em>ἀν</em></strong></span> <span class='ocrx_word' id='word_1_230' title='bbox 1028 3656 1136 3735; x_wconf 77' lang='grc' dir='ltr'><strong><em>ἄλλως</em></strong></span> <span class='ocrx_word' id='word_1_231' title='bbox 1149 3655 1268 3726; x_wconf 70' lang='grc' dir='ltr'><strong><em>παῦ-δ</em></strong></span> 
     </span>
    </p>
   </div>
   <div class='ocr_carea' id='block_1_4' title="bbox 0 0 1434 4334">
    <p class='ocr_par' dir='ltr' id='par_1_7' title="bbox 0 0 1434 4334">
     <span class='ocr_line' id='line_1_31' title="bbox 0 0 1434 4334; baseline 0 0"><span class='ocrx_word' id='word_1_232' title='bbox 0 0 1434 4334; x_wconf 95' lang='lat' dir='ltr'><strong><em> </em></strong></span> 
     </span>
    </p>
   </div>
  </div>
 </body>
</html>
