2859 4334
422 376 538 432 ΠΕΡΙ
563 377 905 437 ΑΝΤΙΔΟΣΕΩΣ.
1077 374 1133 439 171

184 533 239 598 καλ
267 532 406 615 μάλιστα
432 535 611 617 φυλάττετε
639 535 717 613 τοὺς
741 537 882 622 νόμους,
917 538 976 617 οὑς
1000 538 1080 623 ὑμῖν
1105 542 1139 605 oi

184 632 345 713 πρόγονοι
361 634 554 713 κατέλιπον,
571 630 655 699 άλλά
671 635 818 718 τούτοις,
834 631 948 722 οἷσπερ
963 635 983 724 ἡ
999 637 1101 717 φύσις
1114 634 1135 721 ἡ

183 739 252 797 τῶν
263 728 456 813 ἀνθρώπων
470 739 537 798 τῶν
550 730 660 799 ἄλλων
676 734 769 813 ξύων
783 738 837 801 καὶ
851 733 887 801 τό
905 738 1002 821 γένος
1018 733 1055 802 τό
1070 742 1139 801 τῶν

104 842 165 894 294
178 824 348 914 Ἑλλήνων
365 838 432 896 τών
449 832 646 916 βαρβάρων,
664 838 709 919 τῷ
721 834 775 898 καὶ
793 830 875 915 πρὸς
891 832 953 919 τὴν
970 834 1138 918 φρόνησιν

185 924 1136 1013 καὶπρόςτοὺςλόγουςάμεινονπεπαιδευσθαιτῶυἄλλων.

187 1026 270 1094 ὥστε
285 1028 419 1093 πάντων
434 1022 478 1092 άυ
491 1035 635 1114 συμβαίη
651 1029 859 1112 δεινότατον,
879 1036 909 1097 εί
922 1028 1000 1107 τοὺς
1014 1037 1138 1116 βουλο-

186 1127 307 1210 μένους
319 1138 386 1201 τοῖς
396 1121 508 1202 αὑτοῖς
523 1127 653 1203 τούτοις
667 1131 849 1210 διενεγκεῖν
860 1134 927 1192 τῶν
937 1125 1135 1212 ἡλικιωτῶν,

187 1220 302 1305 οἷσπερ
323 1221 415 1307 ὑμεῖς
435 1220 610 1307 ἁπάντων,
640 1228 899 1308 διαφθείρεσθαι
920 1232 1137 1310 ψηφίσαισθε,

187 1323 242 1388 καὶ
256 1319 334 1397 τοὺς
354 1328 393 1408 τῇ
409 1326 539 1409 παιδείᾳ
555 1322 658 1409 ταύτῃ
673 1324 880 1407 χρωμένους,
895 1315 935 1407 ἧς
950 1321 1043 1409 ὑμεῖς
1060 1320 1136 1408 ἡγε-

185 1420 286 1507 μόνες
298 1426 499 1505 γεγένησθε,
518 1425 676 1506 συμφορᾷ
691 1421 756 1485 τινὶ
770 1420 987 1505 περιβάλοιτε.

102 1539 165 1593 ‘295
268 1519 337 1596 (κέΙ
347 1520 444 1602 *κη’.)
466 1516 537 1603 Χρὴ
554 1516 617 1602 γάρ
632 1518 714 1603 μηδὲ
729 1524 827 1584 τούτο
840 1521 1025 1587 λανθάνειν
1042 1518 1138 1604 ὑμᾶς,

185 1618 238 1686 ὅτι
249 1619 385 1685 πάντων
396 1626 462 1684 τῶν
474 1614 820 1703 δυναμένωνλέγειυῆ
831 1622 1003 1686 παιδεύειν
1013 1617 1033 1706 ἡ
1044 1619 1139 1697 πόλις
1158 1642 1202 1694 127

184 1718 279 1804 ἡμῶν
292 1724 385 1785 δοκεῖ
395 1726 595 1804 γεγενῆσθαι
608 1719 816 1801 διδάσκαλος,
833 1719 981 1798 είκότως·
1004 1719 1136 1805 καὶγὰρ
1174 1765 1176 1772 -

185 1812 275 1883 άθλα
288 1820 424 1902 μέγιστα
435 1827 586 1885 τιθεῖσαν
601 1814 707 1901 αὑτὴν
722 1815 825 1897 ὁρῶσι
839 1831 908 1895 τοῖς
918 1815 979 1902 τὴν
990 1820 1138 1903 δύναμιν

184 1916 311 2000 ταύτην
337 1922 447 2001 ἔχουσι
474 1918 528 1982 καὶ
551 1917 718 2000 γυμνάσια
736 1924 872 1982 πλεῖστα
893 1917 946 1981 καὶ
971 1921 1137 1982 παντοδα-

187 2015 319 2081 πώτατα
342 2018 553 2099 παρέχουσαν
573 2028 640 2091 τοῖς
662 2010 882 2097 ἀγωνίζεσθαι
897 2014 1139 2099 προῃρημένοις

185 2114 330 2195 καὶπερὶ
353 2109 392 2177 τό
424 2115 560 2179 τοιαῦτα
587 2113 815 2196 γυμνάζεσθαι
833 2115 1066 2197 βουλομένοις,
1090 2117 1138 2178 ἔτι

107 2228 168 2287 296
186 2212 223 2279 δὲ
233 2209 294 2296 την
304 2212 486 2294 ἐμπειρίαν,
494 2208 578 2296 ἥπερ
586 2210 727 2294 μάλιστα
739 2225 828 2278 ποιεῖ
834 2212 1006 2278 δύνασθαι
1018 2214 1136 2295 λέγειν,

187 2311 327 2377 ἐνθένδε
348 2307 474 2385 πάντας
494 2306 742 2394 λαμβάνοντας·
771 2306 855 2392 πρός
875 2311 911 2375 δὲ
932 2311 1062 2387 τούτοις
1083 2310 1137 2376 καὶ

185 2405 248 2493 τὴν
262 2413 318 2493 τῆς
333 2412 447 2492 φωνῆς
461 2408 636 2492 κοινότητα
654 2410 707 2474 καὶ
723 2408 916 2493 μετριότητα
933 2412 986 2476 καὶ
1002 2406 1063 2494 τὴν
1078 2406 1137 2475 άλ-

186 2516 250 2592 λην
268 2502 555 2591 εὐτραπελίαν-καὶ
571 2513 768 2594 φιλολογίαν
784 2506 826 2575 οὑ
839 2506 962 2594 μικρὸν
978 2506 1139 2595 ἡγοῦνται
1195 2543 1197 2548 ,

186 2610 418 2693 συμβαλέσθαι
425 2610 524 2693 μέρος
534 2606 685 2693 πρόςτην
695 2610 880 2693 τώνλόγων
892 2613 1053 2675 παιδείαν.
1065 2603 1137 2673 ὥστ’

186 2704 249 2774 οὑκ
261 2703 382 2783 ἀδίκως
393 2703 690 2793 ὑπολαμβάνουσιν
702 2706 851 2786 ἅπαντας
865 2707 943 2785 τοὺς
955 2712 1064 2793 λέγειν
1079 2706 1138 2773 όν-

105 2826 166 2883 297
185 2832 244 2883 τας
259 2804 391 2884 δεινούς
401 2814 458 2892 τῆς
471 2808 598 2885 πόλεως
615 2806 697 2873 εἶναι
714 2808 875 2893 μαθητάς.
908 2802 1049 2874 σκοπεῖτ’
1065 2797 1139 2889 οὑν,

187 2902 233 2990 μη
263 2904 475 2970 παντάπασιν
500 2899 520 2993 ἦ
547 2908 791 2991 καταγέλαστον
815 2912 871 2991 τῆς
898 2907 993 2990 δόξης
1018 2906 1140 2990 ταύτης

188 3004 345 3085 φλαῦρόν
356 3029 386 3069 τι
399 3006 698 3090 καταγιγνώσκειν,
714 3002 758 3090 ἢν
768 3003 861 3090 ὑμεῖς
873 3011 959 3090 ἔχετε
970 3002 1060 3089 παρά
1072 3018 1140 3081 τοῖς

180 3100 315 3187 Ἕλλησι
329 3102 415 3169 πολύ
433 3111 561 3188 μᾶλλον
575 3102 646 3191 ἠγώ
660 3101 734 3186 παρ’
752 3102 847 3188 ὑμῖν·
871 3104 971 3171 οὐδέν
986 3103 1051 3190 γάρ
1069 3098 1137 3171 ἄλλ’

187 3197 210 3288 ἢ
226 3210 380 3287 φανερῶς
396 3200 492 3288 ὑμῶν
507 3202 619 3271 αὑτῶν
640 3209 758 3272 ἔσεσθε
776 3208 1058 3290 κατεψηφισμένοι
1077 3202 1140 3288 τὴν

107 3316 170 3371 ¹298
187 3299 347 3385 τοιαύτην
363 3296 566 3381 άδιιιίαν,καὶ
582 3301 796 3387 πεποιηκότες
810 3300 944 3387 ὅμοιον,
971 3300 1083 3383 ὥσπερ
1097 3296 1142 3366 άυ

188 3406 220 3467 εί
236 3400 494 3485 Λακεδαιμόνιοι
508 3400 586 3478 τοὺς
606 3400 646 3467 τά
662 3401 738 3485 περὶ
752 3398 813 3468 τόν
833 3400 981 3485 πόλεμον
994 3399 1141 3466 άσκοῦν-

187 3524 245 3575 τας
270 3502 408 3583 ζημιοῦν
437 3500 631 3585 ἐπιχειροῖεν
657 3495 679 3585 ἢ
704 3502 861 3567 Θετταλοὶ
887 3497 977 3581 παρὰ
998 3505 1066 3565 τῶν
1086 3502 1100 3565 ί
1123 3538 1135 3549 -

186 3599 305 3665 πεύειυ
316 3600 531 3681 μελετώντων
542 3606 638 3685 δίκην
648 3601 833 3686 λαμβάνειν
843 3598 975 3679 ἀξιοῖεν.
999 3598 1083 3679 ὑπὲρ
1094 3593 1134 3666 όι
