2859 4334
454 406 878 494 ΠΑΝΑΘΗΝΑΙΚΟΣ
1103 408 1141 469 1⁹

187 564 293 645 άλλως
309 592 344 635 τε
362 560 427 634 κάν
444 572 542 651 φανῶ
557 568 640 652 μηδὲ
660 573 724 631 νῦν
739 590 792 633 πω
807 574 1001 654 τηλικοῦτος
1016 565 1138 656 ῶν[πε-

143 678 174 730 σε
187 670 588 758 πανμένος]παραληρῶν.
619 662 703 735 ἀλλά
726 662 795 751 μὴν
814 663 890 733 οὐδ’
906 670 1013 735 έκεῖνο
1033 683 1142 738 ποιεῖν

188 762 297 843 οὐδεὶς
317 764 361 833 άν
381 790 439 850 μοι
463 765 766 849 συμβουλεύσειεν,
791 762 992 851 άμελήσαντι
1013 766 1143 835 τούτων
1159 789 1210 843 m

187 866 240 933 καὶ
251 862 374 949 μεταξύ
386 865 608 952 καταβαλόντι
619 871 792 948 περαίνειν
804 866 863 931 τόν
875 866 988 953 λόγον,
1005 866 1045 934 ὃν
1058 893 1143 955 προ-

186 964 533 1054 ηρημαι,βονλόμενος
550 966 707 1043 ἐπιδεῖξαι
724 960 786 1048 τὴν
800 965 900 1033 πόλιν
916 962 1013 1051 ἡμῶν
1028 966 1142 1035 πλειό-

187 1089 257 1131 νων
271 1060 413 1150 ἀγαθῶν
431 1068 539 1140 αἰτίαν
555 1067 782 1149 γεγενημένην
796 1078 866 1143 τοῖς
872 1062 1028 1151 Ἕλλησιν
1043 1062 1064 1152 ἦ
1081 1065 1144 1152 τὴν

191 1167 477 1248 Λακεδαιμονίων·
499 1168 528 1230 εί
540 1160 605 1248 γάρ
616 1160 707 1230 τοῦτ’
721 1161 785 1249 ἤδη
800 1169 943 1248 ποιοίην,
959 1164 1039 1251 μήτε
1050 1168 1142 1243 τέλος

188 1265 314 1340 ἐπιθεὶς
328 1276 395 1338 τοῖς
411 1266 652 1349 γεγραμμένοις
663 1263 745 1347 μήτε
756 1269 953 1347 συγκλείσας
963 1261 1025 1349 τὴν
1036 1261 1141 1350 ἀρχὴν

188 1372 254 1431 τῶν
268 1363 481 1449 ῥηθήσεσθαι
495 1362 688 1449 μελλόντων
702 1370 743 1450 τῇ
757 1369 893 1451 τελευτῇ
903 1370 971 1428 τῶν
981 1360 1045 1449 ἤδη
1057 1389 1141 1447 προ-

189 1466 381 1549 ειρημένων,
398 1461 511 1547 ὅμοιος
526 1458 570 1529 ῶν
586 1462 669 1530 εἶναι
682 1464 814 1547 δόξαιμι
827 1476 896 1540 τοῖς
908 1470 979 1551 είκη
989 1468 1043 1531 καί
1055 1492 1141 1549 φορ-

187 1570 284 1641 τικῶς
299 1564 354 1631 καί
367 1563 488 1649 χύδην,
505 1560 525 1629 ό
538 1591 570 1631 τι
584 1560 627 1629 ῶν
643 1564 784 1649 ἐπέλθῃ,
800 1568 972 1647 λέγουσιν·
995 1560 1169 1648 άφυλα-ι)

138 1676 173 1729 25
188 1662 284 1729 κτέον
298 1656 380 1747 ἡμίν
395 1663 492 1729 έστίν.
518 1661 696 1743 κράτιστον
710 1653 776 1727 οὖν
788 1662 820 1739 έξ
832 1658 992 1726 ἁπάντων
1001 1661 1141 1745 τούτων,

187 1762 261 1842 περὶ
277 1750 326 1825 ῶν
341 1757 377 1825 τό
395 1761 584 1828 τελευταῖόν
599 1787 640 1846 με
666 1762 845 1849 διέβαλλον
874 1758 1140 1847 ἀποφηνάμενον

188 1856 209 1925 δι’
224 1864 319 1927 δοκεῖ
336 1886 409 1944 μοι,
433 1857 502 1926 τότ’
517 1857 582 1946 ἤδη
602 1862 712 1945 λέγειν
754 1862 830 1942 περὶ
847 1851 894 1925 ῶν
909 1862 942 1938 έξ
957 1856 1059 1947 ἀρχῆς
1073 1864 1142 1928 διε·

186 1957 335 2043 νοήθην·
358 1955 448 2043 οἶμαι
463 1956 545 2044 γάρ,
563 1954 606 2044 ἦν
621 1962 781 2045 έξενέγκω
795 1960 927 2044 γράψας
943 1962 998 2027 καί
1013 1960 1142 2045 ποιήσω

187 2054 350 2141 φανεράν,
364 2050 409 2141 ἢν
423 2060 486 2141 ἔχω
497 2057 636 2143 γνῶμηυ
649 2066 727 2140 περί
735 2083 770 2124 τε
780 2064 837 2143 τῆς
848 2062 999 2137 παιδείας
1009 2062 1064 2127 καί
1075 2068 1142 2126 τῶν

186 2159 350 2240 ποιητῶν,
373 2152 517 2220 παύσειν
534 2152 658 2234 αὐτούς
675 2159 809 2235 ψευδεῖς
822 2157 1026 2235 πλάττοντας
1039 2163 1143 2237 αἰτίας

186 2256 241 2321 καὶ
256 2254 414 2339 λέγοντας
446 2251 466 2320 ό
480 2280 511 2321 τι
526 2250 570 2321 ῶν
584 2255 738 2339 τύχωσιν.

136 2366 172 2420 ²6
276 2360 342 2439 Τῆς
366 2354 428 2439 μὲν
452 2346 516 2420 οὖν
541 2360 690 2431 παιδείας
711 2361 768 2439 τῆς
785 2351 851 2420 ὑπό
874 2361 942 2420 τῶν
964 2356 1142 2440 προγόνων

186 2459 466 2538 καταλειφθείσης
481 2454 645 2521 τοσούτου
661 2457 724 2520 δέω
738 2468 975 2539 καταφρονεῖν,
991 2453 1074 2522 ῶστε
1089 2456 1143 2522 καί

188 2549 250 2637 την
265 2546 320 2635 ἐφ’
335 2548 431 2636 ἡμῶν
446 2561 712 2619 κατασταθεῖσαν
728 2554 864 2635 ἐπαινῶ,
882 2556 967 2637 λέγω
983 2555 1018 2619 δὲ
1034 2552 1094 2638 τήν
1108 2578 1143 2620 τε

187 2656 393 2737 γεωμετρίαν
410 2652 464 2717 καὶ
479 2648 541 2735 την
557 2647 781 2736 ἀστρολογίαν
796 2653 851 2718 καὶ
866 2648 945 2729 τοὺς
966 2653 1143 2735 διαλόγους

187 2746 267 2827 τούς
292 2748 475 2835 ἐριστικούς
499 2754 747 2836 καλουμένους,
774 2745 823 2828 οἷς
844 2753 879 2817 οί
898 2750 960 2834 μὲν
984 2749 1141 2832 νεῶτεροι

187 2856 318 2934 μᾶλλον
337 2857 489 2933 χαίρουσι
508 2856 569 2918 τοῦ
591 2852 741 2932 δέοντος,
768 2856 836 2915 τῶν
851 2850 887 2915 δὲ
905 2849 1143 2932 πρεσβυτέρων

187 2945 298 3026 οὐδεὶς
312 2953 413 3031 ἔστιν,
428 2946 519 3027 ὅστις
532 2943 577 3017 άν
588 2944 751 3025 άνεκτούς
761 2944 885 3024 αύτούς
896 2944 981 3013 εἶναι
993 2947 1139 3032 φήσειεν.

134 3066 170 3118 2⁷
186 3047 249 3131 (ι’.)
258 3042 343 3113 Ἀλλ’
354 3045 443 3131 ὅμως
455 3044 519 3132 έγῶ
527 3062 594 3126 τοῖς
605 3045 815 3133 ὡρμημένοις
825 3049 877 3113 έπὶ
883 3053 987 3113 ταῦτα
994 3071 1141 3130 παρακε-

186 3146 327 3232 λεύομαι
338 3161 453 3213 πονεῖν
467 3148 521 3215 καὶ
535 3149 709 3233 προσέχειν
720 3145 781 3213 τόν
792 3152 878 3212 νοῶν
888 3142 992 3211 άπασι
1003 3144 1170 3230 τούτοις,ρ

187 3248 313 3331 λόγων,
336 3241 381 3322 ῶς
401 3249 432 3313 εί
450 3246 504 3313 καὶ
526 3248 630 3332 μηδὲν
650 3244 731 3314 άλλο
754 3244 894 3312 δύναται
909 3241 949 3312 τά
963 3243 1144 3330 μαθήματα

186 3351 293 3411 ταῦτα
317 3360 425 3412 ποιεῖν
451 3342 601 3431 ἀγαθὸν,
628 3342 701 3413 ἀλλ’
719 3338 784 3411 ούν
806 3342 984 3430 ἀποτρέπει
1006 3366 1045 3426 γε
1064 3338 1143 3419 τούς

186 3446 373 3527 νεωτέρους
384 3451 518 3513 πολλῶν
530 3444 642 3513 άλλων
654 3442 908 3530 ἁμαρτημάτων.
928 3455 996 3519 τοῖς
1005 3442 1068 3526 μὲν
1080 3432 1142 3505 οὖν

184 3541 394 3628 τηλικούτοις
408 3539 563 3611 οὐδέποτ’
578 3540 622 3611 ῶν
637 3541 821 3631 εὑρεθῆναι
835 3547 957 3627 νομίζω
971 3541 1143 3628 διατριβάς

131 3653 171 3709 18
186 3640 442 3725 ῶφελιμωτέρας
458 3642 590 3709 τούτων
606 3640 685 3712 ούδὲ
701 3649 831 3729 μᾶλλον
845 3640 1052 3769 πρεπούσφς·
1074 3653 1142 3718 τοῖς

963 3738 981 3792 ²
