2859 4334
293 308 353 375 136
577 314 967 383 ιΣοΚΡΑΤονΣοει

291 475 404 553 ἀξίους
426 471 539 557 ὄντας,
562 499 630 539 τιιν
647 499 681 538 τε
705 472 980 557 πεπλησιακότων
1005 494 1058 542 σοι
1079 472 1160 553 τούς
1181 478 1249 558 μὲν

291 570 392 640 οὐδέν
406 568 604 659 ἠδικηκότας
617 567 692 638 οὐδ’
706 568 945 657 ἡμαρτηκότας,
962 572 1040 652 τούς
1051 574 1088 641 δὲ
1099 570 1145 641 δι’
1162 572 1247 652 όρε-
1262 598 1290 649 80

291 700 353 760 την
364 672 429 742 ὑπὸ
441 680 499 761 τῆς
513 673 640 750 πόλεως
652 676 956 757 ἐστεφανωμένους,
968 674 1008 740 τοί
1020 700 1056 741 τε
1067 672 1150 741 καθ’
1161 671 1240 760 ἡμέ

292 799 356 858 ραν
378 771 466 839 οὕτω
487 777 631 859 κοσμίως
651 773 705 838 καὶ
729 775 933 857 τεταγμένως
953 772 1138 859 βεβιωκότα
1158 795 1246 840 σαυ·

291 869 350 938 τόν
366 869 410 949 ὡς
424 870 486 939 οὐκ
501 870 564 939 οἷδ’
582 883 614 941 εί
625 899 673 951 τις
684 868 784 950 ἄλλος
800 878 866 936 τῶν
882 878 1037 956 πολιτῶν,
1053 878 1100 939 ἔτι
1113 872 1149 939 δέ
1160 873 1247 957 μήτε

293 974 532 1056 δεδικασμένον
548 974 664 1057 μηδενί
681 972 762 1056 μήτε
778 971 969 1055 πεφευγότα
986 969 1074 1057 πλὴν
1085 969 1241 1061 περὶῆᾶν-

291 1069 448 1146 τιδόσεως
464 1067 547 1155 μήθ’
565 1072 686 1151 ἑτέροις
700 1072 996 1154 συνηγωνισμένον
1010 1071 1090 1153 μήτε
1112 1096 1258 1161 μεμαρχ

291 1168 457 1252 τυρηκότα
472 1166 546 1254 μήτ’
564 1166 645 1235 ἄλλο
660 1169 862 1253 πεποιηκότα
873 1171 988 1254 μηδὲν,
1015 1172 1051 1237 έν
1067 1166 1117 1247 οἷς
1131 1169 1245 1235 ἅπαν-

230 1276 276 1329 1λὸ
291 1293 343 1344 τες
357 1267 609 1352 πολιτευόμενοι
625 1269 858 1352 τυγχάνουσιν.
882 1265 966 1350 πρὸς
980 1267 1015 1334 δέ
1031 1269 1162 1345 τούτοις
1178 1263 1239 1333 οὔ.

292 1390 354 1441 τως
372 1368 467 1441 ἰδίοις
483 1357 558 1430 οὖσι
574 1368 626 1431 καί
644 1380 809 1447 περιττοῖς
822 1362 961 1432 κόικεῖνο
982 1370 1097 1451 λέγεις,
1114 1363 1158 1443 ὡς
1172 1374 1231 1432 τῶι

292 1463 353 1549 μὲν
368 1461 479 1547 ἀρχῶν
495 1466 548 1529 καί
564 1470 631 1530 τῶν
647 1462 819 1549 ὠφελειῶν
830 1470 897 1530 τῶν
911 1467 1071 1530 ἐντεῦθεν
1083 1468 1238 1549 γιγνομέ-

293 1588 362 1627 νων
379 1565 433 1629 καὶ
449 1571 515 1628 τῶν
530 1561 641 1629 ἄλλων
658 1560 899 1629 ἁπάντωντῶν
914 1570 1039 1629 κοινῶν
1056 1565 1239 1647 ἐξέστηκας,

294 1667 338 1737 είς
354 1662 389 1728 δέ
405 1660 483 1739 τούς
498 1666 689 1740 διακοσίους
704 1665 757 1729 καὶ
780 1670 904 1747 χιλίους
925 1660 1003 1740 τούς
1025 1664 1241 1747 εἰσφέροντας

293 1762 344 1825 καί
373 1767 645 1846 λῃτουργοῦντας
666 1758 708 1826 οὐ
728 1761 834 1845 μόνον
854 1757 959 1827 αὑτὸν
983 1764 1135 1846 παρέχεις
1156 1760 1239 1828 ἀλλὰ

293 1855 421 1923 καὶτὸν
437 1855 525 1940 υἱὸν,
541 1860 594 1925 καί
612 1860 681 1938 τρίς
697 1858 759 1942 μὲν
773 1856 836 1943 ἤδη
854 1860 1161 1945 τετριηραρχήκατε,
1183 1857 1240 1935 τόις

292 1952 323 2020 δ’
333 1954 435 2033 όίλλας
449 1958 934 2045 λητουργίαςπολυτελέστερον
952 1960 1239 2045 λελητουργήκαιε

227 2058 273 2112 ¹46
290 2057 344 2121 καὶ
360 2054 499 2121 κόλλιον
514 2046 561 2120 ῶν
577 2059 609 2121 οί
624 2053 721 2139 νόμοι
733 2056 1004 2135 προστάττουσιν.
1028 2054 1121 2122 ταῦτ’
1136 2055 1235 2123 ἀκού-

293 2180 391 2231 οντας
412 2150 490 2230 τοὺς
505 2151 663 2220 τάναντία
678 2162 759 2219 πᾶσι
774 2167 843 2231 τοῖς
865 2157 1117 2239 προειρημένοις
1133 2159 1236 2221 ἔπιτε·

292 2251 492 2338 τηδευκότας
513 2248 574 2320 οὐκ
597 2261 658 2318 οίει
674 2255 803 2336 βαρέως
820 2261 925 2319 οίσειν
939 2254 992 2319 καὶ
1003 2266 1133 2337 νομιεῖν
1150 2256 1239 2337 ἐλέγ-

292 2445 356 2532 γόιρ
375 2452 405 2514 εί
423 2446 581 2533 μὲνμετὰ
602 2448 711 2514 πόνου
733 2450 787 2515 καὶ
810 2454 1031 2532 ταλαιπωρίας
1047 2444 1239 2535 ᾐσθόνοντό

292 2566 328 2612 σε
344 2547 561 2631 ποριζόμενον
583 2554 630 2621 είς
652 2571 687 2611 τε
707 2542 765 2622 τὰς
794 2552 995 2633 λητουργίας
1014 2548 1069 2611 καὶ
1089 2550 1163 2627 περὶ
1179 2544 1239 2630 την

293 2643 397 2726 όίλλην
415 2647 589 2727 διοίκησιν,
607 2640 670 2708 οὐκ
685 2638 728 2708 όν
744 2640 866 2726 ὁμοίως
887 2647 1003 2728 ἔμελεν
1025 2641 1154 2722 αὐτοῖς·
1176 2652 1239 2710 νῦν

294 2745 329 2808 δὲ
343 2742 384 2807 τό
411 2766 444 2806 τε
460 2739 548 2822 παρὰ
564 2748 632 2808 τῶν
650 2744 754 2821 ξένων
768 2762 820 2807 σοι
837 2743 1018 2827 γιγνόμενα
1036 2741 1123 2809 πολύ
1138 2752 1239 2811 πλείω

229 2846 274 2901 147
294 2845 487 2925 νομίζουσιν
503 2838 585 2905 εἶναι
600 2848 669 2906 τῶν
684 2843 887 2925 διδομένων,
910 2837 1015 2907 αὐτόν
1029 2868 1063 2907 τε
1078 2842 1113 2910 σέ
1129 2846 1238 2931 ῥᾳθυ-

294 2939 436 3025 μότερον
450 2935 611 3023 ἡγοῦνται
627 2945 684 3024 ζῆν
700 2937 742 3006 οὐ
759 2940 866 3025 μόνον
876 2946 943 3005 τῶν
957 2938 1068 3007 ἄλλων
1084 2939 1167 3008 όλλοὶ
1185 2943 1237 3007 καὶ
1248 2948 1273 3001 81

293 3046 360 3106 τῶν
376 3039 450 3120 περὶ
467 3036 528 3121 την
543 3046 747 3123 φιλοσοφίαν
761 3042 815 3105 καὶ
829 3039 891 3124 την
902 3036 1009 3125 αὐτήν
1020 3058 1072 3105 σοι
1088 3065 1238 3124 πραγμα-

293 3144 384 3204 τείαν
400 3134 517 3202 ὄντων.
545 3134 647 3218 ὁρῶσι
662 3136 727 3223 γὰρ
743 3141 880 3204 ἐκείνων
894 3139 956 3221 μὲν
972 3138 1052 3216 τοὺς
1066 3147 1237 3215 πλείστους

294 3233 382 3320 πλην
398 3241 466 3300 τῶν
480 3230 540 3299 τόν
554 3234 616 3301 σόν
631 3243 706 3321 βίον
729 3239 783 3302 καὶ
799 3234 860 3303 τόν
878 3237 1004 3319 τρόπον
1019 3234 1236 3322 ἠγαπηκότων

295 3343 331 3402 έν
346 3360 380 3399 τε
396 3347 466 3412 ταῖς
480 3333 687 3419 πανηγύρεσι
703 3336 839 3413 καὶτοῖς
860 3338 956 3413 ίδίοις
977 3336 1155 3420 συλλόγοις
1167 3338 1235 3401 έπι-

295 3438 409 3512 δείξεις
444 3430 684 3519 ποιουμένους,
720 3432 1016 3518 διαγωνιζομένους
1051 3430 1136 3518 πρός
1179 3430 1236 3499 ίιλ-
1336 3439 1338 3586 h

1336 3607 1337 3654 λ

1336 3717 1337 3750 λ

295 3533 426 3617 ληλους,
444 3530 524 3597 καθ’
540 3528 765 3615 ὑπερβολην“
749 3536 1049 3617 υπιοχνονμένους,
1064 3535 1132 3617 έρίζ
1131 3556 1235 3607 οντας,
