2859 4334
283 414 344 477 126
568 415 753 475 ΙΣΟΚΡΛ
763 415 819 474 ΤΟ
829 416 891 472 ΥΣ
905 415 952 482 (6)

254 598 348 649 ετων
370 579 407 644 έν
427 582 530 664 κοινῶ
545 580 757 652 καθεστῶτος
778 569 867 659 ἡμῖν.
902 580 933 642 εί
953 572 1101 662 μὲνγὰρ
1124 566 1165 660 ἦν
1183 577 1253 641 δε-

282 677 459 762 δειγμένου
474 671 559 741 ῶστε
569 669 649 751 τοὺς
657 671 720 758 μὲν
732 673 980 759 πρεσβυτέρους
992 675 1069 760 περὶ
1079 668 1252 740 ἁπάντων

282 775 405 841 είδέναι
424 767 462 838 τδ
485 775 675 858 βέλτιστον,
700 765 781 848 τοὺς
801 769 837 838 δὲ
858 773 1041 852 νεωτέρους
1062 771 1145 858 μηδὲ
1162 771 1251 854 περὶ

281 867 357 948 ένδς
377 867 490 956 ὀρθῶς
509 868 728 954 γιγνῶσκειν,
759 873 868 945 καλῶς
893 862 937 935 ἀν
958 866 1044 955 εἶχεν
1067 865 1250 954 ἀπείργειν

280 966 367 1056 ἡμᾶς
379 973 441 1035 τοῦ
454 965 716 1052 συμβουλεύειν·
739 961 851 1050 ἐπειδὴ
870 961 902 1031 δ’
918 963 960 1033 οὐ
973 972 1019 1055 τῷ
1036 965 1160 1052 πλήθει
1170 972 1248 1033 τῶν

281 1068 365 1134 έτῶν
378 1065 463 1149 πρὸς
478 1062 516 1133 τὸ
534 1077 676 1152 φρονεῖν
696 1053 736 1130 εὑ
756 1064 960 1150 διαφέρομεν
981 1061 1136 1151 ἀλλήλων
1153 1059 1246 1131 ἀλλὰ

279 1171 320 1252 τῇ
342 1164 444 1251 φύσει
465 1164 521 1231 καὶ
539 1176 609 1242 ταῖς
628 1164 844 1249 ἐπιμελείαις,
870 1167 941 1240 πῶς
956 1157 1019 1229 οὑκ
1039 1159 1249 1248 ἀμφοτέρων
1273 1185 1328 1240 ης

280 1259 342 1348 χρὴ
354 1268 423 1329 τῶν
438 1257 578 1348 ἡλικιῶν
596 1273 717 1347 πεῖραν
736 1259 939 1348 λαμβάνειν,
964 1258 1011 1327 ἵν’
1031 1263 1065 1340 έξ
1079 1257 1247 1330 ὑπόντων

249 1377 252 1381 ’
280 1359 362 1447 ὑμῖν
381 1362 438 1449 ἐξῇ
463 1366 532 1428 τῶν
551 1361 729 1446 βηθέντων
752 1362 887 1428 ἑλέσθαι
909 1357 948 1428 τὰ
975 1360 1243 1448 συμφορῶτατιις

250 1460 444 1548 εθανμάζω
465 1455 497 1526 δ’
517 1456 590 1526 ὅσοι
610 1457 758 1545 τριήρων
777 1457 839 1544 μὲν
853 1456 1010 1545 ἡγεῖσθαι
1030 1463 1085 1528 καλ
1099 1479 1243 1546 στρατο·

279 1560 392 1627 πέδων
407 1555 523 1644 ἀρχειν
536 1553 690 1637 ἀξιοῦσιν
699 1553 803 1643 ἡμᾶς,
819 1554 904 1644 ὑπὲρ
917 1548 966 1624 ῶν
976 1554 1022 1644 μὴ
1036 1564 1145 1637 καλῶς
1154 1565 1242 1644 βου-

280 1659 480 1745 λουσάμενοι
497 1664 635 1735 πολλαῖς
653 1650 697 1723 ἀν
713 1671 903 1743 συμφοραῖς
923 1659 979 1725 καλ
997 1655 1160 1743 μεγάλαις
1176 1652 1241 1742 τὴν

279 1757 381 1826 πόλιν
400 1757 676 1843 περιβάλλωμεν,
697 1760 803 1823 είπεῖν
821 1753 852 1822 δ’
875 1753 1147 1842 ἀγιγνῶσκομεν
1162 1756 1242 1841 περὶ

280 1849 329 1926 ῶν
348 1854 445 1943 ὑμεῖς
465 1857 600 1943 μέλλετε
615 1863 744 1940 κρίνειν
759 1851 823 1922 οὑκ
842 1865 970 1924 οῖονται
985 1861 1056 1924 δεῖν
1071 1853 1174 1943 ἡμᾶς,
1201 1858 1241 1922 ἐν

279 1953 329 2033 οἷς
348 1952 628 2045 κατορθώσαντες
643 1949 707 2041 μὲν
729 1952 879 2034 ἅπαντας
898 1952 987 2041 ὑμᾶς
1007 1953 1269 2042 ῶφελήσομεν,ο

279 2053 518 2140 διαμαρτόντες
535 2056 572 2122 δὲ
586 2061 644 2140 τῆς
657 2051 819 2140 ὑμετέρας
833 2053 969 2140 γνῶμης
978 2050 1074 2121 αὑτοὶ
1085 2055 1147 2139 μὲν
1158 2062 1241 2131 λ’σως

279 2150 483 2239 φαυλότεροι
497 2151 640 2238 δόξομεν
654 2151 755 2240 εἶναι,
771 2151 808 2222 τό
824 2153 861 2222 δὲ
875 2151 994 2222 κοινὸν
1007 2151 1109 2222 οὐδὲν
1122 2147 1167 2220 ἀν
1183 2158 1240 2238 ζη-

278 2253 471 2339 μιῶσαιμεν.

249 2370 266 2424 6
367 2349 420 2420 Οὐ
432 2349 501 2440 μὴν
516 2349 562 2432 ῶς
575 2355 755 2439 ἐπιθυμῶν
766 2359 827 2419 τοῦ
839 2355 966 2438 λέγειν,
981 2347 1057 2419 οὐδ’
1071 2347 1115 2430 ῶς
1130 2347 1240 2430 ἄλλως

277 2476 348 2530 πως
361 2454 675 2538 παρεσκευασμένος
689 2456 748 2536 ζῆν
763 2445 785 2535 ἦ
799 2445 861 2516 τὸν
871 2446 1086 2536 παρελθόντα
1100 2448 1237 2536 χρόνον,

277 2549 385 2628 οὑτως
407 2558 524 2636 εἴρηκα
544 2549 622 2634 περὶ
640 2547 789 2633 τούτων,
815 2543 899 2616 ἀλλά
919 2548 1127 2634 βουλόμενος
1150 2543 1238 2634 ὑμᾶς

276 2651 461 2736 προτρέψαι
474 2652 641 2735 μηδεμίαν
652 2645 912 2732 ἀποδοκιμάζειν
922 2654 991 2714 τῶν
1003 2645 1145 2734 ἡλικιιιν
1158 2643 1233 2716 ἀλλ’

276 2752 314 2817 έν
328 2746 473 2827 ἁπάσαις
487 2753 611 2834 ζητεῖν,
624 2757 659 2816 εῖ
667 2753 717 2826 τίς
731 2773 763 2815 τι
781 2744 922 2814 δύναται
936 2748 1012 2830 περὶ
1024 2753 1093 2814 τῶν
1107 2745 1236 2833 παρόν·
1250 2784 1266 2819 c

248 2867 344 2922 ιτων
364 2845 572 2933 πραγμάτων
592 2853 699 2917 είπεῖν
718 2844 862 2932 ἀγαθόν.
896 2844 968 2933 (γ’.)
984 2843 1044 2925 Ὡς
1064 2848 1098 2927 έξ
1115 2837 1157 2913 οὗ
1172 2843 1236 2931 τὴν

276 2945 376 3013 πόλιν
397 2950 573 3032 οἰκοῦμεν,
595 2942 706 3024 οὐδεὶς
721 2944 799 3013 οὔτε
813 2948 972 3023 κίνδυνος
992 2942 1069 3012 οὔτε
1092 2943 1236 3030 πόλεμος

277 3047 353 3129 περὶ
372 3044 545 3111 τοσούτων
566 3040 604 3110 τὸ
625 3046 769 3130 μέγεθος
783 3041 864 3130 ἡμῖν
883 3048 1019 3131 γέγονε,
1047 3045 1123 3130 περὶ
1144 3040 1236 3110 ὅσων

276 3145 355 3212 νυνὶ
375 3141 642 3231 βουλευσόμενοι
662 3143 953 3231 συνεληλύθαμεν.
984 3142 1150 3231 πρότερον
1173 3144 1236 3229 μὲν

274 3240 340 3330 γᾶρ
355 3239 442 3327 ὑπὲρ
456 3248 518 3311 τοῦ
529 3269 598 3311 τον
610 3240 724 3311 ἄλλων
735 3241 850 3331 ἀρχειν
859 3241 1109 3331 ἠγωνιζόμεθα,
1124 3247 1191 3310 νῦν
1201 3239 1231 3308 δ’

275 3340 362 3428 ὑπὲρ
377 3351 438 3411 τοῦ
452 3340 497 3430 μὴ
512 3356 623 3411 ποιεῖν
637 3340 734 3411 αὑτοὶ
747 3341 784 3412 τὺ
805 3343 1110 3429 προσταττόμενον
1139 3339 1159 3409 ὑ
1173 3360 1234 3427 ση-

274 3456 370 3527 μεῖον
384 3445 580 3530 ἐλευθερίας
594 3445 700 3529 έστδν,
721 3439 806 3529 ὑπὲρ
827 3435 867 3529 ἧς
881 3439 983 3510 οὐδὲν
997 3439 1016 3507 ὅ
1030 3467 1062 3509 τι
1081 3448 1149 3508 τῶν
1164 3445 1234 3508 δει-

274 3550 346 3610 νῶν
361 3540 422 3630 οάχ
443 3541 686 3630 ὑπομενετέον,
706 3539 748 3610 οὑ
769 3543 876 3630 μόνον
895 3538 977 3629 ἡμῖν
994 3536 1078 3609 ἀλλά
1093 3542 1149 3608 καί
1164 3553 1263 3618 τοῖςᾱ

272 3640 386 3718 ἀλλοις
405 3656 473 3720 τοῖς
492 3640 537 3726 μὴ
553 3648 631 3711 λίαν
647 3639 825 3726 ἀνάνδρως
845 3641 1067 3724 διακειμένοις
1080 3635 1229 3706 ἀλλὰκαὶ
