2859 4334
281 389 343 453 15⁰
565 394 750 455 ΙΣΟΚΡΑ
760 396 817 455 ΤΟ
827 398 889 455 1⁹2
905 401 950 468 (0)

278 560 349 621 λων
373 551 514 641 ἄμεινον
538 554 759 641 τεθράμμεθα
785 556 840 622 καί
870 557 1123 645 πεπαιδεύμεθα
1154 563 1245 643 πρὸς

278 676 411 740 αρετην.

214 762 263 819 100
362 751 457 839 (μγ’.)
471 750 562 819 ’Ἐστι
573 748 605 818 δ’
619 747 721 819 οῦδὲν
731 748 933 821 ἀνέλπιστον
943 756 981 823 έιι
990 763 1059 824 τῦν
1072 765 1140 826 νῦν
1150 783 1243 843 παρ-

280 850 389 919 όντων
401 857 573 938 συμβῆναί
582 878 614 918 τι
625 857 694 918 τῶν
705 850 854 919 δεόντων
866 848 955 940 ἡμῖν.
974 853 1065 942 οίμαι
1075 854 1141 945 γάρ
1152 853 1281 944 ῦμᾶςο

278 946 343 1017 οῦκ
359 945 512 1034 άγνοελν,
533 946 585 1017 ὅτι
599 952 719 1018 πολλαί
737 949 873 1036 πράξεις
886 948 951 1040 ἤδη
970 962 1123 1024 τοιαῦται
1138 954 1244 1043 γεγό-

279 1068 398 1134 νασιν,
414 1044 455 1127 ῦς
469 1049 507 1116 έν
524 1045 607 1137 άργῇ
621 1050 684 1135 μὲν
698 1046 843 1129 ἅπαντες
859 1047 1031 1140 ὑπέλαβον
1047 1051 1133 1122 είναι
1150 1074 1241 1140 συμ-

279 1144 405 1235 φοράς,
419 1149 476 1217 καί
485 1161 555 1227 τοῖς
564 1155 715 1217 παθοῦσι
727 1152 1027 1238 σννηγθέσθησαν,
1044 1150 1240 1237 ὕστερονδὲ

278 1243 338 1326 τάς
352 1243 456 1326 αῦτάς
472 1247 595 1327 ταύτας
615 1253 768 1334 ἔγνωσαν
784 1254 949 1334 μεγίστων
968 1247 1111 1336 ἀγαθάν
1131 1255 1240 1327 αίτίας

213 1362 262 1419 101
277 1348 510 1433 γεγενημένας.
538 1349 594 1414 ιιαί
614 1353 649 1415 τί
661 1351 714 1416 δελ
733 1344 774 1414 τά
789 1348 906 1432 πόρρω
926 1350 1054 1435 λέγειν;
1079 1345 1164 1419 άλλῦ
1180 1351 1239 1417 ιιαί

278 1452 345 1513 νῦν
354 1441 414 1523 τάς
425 1444 537 1523 πόλεις
547 1444 607 1524 τάς
616 1470 655 1530 γε
664 1445 911 1533 πρωτευούσας,
921 1448 1007 1533 λέγω
1017 1445 1124 1536 δὲτὴν
1134 1444 1239 1533 Ἀθη-

279 1554 385 1613 ναίων
398 1544 454 1613 καί
469 1550 643 1632 Θηβαίων,
665 1542 824 1631 εὕροιμεν
837 1540 882 1612 άν
896 1542 960 1614 οῦιι
977 1548 1014 1614 έιι
1028 1552 1087 1634 τῆς
1104 1546 1268 1634 είρήνηςα

278 1641 429 1730 μεγάλην
439 1644 589 1725 ἐπίδοσιν
599 1642 785 1731 λαβούσας,
803 1639 878 1712 ἄλλ’
891 1646 924 1724 ἐξ
936 1635 985 1711 ῦν
999 1646 1037 1712 έν
1046 1652 1092 1735 τῷ
1103 1647 1238 1733 πολέμφ

278 1740 594 1829 προδνστνχήσασαι
608 1742 712 1811 πάλιν
727 1740 832 1822 αὑτάς
847 1741 1031 1832 άνέλαβον,
1053 1748 1090 1815 έιι
1104 1746 1142 1814 δέ
1156 1744 1239 1813 τού-

195 1885 197 1889 ι
278 1868 347 1910 των
361 1838 425 1929 τὴν
438 1843 501 1927 μὲν
510 1838 660 1928 ἡγεμόνα
673 1848 742 1910 τῶν
750 1839 922 1931 Ἑλλήνων
932 1852 1160 1931 καταστᾶσαν,
1174 1840 1238 1931 τὴν

279 1937 311 2008 δ’
328 1942 365 2008 έν
382 1945 429 2027 τῷ
444 1939 588 2026 παρόντι
601 1940 804 2029 τηλικαύτην
817 1944 1061 2030 γεγενημένην,
1078 1940 1164 2031 ὅσην
1174 1939 1236 2011 οῦ-

279 2039 346 2117 δείς
355 2035 484 2105 πώποτ’
493 2044 631 2108 ἔσεσθαι
641 2041 906 2128 προσεδόκησεν·
921 2044 958 2109 αἱ
965 2038 1031 2128 γὰρ
1043 2041 1236 2129 ἐπιφάνειαι

277 2138 334 2206 καί
343 2137 570 2224 λαμπρότητες
580 2136 643 2206 οῦκ
657 2140 694 2207 έιι
708 2148 766 2225 τῆς
779 2135 919 2226 ἡσυχίας
928 2135 1002 2208 ἄλλ’
1016 2140 1054 2208 ἑιι
1066 2147 1135 2209 τῦν
1145 2136 1238 2227 άγά-

215 2250 261 2303 101
277 2261 349 2302 νων
362 2241 540 2322 γίγνεσθαι
555 2243 724 2323 φιλοῦσιν.
747 2229 797 2305 ῦν
810 2237 897 2323 ἡμᾶς
914 2233 1094 2325 ὀρέγεσθαι
1108 2238 1238 2325 προσή-

278 2360 341 2421 ιιει,
357 2332 439 2421 μήτε
453 2342 521 2403 τῶν
535 2336 700 2422 σωμάτων
710 2336 793 2425 μήτε
803 2345 861 2423 τῆς
870 2344 979 2425 ψυχῆς
993 2338 1075 2426 μήτε
1091 2345 1160 2406 τῦν
1173 2335 1267 2406 ‹iz-d

277 2444 348 2505 λων
364 2426 413 2503 άν
429 2440 546 2522 ἔχομεν
561 2434 705 2524 μηδενὸς
720 2440 949 2523 φειδομένους.
975 2434 1020 2525 ἢν
1032 2435 1098 2525 γάρ
1113 2461 1237 2520 ιιατορ-

276 2534 445 2621 θάσωμεν
461 2538 516 2602 καὶ
536 2532 598 2620 τὴν
612 2534 713 2603 πόλιν
728 2541 774 2615 είς
788 2532 892 2603 ταῦτά
906 2542 1108 2623 καταστῆσαι
1127 2538 1237 2619 δυνη-

276 2640 404 2720 θῶμεν,
415 2634 448 2714 έξ
459 2623 571 2718 ῦνπερ
582 2635 781 2720 έκπέτιτωιιε,
790 2636 846 2702 ιιαί
855 2641 924 2702 τάν
934 2635 1236 2721 προγεγενημένων

277 2739 406 2819 μᾶλλον
431 2733 766 2820 θανμασθησόμεθα,
797 2734 852 2802 καί
876 2747 945 2812 τοῖς
969 2731 1236 2819 ἐπιγιγνομένοις

276 2828 438 2917 ούδεμίαν
446 2828 1139 2919 ῦπερβολήνάνδραγαθίαςκαταλείψομεν,
1148 2825 1235 2899 άλλᾶ

276 2930 331 2995 καί
346 2925 425 3007 τοῦς
439 2932 668 3017 βουλομένους
680 2926 833 3017 εῦλογελν
843 2926 930 3017 ἡμᾶς
941 2926 1081 3016 άπορείν
1094 2927 1236 3016 ποιήσο-

209 3049 259 3104 106
274 3053 354 3115 μεν,
375 3025 396 3095 ὅ
408 3053 441 3095 τι
457 3034 526 3095 τῶν
541 3033 786 3116 πεπραγμένων
801 3026 882 3118 ἡμῖν
901 3028 997 3111 ἄξιον
1012 3031 1158 3116 ἐροῦσιν.
1183 3030 1260 3095 oste

275 3127 312 3195 δέ
328 3126 412 3213 μηδὲ
426 3132 525 3193 τοῦτο
547 3128 735 3197 λανθάνειν
754 3126 858 3216 ῦμῦς,
880 3127 932 3196 ὅτι
946 3127 1069 3207 πάντες
1088 3134 1135 3219 τῷ
1150 3133 1233 3194 σνλ-

273 3224 363 3315 λόγῳ
373 3224 481 3317 τούτῳ
492 3227 548 3295 καί
559 3240 627 3306 τοῖς
636 3228 933 3313 γνιισθησομένοις
943 3223 1006 3312 ὑφ’
1019 3222 1116 3312 ῦμιῦν
1127 3243 1233 3311 προσ-

274 3325 386 3409 έχουσι
407 3321 466 3392 τὸν
487 3332 582 3393 νοῦν.
618 3325 730 3408 ὥσπερ
752 3317 817 3393 οῦν
838 3327 875 3393 έν
895 3331 998 3416 κοινῷ
1012 3325 1147 3416 θεάτρφ
1163 3330 1232 3392 τῦν

268 3418 435 3509 Ἐλλήνων
447 3420 562 3501 διδούς
574 3428 709 3511 ἔλεγχον
721 3428 858 3504 ἕκαστος
871 3421 968 3512 ῦμῦν
978 3432 1036 3513 τῆς
1045 3422 1152 3493 αῦτοῦ
1162 3424 1231 3512 φύ-

273 3542 373 3607 σεως,
387 3521 477 3591 οὕτω
491 3528 674 3592 διανείσθω
688 3521 750 3611 τὴν
760 3525 908 3611 γνάμην.

206 3634 255 3689 107
361 3620 456 3707 (μδ.)
476 3618 567 3690 ’Ἐστι
590 3619 621 3688 δ’
644 3618 777 3692 διπλοῦν
795 3622 834 3692 τῦ
856 3629 965 3703 καλῶς
977 3623 1231 3711 βουλεύσασθαι
1251 3638 1303 3695 188
