2859 4334
484 403 776 460 ΕΠΙΣΤΟΛΑΙ.
1050 401 1114 463 259

164 564 307 650 ρημένος
321 561 383 631 τὸυ
398 562 501 630 ἀλλον
520 561 644 647 χρόνον
664 559 807 648 ἡσυχίαν
821 560 916 648 ἀγειυ
934 569 985 632 ἐπὶ
1003 567 1114 650 γη’ρως

164 661 349 750 ἀποδημεῖν
363 664 575 747 ἐπιχειροίην,
592 658 642 727 ὅτ’
654 659 747 738 -είκὸς
760 654 815 747 ἦν,
832 668 862 730 εἰ
877 666 930 730 καί
946 663 1112 748 πρότεροι)

165 762 287 830 ἄλλοθί
299 787 367 828 που
387 764 569 848 διέτριβον,
592 766 659 826 νῦν
676 765 790 828 οἶκαδε
805 761 979 848 σπεύδειν,
1007 760 1113 839 οὕτως

136 857 334 948 εύπογυίου
352 886 408 945 μοι
430 867 488 944 της
507 865 662 944 τελευτῆς
685 858 795 946 οὔσης.
825 858 909 948 πρδς
930 862 965 930 δὲ
982 861 1113 940 τούτοις

162 967 334 1046 φοβοῦμαι
358 963 412 1027 καί
432 958 493 1044 τὴν
516 960 633 1026 πόλιν·
663 957 725 1045 χρὴ
751 957 815 1046 γάρ
842 957 971 1047 τάληθῆ
992 961 1110 1045 λέγειν.

162 1059 233 1144 ὁρῶ
246 1058 311 1146 γάρ
332 1057 390 1136 τάς
410 1065 595 1144 συμμαχίας
614 1055 673 1136 τάς
686 1056 771 1144 πρὸς
792 1055 898 1144 αύτην
913 1062 1113 1146 γιγνομένας

160 1161 284 1244 ταχέως
300 1161 527 1242 διαλυομένας.
552 1163 581 1224 εί
595 1157 636 1243 δή
650 1183 682 1224 τι
697 1164 843 1243 συμβαίη
860 1160 914 1226 καὶ
928 1157 1012 1242 πρὸς
1026 1155 1113 1242 ὑμᾶς

161 1264 334 1335 τοιοῦτον,
358 1261 388 1324 εί
406 1260 461 1323 καὶ
484 1253 543 1334 τάς
559 1262 664 1334 αίτίας
680 1258 735 1323 καὶ
749 1253 829 1335 τούς
843 1257 1026 1334 κινδύνους
1040 1259 1140 1322 δια-ο

162 1370 286 1442 φυγεῖν
311 1360 513 1440 δυνηθείην,
537 1351 557 1420 ὃ
581 1354 728 1440 χαλεπόν
753 1357 859 1439 ἐστιν,
884 1353 957 1423 ἀλλ’
981 1350 1045 1423 σύν
1060 1363 1113 1424 αί-

162 1463 348 1542 σχυνθείην
362 1450 416 1538 ἀν,
433 1464 498 1523 εῖτε
513 1452 569 1520 διά
582 1450 644 1539 τὴν
658 1454 759 1522 πόλιν
774 1453 906 1541 δόξαιμί
916 1476 1001 1524 τισιν
1014 1452 1113 1542 ύμῶν

160 1551 317 1638 ἀμελεῖν,
388 1552 520 1624 είτεδί
538 1552 626 1640 ὑμᾶς
639 1562 697 1641 τῆς
716 1556 845 1632 πόλεως
861 1553 1044 1642 ὀλιγωρεῖν.
1068 1553 1113 1642 μη

163 1661 281 1722 κοινοῦ
301 1655 337 1720 δὲ
359 1660 421 1720 τοῦ
435 1656 665 1739 συμφέροντος
681 1654 777 1733 ὄντος
797 1652 860 1722 ούκ
881 1653 944 1723 οἶδ’
962 1653 1053 1734 ὅπως
1070 1651 1114 1721 ἀν

163 1754 367 1840 ἀμφοτέροις
383 1751 536 1839 ἀρέσκειν
557 1758 752 1841 δυνηθείην.
777 1759 813 1823 αί
833 1754 895 1840 μέν
916 1747 980 1822 ούν
1002 1761 1113 1839 αίτίαι,

163 1851 210 1922 δι’
228 1851 268 1932 ἀς
289 1851 351 1920 οῦκ
372 1858 477 1934 ἔξεστί
500 1881 557 1939 μοι
578 1866 688 1922 ποιεῖν
723 1853 744 1921 ἀ
764 1855 944 1942 βούλομαι,
959 1856 1110 1922 τοιαῦται

164 1953 423 2040 συμβεβήκασιν.

132 2079 150 2126 ἐ
246 2052 315 2140 (β’.)
339 2049 391 2120 Ού
402 2051 469 2138 μὴν
483 2057 636 2135 περὶτῶν
649 2055 795 2139 ἐμαυτοῦ
809 2051 916 2138 μόνον
931 2055 1114 2132 ἐπιστείλας

163 2151 254 2238 οἶμαι
278 2156 350 2218 δεῖν
371 2150 534 2237 ἀμελῆσαι
555 2159 624 2218 τῶν
647 2150 834 2237 ὑμετέρων,
861 2149 934 2219 ἀλλ’
963 2151 1048 2238 ἅπερ
1071 2148 1115 2218 ἀν

163 2251 434 2337 παραγενόμενος
458 2251 543 2338 πρὸς
573 2249 659 2336 ὑμᾶς
688 2255 880 2338 διελέχθην,
912 2253 1139 2338 πειράσομαιδ

163 2353 219 2416 καί
246 2356 311 2415 νῦν
326 2353 401 2435 περὶ
426 2358 495 2417 τῶν
519 2347 632 2417 αύτων
652 2351 783 2417 τούτων
798 2348 888 2427 ὅπως
902 2345 946 2416 ἀν
962 2350 1113 2436 δύνωμαι

164 2453 356 2527 διεξελθεῖν.
387 2449 492 2534 μηδὲν
514 2447 546 2516 δ’
571 2447 762 2536 ὑπολάβητε
792 2457 962 2532 τοιοῦτον,
992 2449 1036 2528 ὡς
1056 2446 1112 2535 ἀρ’

163 2546 229 2635 ἐγω
249 2547 376 2634 ταύτην
400 2553 528 2634 ἔγραψα
556 2549 620 2635 την
644 2548 823 2635 ἐπιστολὴν
846 2548 906 2636 ούχ
932 2554 1030 2618 ἕνεκα
1056 2557 1113 2636 τῆς

161 2647 323 2734 ὑμετέρας
337 2653 445 2728 ξενίας
464 2646 538 2717 ἀλλ’
562 2651 719 2728 ἐπίδειξιν
730 2650 934 2735 ποιήσασθαι
948 2647 1113 2736 βουλόμε-

160 2772 231 2825 νος.
254 2744 296 2813 ού
312 2745 378 2832 γάρ
394 2752 439 2824 είς
453 2746 551 2815 τοῦθ’
567 2746 639 2834 ἥκω
653 2755 772 2834 μανίας
788 2746 866 2814 ὥστ’
885 2745 1037 2836 ἀγνοεῖν,
1063 2746 1114 2815 ὅτι

160 2853 299 2932 κρείττω
312 2849 374 2933 μέν
388 2849 515 2934 γράψαι
529 2857 598 2916 τῶν
612 2850 777 2936 πρότερον
795 2851 1040 2935 διαδεδομέυων
1052 2845 1115 2916 ούκ

162 2945 208 3015 ἀν
224 2952 402 3033 δυναίμην,
420 2955 582 3016 τοσοῦτον
596 2955 655 3035 τῆς
669 2946 777 3034 ἀκμῆς
787 2947 948 3034 ὑστερῶν,
966 2954 1065 3035 χείρω
1080 2945 1111 3014 δ’

160 3046 345 3133 έξενεγκύν
367 3045 455 3115 πολύ
481 3049 694 3134 φαυλοτέραν
720 3044 764 3114 ἀν
784 3047 919 3135 λάβοιμι
945 3048 1045 3128 δόξαν
1058 3053 1142 3132 τῆςε

130 3151 229 3215 σνῦν
243 3143 568 3233 ἡμῖνύπαρχούσης.
598 3145 699 3214 ἔπειτ’
724 3156 815 3230 εῖπερ
837 3149 988 3226 ἐπιδείξει
1008 3165 1115 3232 προσ-

161 3260 254 3330 εῖχον
275 3242 335 3313 τὸν
351 3253 437 3313 νοῦν
456 3244 540 3314 ἀλλά
562 3244 606 3331 μὴ
621 3244 706 3332 πρὸς
719 3244 807 3332 ὑμᾶς
821 3246 1036 3330 ἐσπούδαζον,
1052 3242 1114 3311 ούκ

160 3341 209 3411 ἀν
232 3345 359 3431 ταύτην
386 3346 418 3424 ἐξ
446 3342 586 3412 ἀπασῶν
614 3347 818 3432 προειλόμην
850 3343 911 3432 την
936 3343 1112 3428 ὑπόθεσιν,

160 3446 247 3528 περὶΙ
263 3435 302 3528 ἧς
327 3445 472 3528 χαλεπόν
497 3447 585 3511 ἐστιν
607 3448 758 3522 ἐπιεικοῦς
783 3449 899 3526 εἰπεῖν,
916 3439 1012 3510 Γἀλλά
1027 3438 1114 3508 πολύ

161 3549 320 3622 καλλίους
334 3547 445 3627 ἑτέρας
460 3540 504 3610 ἀν
519 3537 621 3625 εὖρον
637 3549 831 3628 καὶμᾶλλον
845 3543 947 3628 λόγον
965 3541 1111 3627 ἐχούσας.

159 3642 248 3713 ἀλλά
263 3642 327 3729 γάρ
344 3644 420 3711 οὔτε
437 3646 602 3730 πρότερον
623 3642 701 3710 ούδὲ
721 3641 848 3710 πώποτ’
870 3642 1115 3790 ἐφιλᾶογιμήθην
1130 3654 1183 3706 419

919 3744 930 3792 Ι
