2859 4334
297 399 339 462 ει
583 398 964 475 nonarum)

298 584 357 651 σης
373 559 429 631 διὰ
445 558 506 628 τδν
516 558 666 644 πόλεμον
680 555 741 624 τὸν
755 562 995 644 γεγενημένον,
1010 556 1066 625 καὶ
1079 563 1258 640 πανταχοῦ

297 659 501 747 συλωμένων
515 653 627 744 ἡμῶν,
648 653 688 723 τά
709 664 845 724 πλείστα
859 655 990 723 τούτων
1007 656 1160 738 διέλυσα,
1182 668 1257 732 τοις

296 761 358 847 μέν
369 755 492 828 ἅπαντ’
507 752 692 837 ἀποτίνων,
710 767 779 832 τοῖς
793 754 829 821 δέ
840 757 941 841 μέρη,
957 761 1024 822 τῶν
1038 751 1071 821 δ’
1084 751 1257 841 ἀναβαλέ-

295 867 378 926 σθαι
389 855 563 941 δεόμενος,
574 849 659 938 πρὸς
671 852 707 919 δὲ
716 849 796 930 τούς
806 850 896 931 ὅπως
906 850 1085 940 ἠδυνάμην
1094 855 1169 937 περὶ
1180 859 1254 920 τῶν
1265 859 1289 916 δ

295 953 512 1043 ἐγκλημάτων
523 949 807 1036 διαλλαττόμενος.
823 956 871 1019 ἔτι
882 954 983 1020 δὲκαὶ
993 958 1062 1020 τῶν
1072 948 1135 1038 τὴν
1145 956 1258 1038 νῆσον

295 1053 483 1124 οἰκούντων
494 1051 666 1129 δυσκόλως
676 1055 761 1135 πρὸς
770 1047 857 1136 ἡμᾶς
867 1054 1103 1137 διακειμένων,
1121 1049 1177 1116 καί
1188 1055 1257 1134 βα-

296 1157 413 1233 σιλέως
424 1159 470 1245 τῷ
478 1152 541 1238 μὲν
551 1151 640 1242 λύγμ
651 1151 907 1235 διηλλαγμένον,
920 1146 1003 1238 τῇδ’
1016 1146 1158 1237 ἀληθείᾳ
1170 1170 1256 1232 τρα-

248 1275 281 1323 34
297 1256 377 1340 χέως
393 1257 542 1337 ἔχοντος,
564 1245 737 1336 ἀμφύτερα
753 1253 857 1314 ταῦτα
873 1247 1105 1332 κατεπρύῦνα,
1126 1253 1172 1336 τῷ
1189 1247 1256 1331 μὲν

296 1351 481 1438 προθύμως
496 1345 689 1434 ὑπηρετῶν,
713 1343 796 1427 πρὸς
811 1346 847 1411 δὲ
865 1340 944 1422 τούς
960 1348 1092 1412 δίκαιον
1105 1340 1256 1430 έμαυτόυ

296 1455 458 1535 παρέχων.
488 1445 653 1514 τοσούτου
669 1441 739 1534 ,γὰρ
755 1446 819 1510 δέω
840 1450 908 1510 τῶν
923 1441 1107 1527 ἀλλοτρίων
1128 1445 1255 1510 ἐπιθυ·

296 1563 387 1635 μεῖν,
403 1544 489 1616 ὥσθ’
508 1549 614 1632 έτεροι
628 1543 708 1630 μέν,
724 1537 768 1629 ἢν
782 1546 838 1610 καὶ
854 1549 962 1634 μικρῷ
976 1549 1074 1628 μείζω
1090 1549 1159 1608 τῶν
1170 1538 1256 1628 ὁμό-

297 1673 367 1730 ρων
381 1646 528 1732 δύναμιν
539 1649 676 1729 ἔχωσιν,
692 1638 936 1727 ἀποτέμνονται
946 1648 1004 1727 της
1013 1647 1073 1726 γῆς
1084 1644 1138 1707 καὶ
1149 1646 1253 1707 πλεο-
1265 1670 1282 1708 e

297 1759 427 1814 νικτεῑν
445 1749 616 1828 ζητοῦσιν,
638 1738 702 1828 έγῶ
718 1738 750 1806 δ’
767 1738 846 1808 οὐδὲ
866 1738 928 1825 τὴν
946 1742 1125 1826 διδομένην
1138 1738 1255 1825 χῶραν

298 1843 420 1932 ἠξίωσα
436 1848 567 1928 λαβεῖν,
589 1836 663 1909 ἀλλ’
683 1843 842 1925 αἱροῦμαι
861 1837 942 1924 μετά
959 1839 1174 1925 δικαιοσύνης
1191 1837 1254 1924 τὴν

298 1947 444 2028 ἐμαυτοῦ
465 1938 573 2026 μόνον
595 1943 683 2023 ἔχειν
703 1932 872 2024 μᾶλλουῆ
891 1935 972 2024 μετά
993 1945 1109 2018 κακίας
1126 1947 1255 2006 πολλα-

248 2061 281 2114 35
297 2047 441 2110 πλασίαν
455 2046 511 2125 τῆς
531 2035 747 2123 ὑπαρχούσης
766 2037 964 2123 κτήσασθαι.
987 2041 1042 2106 καὶ
1057 2044 1093 2106 τί
1105 2042 1157 2106 ost
1168 2033 1250 2105 καθ’
1266 2049 1300 2103 σί

298 2146 336 2210 ἓν
353 2142 494 2208 ἕκαστον
509 2139 650 2223 λέγοντα
669 2139 870 2222 διατρίβειν,
886 2133 994 2215 ἀλλος
1007 2164 1043 2205 τε
1057 2138 1113 2205 καί
1128 2136 1253 2204 συντό-

299 2264 368 2326 μως
390 2241 506 2321 ἔχοντα
527 2239 673 2321 δηλῶσαι
694 2237 770 2321 περὶ
788 2237 951 2319 έμαυτοῦ;
973 2237 1167 2324 φανήσομαι
1186 2233 1252 2321 γὰρ

300 2337 423 2407 οὐδένα
440 2337 502 2422 μὲν
513 2331 642 2402 ποκ’ποκ’
655 2331 833 2421 ἀδικήσας,
849 2341 984 2414 πλείους
998 2336 1035 2403 δὲ
1045 2338 1100 2403 καὶ
1110 2342 1178 2401 τῶν
1189 2358 1253 2401 πο-

300 2447 401 2505 λιτην
415 2437 470 2504 καὶ
483 2440 552 2502 τῶν
563 2432 675 2501 ἀλλων
682 2430 853 2519 Ἑλλήνων
864 2427 904 2500 ιύ
915 2430 1104 2520 πεποιηκῶς
1114 2435 1168 2500 καὶ
1178 2440 1252 2518 μεί-

300 2544 375 2618 ζους
395 2531 522 2619 δωρεὰς
538 2534 704 2618 ἑκατέροις
724 2527 915 2618 δεδωκῶςῆ
936 2532 1126 2618 σύμπαντες
1140 2533 1174 2599 oc
1185 2527 1251 2615 πρδ

299 2638 381 2722 ἐμοῦ
395 2631 662 2720 βασιλεύσαντες.
686 2635 795 2698 καίτοι
810 2628 871 2716 χρὴ
886 2627 965 2709 τούς
979 2634 1064 2717 μέγα
1079 2635 1251 2717 φρονοῦν·

299 2762 356 2813 τας
380 2735 432 2801 ἐπὶ
449 2728 649 2818 δικαιοσύνη
667 2730 722 2796 καὶ
743 2731 1054 2813 προσποιουμένους
1074 2727 1251 2814 χρημάτων

301 2833 384 2902 εἶναι
400 2838 570 2919 κρείττους
583 2829 740 2908 τοιαύτας
753 2826 942 2916 ὑπερβολὰς
956 2834 1042 2915 ἔχειν
1057 2835 1163 2898 ιίπεῑν
1176 2830 1277 2912 περίο
1337 2894 1341 2900 .

298 2956 420 2998 αυτων.

251 3045 284 3100 ³6
384 3027 449 3116 (ι’.)
470 3030 536 3095 Καὶ
551 3029 613 3112 μὲν
628 3024 669 3114 δη
683 3028 741 3094 καί
757 3029 832 3112 περὶ
847 3028 1070 3112 σωφροσύνης
1087 3032 1135 3094 έτι
1155 3031 1251 3113 μιιῗω

299 3125 429 3197 τούτων
441 3131 503 3213 ἔχω
519 3129 677 3194 διελθεῖν.
702 3122 798 3204 ιίδῶς
811 3121 876 3211 γὰρ
888 3123 1037 3204 ἅπαντας
1047 3121 1251 3208 ἀνθρώπους

300 3228 376 3313 περὶ
398 3231 555 3294 πλείστου
576 3226 800 3309 ποιουμένους
813 3221 892 3302 τούς
913 3227 1031 3302 παῖδας
1046 3221 1125 3303 τούς
1140 3220 1250 3292 αὑτῶν

300 3325 427 3404 καὶτὰς
442 3335 621 3410 γυναῖκας,
643 3324 699 3390 καὶ
718 3318 849 3407 μάλιστ’
872 3320 1107 3408 ὀργιζομένους
1121 3335 1191 3401 τοῖς
1206 3327 1251 3400 είς

299 3419 393 3491 ταῦτ’
410 3420 691 3508 ἐξαμαρτάνωσι,
712 3423 768 3488 καὶ
782 3417 844 3505 τὴν
861 3417 963 3506 ὕβριν
976 3417 1039 3505 τὴν
1058 3423 1135 3506 περὶ
1149 3426 1250 3488 ταῦτα

299 3528 464 3609 μεγίστων
477 3526 592 3588 κακῶν
603 3524 711 3588 αἰτίαν
728 3521 947 3605 γιγνομένην,
965 3520 1020 3585 καὶ
1033 3516 1179 3598 πολλοὺς
1190 3515 1249 3606 ἤδη

299 3625 354 3688 καί
366 3629 435 3688 τῶν
445 3624 590 3689 ἰδιωτῶν
604 3624 658 3688 καὶ
669 3626 738 3687 τῶν
748 3617 1050 3689 δυναστευσάντων
1061 3616 1116 3688 διὰ
1127 3613 1249 3705 ταύτην
