2859 4334
278 306 339 371 ιοε
558 308 961 386 ιεοκνκνονερε)

207 486 258 543 λῦι
360 467 536 551 (misum
572 464 616 535 Τό
643 472 761 533 τοίνυν
784 469 861 549 περὶ
883 465 946 553 την
967 474 1181 554 πλεονεξίαν,
1205 468 1228 536 δ

278 570 537 654 δυσχερέστατον
553 559 598 652 ἦν
612 572 680 633 τῶν
691 568 881 652 ῥηθέντων·
900 573 930 634 εί
942 566 1005 651 μέν
1014 594 1061 645 τις
1072 565 1225 653 ὑπολαμ-

277 668 374 756 βάνει
407 663 487 745 τοῦς
514 662 782 746 ἀποστεροῦντας
807 660 830 751 ἦ
854 662 1226 755 παραλογιζομένουςῆ

278 769 384 835 κακόν
394 792 425 833 τι
436 771 616 843 ποιοῦντας
627 773 849 849 πλεονεκτεῖν,
860 761 923 831 οὐκ
936 761 1048 848 ὀρθῶς
1062 772 1225 850 ἔγνωκεν·

278 866 415 947 ούδένες
439 863 505 953 γάρ
528 868 564 933 έν
586 862 709 931 ἅπαντι
730 871 776 953 τῶ
791 870 854 953 βίφ
868 870 997 949 μᾶλλον
1013 866 1228 933 ἐλαττοῦνται

277 974 344 1035 τῶν
358 965 532 1049 τοιούτων,
547 960 622 1030 οὐδ’
640 966 676 1029 έν
690 969 840 1029 πλείοσιν
856 959 1010 1044 ἀπορίαις
1025 968 1126 1043 είσὶν,
1147 963 1225 1033 οὐδ’

277 1064 579 1149 έπονειδιστότερον
587 1068 696 1148 ζῶσιν,
709 1058 781 1128 ούδ
793 1060 879 1141 ὅλοις
891 1059 1091 1147 ἀθλιώτεροι
1101 1066 1227 1151 τυγχά-

209 1176 262 1231 282
280 1185 402 1233 νουσιν
416 1162 525 1243 ὄντες·
548 1162 609 1249 χρη
631 1162 667 1230 δὲ
689 1164 744 1230 καί
765 1168 831 1229 νῦν
851 1164 954 1230 πλέον
968 1168 1055 1247 ἔχειν
1068 1160 1226 1248 ἡγεῖσθαι

278 1267 333 1332 καί
347 1263 602 1348 πλεονεκτήσειν
618 1266 764 1347 νομίζειν
777 1258 868 1346 παρὰ
883 1266 947 1346 μὲν
959 1269 1028 1329 τῶν
1041 1271 1136 1331 θεῶν
1146 1262 1227 1343 τούς

280 1359 538 1447 εύσεβεστάτους
554 1362 607 1427 καί
619 1356 699 1437 τοῦς
710 1362 785 1441 περί
795 1357 857 1447 τὴν
868 1368 1053 1446 θεραπείαν
1066 1361 1129 1448 τὴν
1140 1364 1227 1431 έκεί-
1345 1383 1347 1496 η

278 1487 348 1531 ναν
363 1459 636 1545 ἐπιμελεστάτονς
653 1457 769 1542 ὄντας,
792 1456 882 1542 παρὰ
900 1460 935 1528 δὲ
949 1467 1018 1527 τῶν
1032 1458 1228 1544 ἀνθρώπων

280 1558 358 1637 τούς
383 1557 501 1643 ἄριστα
522 1554 605 1641 πρὸς
628 1558 785 1641 τούτους,
814 1554 896 1641 μεθ’
920 1548 969 1626 όν
983 1553 1028 1625 ἀν
1042 1564 1158 1627 οἰκῶσι
1173 1563 1231 1628 καὶ
1247 1573 1293 1628 123
1346 1535 1348 1630 ί

279 1657 529 1741 πολιτεύωνται,
546 1658 786 1743 διακειμένους,
798 1658 853 1723 καί
867 1652 946 1733 τοῦς
959 1663 1151 1743 βελτίστους
1163 1656 1230 1725 αῦ-

211 1774 262 1830 λ83
280 1756 359 1838 τοῦς
374 1756 459 1827 εἶναι
472 1761 665 1834 δοκοῦντας.
695 1758 751 1823 καί
771 1762 875 1823 ταῦτα
895 1757 950 1823 καί
970 1770 1040 1834 ταῖς
1054 1753 1230 1841 ἀληθείαις
1347 1689 1349 1820 ί

280 1856 387 1935 οὕτως
402 1861 467 1941 ἔχει
481 1857 535 1923 καὶ
549 1856 713 1940 συμφέρει
723 1852 785 1921 τόν
801 1854 928 1939 τρόπον
938 1860 1059 1922 τοῦτον
1070 1858 1231 1940 λέγεσθαι
1347 1841 1350 1984 J

280 1960 355 2039 περὶ
380 1954 511 2040 αὐτῶν,
551 1956 619 2023 ἐπεὶ
646 1960 712 2020 νῦν
737 1951 770 2039 γ’
797 1950 903 2030 οὕτως
924 1950 1150 2035 ἀνέστραπται
1172 1956 1231 2021 καὶ

280 2058 476 2141 συγκέχυται
492 2050 597 2123 πολλοὶ
609 2059 678 2120 τῶν
688 2050 771 2120 κυτά
783 2049 845 2140 τὴν
855 2050 965 2137 πόλιν,
978 2049 1056 2119 ὥστ’
1071 2050 1151 2121 οὐδὲ
1160 2067 1231 2132 τοις
1348 1989 1351 2126 ί

280 2153 443 2240 ὀνόμασιν
464 2159 551 2220 ἔνιοί
570 2179 658 2231 τινες
678 2158 725 2221 ἔτι
743 2159 887 2238 χρῶνται
902 2151 985 2220 κατά
1008 2153 1115 2238 φύσιν
1143 2150 1231 2221 ἀλλά
1349 2147 1352 2330 (

280 2256 526 2339 μεταφέρουσιν
540 2249 605 2319 ἀπὸ
619 2258 687 2319 τῶν
701 2258 886 2319 καλλίστων
903 2250 1108 2336 πραγμάτων
1125 2253 1178 2318 έπὶ
1187 2250 1231 2319 τά

213 2364 265 2418 284
282 2351 474 2437 φαυλότατα
485 2357 553 2417 τῶν
564 2349 842 2435 ἐπιτηδευμάτων.
864 2347 942 2427 τοῦς
952 2352 1014 2435 μέν
1024 2375 1063 2436 γε
1074 2357 1232 2436 βωμολο-

281 2449 483 2535 χευομένονς
500 2451 554 2516 καί
571 2448 739 2516 σκάπτειν
755 2450 810 2515 καί
827 2458 1000 2534 μιμεῖσθαι
1016 2450 1231 2535 δυναμένους

282 2545 418 2632 εὐφυεῖς
432 2552 581 2629 καλοῦσι,
606 2552 777 2632 προσῆκον
793 2552 851 2631 τῆς
867 2554 1089 2632 προσηγορίας
1105 2549 1233 2633 ταύτης

282 2648 457 2732 τυγχάνειν
470 2642 548 2724 τοῦς
561 2644 678 2728 ἀρίστα
690 2644 773 2728 πρός
791 2641 913 2733 ἀρετην
925 2648 1132 2731 πεφυκότας·
1150 2644 1233 2726 τοῦς

282 2747 317 2813 δὲ
333 2759 402 2821 ταῖς
413 2751 626 2830 κακοηθείαις
637 2746 692 2812 καὶ
710 2758 780 2822 ταῖς
796 2740 1011 2829 κακουργίαις
1026 2747 1233 2836 χρωμένους,

283 2846 337 2913 καὶ
348 2842 449 2929 μικρά
461 2845 529 2927 μὲν
547 2843 788 2930 λαμβάνοντας,
808 2839 962 2928 πονηρὰν
979 2844 1014 2910 δέ
1026 2844 1128 2923 δόξαν
1142 2870 1233 2912 κτω-

283 2945 415 3029 μένους,
428 2938 682 3019 πλεουεκτικοῦς
691 2947 896 3027 νομίζουσιν,
907 2938 981 3010 ἀλλ’
994 2940 1122 3022 ούτοῦς
1133 2940 1230 3012 ὅσιον

284 3041 404 3123 τάτονς
428 3042 485 3111 καὶ
510 3041 759 3128 δικαιοτάτους,
786 3045 885 3130 οἵπερ
905 3047 975 3111 τῶν
992 3040 1134 3129 ἀγαθῶν
1151 3043 1231 3114 ἀλλ’

225 3140 328 3213 285013¹
340 3150 408 3214 τῶν
421 3148 535 3215 κακῶν
549 3145 801 3221 πλεονεκτοῦσι·
815 3143 896 3225 τοῦς
911 3143 949 3213 δὲ
962 3147 1031 3214 τῶν
1043 3143 1106 3232 μέν
1118 3143 1230 3233 ἀναγ-

284 3254 391 3315 καίων
408 3243 635 3332 ἀμελοῦντας,
658 3243 718 3325 τάς
743 3244 781 3313 δέ
798 3247 867 3315 τόν
885 3250 1037 3315 παλαιῶν
1057 3251 1232 3332 σοφιστῶν

282 3353 516 3433 τερατολογίας
551 3344 754 3432 ἀγαπῶντας
784 3355 983 3435 φιλοσοφεῖν
1013 3368 1131 3436 φασιν,
1147 3344 1228 3417 ἀλλ’

282 3447 324 3517 ού
348 3448 428 3527 τοῦς
451 3448 492 3516 τδι
516 3450 655 3515 τοιαῦτα
672 3447 910 3535 μανθάνοντας
933 3449 990 3517 καί
1008 3454 1230 3536 μελετῶντας,

285 3550 317 3630 ἐξ
336 3539 384 3617 όν
400 3552 458 3619 καὶ
476 3547 537 3616 τόν
556 3554 650 3619 ίδιου
662 3547 759 3618 οίκον
776 3549 833 3617 καί
851 3550 892 3618 τδι
911 3549 1006 3619 κοινά
1025 3548 1067 3619 τά
1084 3553 1143 3637 τῆς
1160 3550 1228 3620 πό-
