2859 4334
407 422 527 479 ΠΕΡΙ
549 424 619 481 AN
628 423 895 483 ΤίΔΟΣΕΩΣ.
1072 419 1128 481 113

175 576 244 664 γάρ
259 578 338 659 τούς
359 583 421 665 μὲν
443 580 499 647 διά
514 582 846 667 πολυπραγμοσύνην
865 584 1042 667 ἐμπείρους
1062 589 1129 649 τῶν

174 676 323 761 άγάνων
341 680 602 764 γεγενημένους,
624 676 702 757 τούς
726 676 758 745 δ’
781 682 817 747 ἐκ
830 688 1031 766 φιλοσοφίας
1044 688 1128 748 ὲκεί-

177 801 250 842 νων
266 785 333 843 τῶν
347 778 458 863 λόγων
475 769 523 845 (δν
539 777 613 862 άρτι
630 793 791 860 προεῖπον
804 778 865 866 τὴν
878 782 1024 867 δύναμιν
1039 787 1128 867 είλη-
1145 788 1196 843 320

175 875 294 958 φότας,
314 878 367 943 καλ
383 873 460 969 τούς
475 875 537 961 μὲν
552 873 746 954 δικανικούς
755 881 938 956 δοκοῦντας
951 876 1033 946 εἶναι
1046 879 1127 946 ταύ-

175 1001 241 1060 την
256 974 317 1060 την
333 972 459 1061 ἡμέραν
475 975 585 1060 μόνην
606 972 767 1053 άνεκτούς
782 974 898 1060 ὄντας,
925 980 962 1043 ἐν
983 970 1067 1067 ᾗπερ
1083 973 1127 1045 άν

175 1073 418 1161 ἀγωνιζόμενοι
433 1074 632 1160 τυγχάνωσι,
648 1072 727 1151 τούς
742 1071 774 1139 δ’
791 1078 829 1141 ἐν
842 1072 986 1153 άπάσαις
1001 1090 1070 1154 ταῖς
1088 1082 1127 1143 ὸ-

175 1180 302 1258 μιλίαις
323 1173 378 1239 καὶ
399 1170 488 1256 παρά
511 1173 620 1238 πάντα
639 1170 698 1238 τόν
718 1172 842 1257 χρόνον
863 1175 1015 1258 ἐντίμους
1028 1171 1126 1251 ὄντας

126 1291 161 1343 ιθ
176 1275 233 1339 καλ
254 1271 351 1356 δόξης
373 1274 540 1349 ἐπιεικοῦς
561 1271 801 1357 τυγχάνοντας·
831 1276 877 1338 ἐτι
901 1270 936 1337 δὲ
957 1270 1035 1349 τούς
1052 1274 1124 1357 μὲν,

177 1366 224 1456 ἢν
238 1367 374 1456 ὀφθῶσι
389 1372 437 1448 δίς
452 1364 553 1455 ἢτρλς
569 1371 620 1437 ἐπὶ
636 1377 703 1437 τῶν
718 1374 950 1454 δικαστηρίων,
965 1372 1125 1455 μισουμέ-

177 1494 261 1547 νους
272 1472 326 1536 καλ
341 1470 632 1555 διαβαλλομένους,
655 1468 734 1547 τούς
746 1466 777 1535 δ’
792 1467 859 1559 όσφ
870 1492 932 1550 περ
943 1465 987 1535 άν
999 1476 1126 1537 πλείοσι

177 1571 234 1635 καί
252 1565 428 1645 πλεονάκις
443 1575 703 1653 συγγίγνωνται,
723 1569 871 1658 τοσούτῳ
885 1576 1013 1655 μᾶλλον
1033 1578 1150 1634 &av-b

177 1670 398 1753 μαζομίνους·
421 1664 504 1750 πρός
519 1665 554 1732 δέ
569 1665 697 1742 τούτοις
711 1664 790 1743 τούς
805 1664 866 1750 μὲν
881 1668 954 1747 περί
966 1665 1023 1743 τάς
1035 1671 1127 1744 δίκας

181 1765 315 1843 δεινούς
332 1766 447 1850 πόρρω
462 1772 529 1831 τῶν
544 1765 654 1849 λόγων
669 1767 807 1830 ἐκείνων
821 1762 936 1848 ὄντας,
958 1762 1037 1842 τούς
1053 1762 1084 1831 δ’
1099 1772 1127 1833 εί

179 1870 382 1949 βουληθεῖεν
397 1866 518 1947 ταχέως
531 1858 575 1929 άν
590 1865 674 1931 ἑλεῖν
690 1867 743 1929 καί
759 1863 898 1941 τούτους
908 1866 1124 1949 δυνηθέντας.

126 1976 164 2027 50
179 1968 282 2028 ταῦτα
298 1962 504 2046 λογιζόμενοι
516 1964 570 2029 καλ
586 1960 671 2028 πολύ
689 1969 824 2044 κρείττω
841 1968 1027 2047 νομίζοντες
1042 1960 1125 2030 είυαι

177 2057 239 2145 τὴν
254 2062 394 2143 αἵρεσιν,
411 2061 591 2145 βούλονται
606 2074 778 2145 μετασχεῖν
792 2069 849 2145 της
869 2066 1019 2139 παιδείας
1042 2062 1123 2128 ταύ-

177 2182 246 2243 της,
260 2149 299 2244 ἧς
315 2154 390 2224 οὐδ’
405 2153 449 2224 άν
461 2156 525 2244 ε’γά
538 2165 681 2244 φανείην
691 2156 936 2243 ἀπεληλαμένος
947 2156 1029 2227 άλλά
1042 2168 1123 2228 πολ-

178 2263 247 2322 λῶν
275 2260 490 2342 χαριεστέραν
514 2258 616 2336 δόξαν
643 2256 794 2341 είληφάς.
839 2258 928 2342 (ιθ.)
957 2261 1040 2341 Περὶ
1064 2260 1125 2343 μὲν

82 2437 84 2442 .
179 2347 244 2419 οὖν
264 2365 320 2440 της
341 2357 419 2440 ἐμῆς
448 2365 512 2424 είτε
534 2357 700 2442 βούλεσθε
727 2363 841 2421 καλεῖν
864 2356 1038 2441 δυνάμεως
1061 2366 1125 2425 είτε

179 2460 378 2538 φιλοσοφίας
393 2464 456 2522 είτε
474 2460 652 2541 διατριβῆς,
666 2453 828 2539 ἀκηκόατε
844 2461 954 2520 πᾶσαν
966 2452 1027 2541 την
1042 2452 1126 2541 άλή-
1139 2482 1152 2516 ι·

159 2561 285 2619 θείαν.
441 2542 444 2547 ’

129 2672 163 2722 51
264 2653 432 2738 Βούλομαι
449 2654 485 2721 δὲ
501 2656 576 2738 περί
592 2656 738 2739 ἐμαυτοῦ
755 2656 805 2719 καί
825 2653 930 2736 νόμον
942 2664 1053 2718 θεῖναι
1064 2678 1122 2737 χα-

181 2750 368 2834 λεπτότερον
383 2748 403 2837 ἢ
426 2755 500 2836 περὶ
522 2760 589 2820 τῶν
605 2752 716 2821 άλλωυ
731 2756 783 2820 καί
799 2751 902 2837 λόγον
917 2756 1021 2817 εἰπεῖν
1036 2763 1122 2836 θρα·

182 2848 325 2935 σύτερον
339 2846 361 2936 ἢ
376 2849 460 2919 κατά
474 2851 535 2938 τὴν
551 2851 634 2939 ἐμὴν
647 2851 794 2938 ἡλικίαν·
820 2849 900 2931 άξιῶ
916 2849 980 2937 γάρ
1005 2848 1047 2918 ού
1061 2852 1121 2938 μύ-

183 2972 253 3032 νου,
271 2953 301 3015 εί
317 2955 492 3035 βλαβεροῖς
505 2957 632 3036 χρῶμαι
649 2966 716 3029 τοῖς
727 2952 850 3036 λόγοις,
866 2955 1027 3035 μηδεμιᾶς
1041 2970 1124 3035 συγ*

180 3046 313 3132 γνώμης
327 3048 505 3133 τυγχάνειν
525 3047 605 3135 παρ’
624 3048 738 3133 υμῶν,
754 3045 828 3116 ἀλλ’
847 3055 877 3116 εί
889 3047 933 3134 μὴ
949 3051 1122 3133 τοιούτοις,

185 3146 265 3222 οἵοις
281 3141 392 3223 ούδελς
408 3144 517 3231 άλλος,
535 3146 595 3234 την
609 3155 767 3233 μεγίστην
782 3145 940 3232 ὑποσχεῖν
952 3154 1120 3232 τιμωρίαν.

180 3239 237 3328 ούχ
253 3242 341 3311 οὕτω
356 3242 387 3311 δ’
403 3241 448 3312 άν
462 3246 631 3333 τολμηράν
643 3248 849 3331 ἐποιησάμην
860 3245 921 3331 την
935 3242 1124 3331 ὑπόσχεσιν,

181 3348 209 3407 εί
221 3339 265 3426 μή
284 3345 337 3410 καλ
358 3348 477 3425 δείξειν
498 3344 641 3431 ἤμελλον
663 3344 743 3431 ὑμῖν
765 3347 819 3413 καλ
836 3347 956 3432 ῥᾳδίαν
971 3345 1150 3430 ποιησεινδ

132 3438 239 3525 ὁῖτην
268 3442 449 3526 διάγνωσιν
473 3442 594 3513 αὐτῶν.
630 3444 795 3530 (κ’.)’Ἐχει
820 3442 884 3530 γάρ
910 3442 1030 3522 οὕτως·
1060 3448 1124 3532 ἐγά

181 3547 357 3626 καλλίστην
372 3540 517 3629 ἡγοῦμαι
534 3550 588 3613 καλ
604 3545 818 3630 δικαιοτάτην
833 3543 917 3611 εἶναι
932 3542 994 3629 τήν
1010 3547 1120 3612 τοιαύ-

181 3667 238 3725 την
248 3638 444 3729 άπολογίαν,
462 3644 532 3731 ἥτις
545 3650 666 3714 είδέναι
679 3659 770 3710 ποιεί
782 3641 859 3720 τούς
875 3643 1066 3723 δικάζοντας
1081 3644 1125 3723 ὡς

260 3753 415 3791 ιεοοιυιττε.
434 3740 464 3791 ΙΙ.
973 3744 991 3793 8
