2859 4334
286 406 307 463 ι
566 407 887 466 ιῑοκολοοωε
903 409 966 481 (ιι)

286 562 409 643 ἄλλους
428 564 552 643 τόπους
572 562 635 631 οὐκ
658 562 819 649 εὐκαίρως
835 562 911 633 οὐδ’
928 563 1140 653 εὐαρμόστοις
1156 569 1250 656 πρὸς

287 662 349 750 τὴν
358 669 420 730 τοῦ
431 664 623 749 σύμπαντος
634 664 743 749 φύσιν
754 669 905 749 ἔχοντας,
920 663 1005 733 ἀλλὰ
1017 667 1095 746 τούς
1105 666 1168 753 μὲν
1177 662 1245 734 ὐπ’

286 762 423 850 ὄμβρων
433 767 750 850 κατακλυζομέυονς,
762 760 841 842 τούς
853 760 885 830 δ’
894 761 961 831 ύπδ
974 765 1154 851 καυμάτων
1164 771 1245 834 δια-

286 864 550 948 φθειρομένους,
566 863 693 949 ταύτην
706 862 742 931 δὲ
753 863 814 947 τὴν
832 862 946 948 χώραν
957 865 994 930 ἐν
1005 872 1166 955 καλλίστῳ
1177 866 1247 951 μὲν
1360 888 1369 912 ·

286 968 347 1028 τοῦ
360 962 490 1048 κόσμου
504 965 673 1047 κειμένην,
687 970 825 1029 πλεῖστα
838 963 874 1028 δὲ
887 963 942 1028 καὶ
954 964 1244 1029 παντοδαπώτατα

286 1061 404 1145 φέρειν
424 1064 630 1146 δυναμένην,
655 1056 818 1149 ἀθανάτῳ
833 1059 869 1124 δὲ
886 1066 981 1144 τείχει
996 1068 1042 1150 τῳ
1057 1068 1167 1151 Νείλῳ
1182 1086 1243 1127 τε·
1264 1075 1320 1128 224

241 1154 275 1226 13‘
284 1161 509 1246 τειχισμένην,
531 1157 567 1237 ὐς
582 1158 624 1226 οὐ
638 1160 746 1245 μόνον
763 1156 919 1245 φυλακὴν
936 1156 1020 1227 ἀλλὰ
1038 1164 1092 1227 καὶ
1107 1159 1243 1245 τροφὴν

283 1252 404 1345 ίκανήν
419 1257 502 1348 αὐτῇ
517 1262 671 1345 παρέχειν
687 1262 849 1344 πέφυκεν,
866 1255 1037 1336 ἀνάλωτος
1047 1260 1109 1344 μὲν
1121 1255 1169 1326 οὐν
1181 1270 1241 1328 καὶ

284 1360 451 1445 δύσμαχος
464 1374 533 1439 τοίς
546 1359 835 1446 ἐπιβουλεύουσιν,
853 1355 1022 1444 εὐαχωχδς
1034 1361 1069 1425 δὲ
1084 1360 1138 1426 καὶ
1152 1357 1240 1441 πρὸς

282 1456 389 1527 πολλὰ
409 1459 568 1545 χρήσιμος
583 1473 651 1537 τοῖς
669 1455 763 1535 ἐντός
779 1455 884 1524 αὐτοῦ
900 1464 1123 1526 κατοικοῦσιν.
1152 1455 1239 1542 πρός

281 1555 347 1645 γάρ
362 1572 430 1635 τοῖς
444 1560 698 1643 προειρημένοις
715 1559 769 1623 καὶ
784 1554 846 1641 την
864 1556 1011 1641 δύναμιν
1024 1553 1137 1623 αὐτῶν
1152 1554 1239 1642 πρὸς

282 1654 345 1745 τήν
363 1665 420 1742 τῆς
441 1664 501 1741 γῆς
522 1658 680 1741 ἐργασίαν
702 1654 842 1722 ἰσόθεον
863 1659 1059 1738 πεποίηκεν·
1089 1661 1156 1722 τῦν
1171 1651 1239 1740 γάρ

283 1754 419 1842 ὄμβρων
430 1755 563 1821 καὶτῶν
573 1751 710 1840 αὐχμῶν
722 1766 791 1830 τοῖς
800 1751 862 1837 μδν
873 1750 986 1829 άλλοις
997 1748 1109 1830 δΖεῦς
1121 1762 1240 1838 ταμίας

283 1857 388 1939 ἐστὶν,
411 1856 549 1921 ἐκείνων
571 1851 601 1919 δ’
619 1855 756 1929 ἕκαστος
776 1849 976 1936 α’μφοτέρων
992 1851 1122 1917 τούτων
1136 1848 1268 1928 αὐτδςΙι

236 1971 268 2024 11
282 1952 372 2043 αὐτῷ
388 1952 504 2038 κύριος
518 1955 734 2038 καθέστηκεν.
761 1958 806 2029 είς
816 1950 983 2036 τοσαύτην
997 1949 1029 2016 δ’
1043 1948 1237 2038 ὑπερβολὴν

283 2050 496 2137 εὐδαιμονίας
509 2048 662 2138 ἥκουσιν,
679 2049 762 2117 ὥστε
777 2057 816 2138 τῇ
831 2052 893 2133 μὲν
904 2046 1005 2138 άρετῇ
1016 2052 1071 2116 καὶ
1082 2056 1121 2137 τῇ
1133 2049 1235 2135 φύσει

281 2157 338 2237 τῆς
357 2151 466 2237 χώρας
486 2154 605 2239 καὶτῷ
626 2151 750 2237 πλήθει
771 2157 838 2216 τῶν
854 2152 980 2216 πεδίων
997 2146 1136 2233 ἤπειρον
1151 2174 1235 2233 καρ-

282 2257 439 2335 ποῦνται,
463 2256 503 2338 τῇ
524 2250 559 2316 δὲ
580 2258 648 2315 τῶν
669 2250 856 2333 περιόντων
875 2251 1025 2316 διαθέσει
1042 2251 1097 2315 καὶ
1113 2256 1152 2336 τῇ
1167 2255 1236 2314 τῶν

281 2345 504 2416 ἐλλειπόντων
526 2352 646 2436 κομιδῇ
669 2346 725 2414 διά
747 2344 809 2433 τὴν
829 2355 890 2415 τοῦ
913 2354 1065 2432 ποταμοῦ
1088 2347 1235 2433 δύναμιν

281 2454 387 2534 νῆσον
402 2455 570 2517 οἰκοῦσιν·
594 2448 707 2539 κύκλῳ
721 2445 786 2535 γάρ
801 2443 908 2534 αὐτὴν
921 2449 1084 2531 περιέχων
1098 2450 1152 2513 καὶ
1167 2452 1235 2512 πᾶ-

281 2567 345 2614 σαν
368 2549 532 2632 διαρρέων
558 2544 686 2631 πολλὴν
713 2543 826 2624 αὐτοῖς
850 2543 1011 2630 εὐπορίαν
1034 2543 1234 2632 ἀμφοτέρων

280 2649 410 2718 τούτων
420 2656 609 2736 πεποίηκεν.

235 2767 265 2819 15
355 2747 498 2834 Ἤρξατο
512 2747 575 2832 μὲν
590 2740 654 2814 οὐν
669 2749 842 2833 ἐντεῦθεν,
858 2747 943 2815 ὅθεν
954 2775 1016 2832 περ
1029 2747 1090 2835 χρὴ
1102 2746 1181 2825 τούς
1193 2740 1233 2815 εὐ

280 2853 508 2933 φρονοῦντας.
523 2844 592 2932 ἅμα
603 2850 663 2918 τόν
673 2872 707 2914 τε
722 2845 827 2915 τόκον
839 2844 884 2928 ὡς
900 2847 1077 2915 κάλλιστον
1088 2855 1261 2914 καταλα-ο

279 2954 353 3032 βείν
376 2943 433 3012 καὶ
456 2944 588 3031 τροφὴν
607 2945 729 3033 ίκανήν
752 2949 919 3035 τοῖςπερὶ
939 2945 1044 3015 αὐτόν
1073 2950 1230 3031 ἐξευρεῖν.

278 3044 341 3125 (ζ.)
355 3041 450 3110 Μετὰ
459 3044 496 3111 δὲ
502 3050 606 3110 ταῦτα
615 3045 806 3130 διελόμενος
813 3047 911 3131 χωρὶς
918 3048 1077 3123 ἑκάστους
1083 3042 1163 3124 τούς
1169 3046 1233 3131 μὲν

279 3145 331 3215 ἐπὶ
346 3139 405 3221 τὰς
418 3142 604 3225 ἱερωσύνας
620 3148 813 3230 κατέστησε,
835 3144 914 3223 τούς
929 3143 960 3213 δ’
978 3147 1031 3212 ἐπὶ
1044 3142 1102 3222 τὰς
1116 3148 1232 3230 τέχνας

278 3249 411 3328 ἔτρεψε,
422 3238 501 3319 τούς
513 3244 550 3308 δὲ
561 3239 601 3310 τά
613 3245 688 3328 περὶ
698 3241 760 3310 τόν
772 3244 920 3330 πόλεμον
930 3250 1071 3330 μελετᾶν
1080 3240 1231 3330 ἠνάγκα-

278 3364 355 3427 σεν,
372 3339 560 3429 ἡγούμενος
573 3340 612 3410 τά
628 3345 690 3429 μὲν
707 3341 871 3431 ὐναχκαῑα
894 3346 949 3412 καί
964 3340 1022 3421 τὰς
1037 3349 1231 3428 περιουσίας

277 3446 357 3510 ἐκτε
365 3439 538 3527 τῆςχιόρας
548 3444 602 3508 καὶ
613 3449 681 3509 τῶν
691 3438 817 3530 τεχνῶν
829 3447 900 3511 δεῖν
913 3439 1088 3529 ὑπάρχειν,
1099 3440 1230 3510 τούτων

277 3535 308 3606 δ’
326 3536 410 3606 εἶναι
427 3538 585 3626 φυλακὴν
599 3538 854 3628 ἀσφαλεστάτην
873 3542 935 3628 τήν
952 3568 987 3611 τε
1001 3542 1078 3628 περὶ
1092 3536 1152 3607 τόν
1166 3539 1230 3607 πό·

276 3646 379 3724 λεμον
390 3639 579 3724 ἐπιμέλειαν
594 3642 648 3709 καὶ
663 3638 726 3729 τὴν
740 3641 825 3727 πρός
838 3640 918 3723 τούς
927 3641 1032 3721 θεούς
1044 3640 1226 3729 εὐσέβειαν.
1240 3650 1258 3705 d
