2859 4334
266 356 308 421 22
550 362 731 421 ΙΣΟΚΡΑ
743 363 799 422 ΤΟ
808 363 870 420 ΤΣ
880 366 943 435 (12)

219 540 251 593 37
266 529 411 607 χαλεπον
433 524 586 601 ἐξισῶσαι
605 519 683 599 τούς
710 525 876 600 ἐπαίνους.
910 519 1028 591 affl
1007 550 1097 610 ομως
1122 523 1224 594 οὐδὲν

267 628 395 741 μᾶλλον
417 619 621 689 ἀποστατέον
643 619 756 687 αὐτῶν
779 622 868 689 ἐστίν
889 620 963 690 ἀλλ’
987 627 1222 720 ἐπιτελεστέον,

267 718 310 806 ἥν
325 744 386 802 περ
403 726 450 787 ἐτι
465 726 525 806 ζῆν
543 724 762 806 δυνηθῶμεν,
785 715 894 799 άλλως
909 748 944 788 τε
960 726 1013 789 καὶ
1032 731 1166 792 πολλῶν
1181 749 1224 810 με

267 817 526 902 παροξυνόντων
537 819 682 905 γράφειν
694 817 810 905 αὐτὸν,
829 828 963 903 πρῶτον
976 825 1038 908 μὲν
1052 831 1120 890 τῶν
1135 830 1224 892 είθι-

266 920 400 1003 σμένων
410 916 558 1005 ἀσελγῶς
569 933 768 1004 κατηγορεῖν
778 926 835 1004 τῆς
846 918 1004 998 πόλεᾘς
987 928 1093 1007 ημῶν,
1110 928 1223 990 ἔπειτα

266 1025 334 1084 τῶν
344 1023 521 1103 χαριέντως
532 1023 604 1103 μέν,
612 1017 833 1101 ἀπειροτέρως
844 1020 880 1085 δὲ
892 1021 947 1087 καὶ
959 1023 1225 1105 καταδεεστέρως
1235 1052 1253 1091 ο

217 1129 251 1183 38
268 1119 499 1185 ἐπαινούντων
506 1115 624 1204 αὐτὴν,
633 1124 679 1185 ἐτι
687 1119 723 1185 δὲ
730 1125 798 1184 τῶν
805 1119 927 1200 ἐτέρων
933 1124 1062 1204 μᾶλλον
1069 1116 1224 1205 εὐλογεῖν

264 1218 465 1302 τολμώντων
475 1214 537 1285 ούιι
544 1214 771 1301 ἀνθρωπίνως
779 1214 854 1285 ἀλλ’
863 1214 969 1295 ούτως
981 1216 1064 1285 ώστε
1076 1216 1225 1298 πολλοὺς

264 1312 517 1383 ἀντιτάττεσθαι
538 1314 621 1399 πρὸς
641 1314 780 1400 αὐτούς,
803 1317 940 1382 πάντων
957 1315 995 1384 δέ
1007 1316 1149 1402 μάλιστα
1164 1324 1224 1403 τῆς
1366 1351 1367 1404 χ

263 1411 392 1501 ἡλικίας
412 1420 469 1501 τῆς
489 1412 678 1503 παρούσης,
703 1413 724 1500 η
737 1414 817 1495 τούς
831 1415 954 1493 ἄλλους
969 1418 1120 1502 πέφυκέν
1135 1413 1223 1485 ἀπο-

263 1515 411 1597 τρέπειν·
429 1517 548 1594 έλπιξω
557 1513 634 1600 γάρ,
649 1510 693 1599 ἢν
702 1517 765 1601 μὲν
775 1515 992 1601 κατορθώσω,
1007 1523 1106 1602 μείζω
1117 1517 1223 1604 λη’ρε-

264 1621 345 1678 σθαι
362 1611 463 1691 δόξαν
477 1620 535 1699 της
550 1610 781 1700 ὑπαρχούσης,
797 1609 842 1702 ἢν
857 1612 889 1682 δ’
904 1618 1117 1701 ἐνδεέστερον
1130 1616 1223 1703 τύχω
1366 1593 1368 1734 6

264 1712 463 1797 διαλεχθείς,
488 1719 610 1798 πολλῆς
625 1714 826 1799 συγγνώμης
845 1713 1022 1795 τεύξεσθαι
1041 1710 1132 1800 παρά
1151 1722 1222 1783 τῶν

263 1808 467 1878 ἀκουόντων.

215 1926 248 1979 39
349 1911 432 1996 (ιδ.)
442 1907 481 1976 “A
493 1910 556 1996 μὲν
570 1905 634 1979 οὖν
646 1909 845 2000 ἠβουλήθην
855 1914 911 1982 καί
921 1916 997 1999 περὶ
1008 1915 1155 1998 ἐμαυτοῦ
1165 1914 1256 1981 mla

268 2008 346 2092 περὶ
359 2012 428 2073 τῶν
440 2002 552 2073 ἀλλων
568 2005 679 2094 ῶσπερ
692 2008 792 2093 χορδς
806 2005 884 2096 [πρὸ
894 2010 956 2076 τοῦ
966 2007 1111 2096 ἀγῶνος]
1129 2033 1215 2097 προ·
1366 2021 1367 2026 ’

268 2108 511 2193 αναβαλέσθαι,
516 2105 606 2175 ταῦτ’
615 2112 715 2177 ἐστίν
719 2104 1215 2196 ηγούμαιδὲχρῆναιτοδςβου·

267 2210 432 2296 λομενους
439 2208 641 2296 ἐγκωμιάσαι
648 2236 722 2276 τινα
712 2209 1090 2300 τωνπολεωνακριβως
1098 2215 1215 2281 καιδι

263 2311 363 2381 καίως
380 2331 423 2390 μη
439 2305 547 2389 μόνον
561 2304 691 2389 περδ’
650 2331 751 2391 αυτης
766 2316 936 2373 ποιεῖσθαι
950 2305 1029 2382 τούς
1043 2294 1206 2390 λόγους
1178 2330 1221 2389 ης

264 2407 497 2523 προῃρημένοι
501 2406 736 2490 τυγχάνουσιν,
751 2402 824 2471 ἀλλ’
840 2402 951 2487 ῶσπερ
962 2400 1024 2489 τὴν
1035 2402 1218 2488 πορφύραν

263 2499 361 2569 καὶ
327 2528 387 2569 τον
398 2500 523 2588 χρυσὸν
534 2510 733 2589 θεωροῦμεν
745 2531 799 2570 και
789 2504 1064 2588 δοκιμάζομεν”
1044 2526 1139 2586 ετερα
1151 2526 1217 2568 πα-

261 2592 516 2686 ραδεικνύοντες
530 2610 598 2669 τῶν
615 2605 669 2669 καί
685 2601 747 2688 την
765 2599 844 2681 ὄψιν
861 2599 979 2720 ὁμοίαν
999 2601 1145 2687 ἐχόντων
1161 2602 1216 2667 καί
1230 2629 1249 2666 e

215 2724 249 2773 ιο
262 2709 319 2787 της
331 2726 426 2817 τιμης
437 2708 493 2787 τῆς
506 2698 608 2820 αύτης
620 2700 840 2821 ἀξιουμένων,
853 2698 941 2767 οὕτω
953 2702 1007 2766 καὶ
1021 2713 1091 2777 ταῖς
1099 2697 1217 2766 πόλεσι

262 2800 467 2883 παριστάναι
482 2827 525 2885 μη
547 2799 605 2879 τάς
615 2798 744 2920 μικράς
764 2815 834 2879 ταῖς
853 2798 1029 2886 μεγάλαις,
1054 2800 1137 2885 μηδὲ
1157 2795 1217 2875 τάς

265 2899 463 2968 ἅπαντατὸν
471 2896 657 2986 χρόνονύφ
670 2902 795 2986 ἑτέραις
810 2897 992 2977 ούσαςταίς
989 2896 1117 3016 ἀρχειν
1129 2903 1217 2964 είθι-

262 2998 413 3080 σμέναις,
425 2994 554 3082 μηδὲ
518 3024 577 3075 τας
588 2996 753 3118 σώζεσθαι
766 3001 925 3082 δεομένας
935 2993 1019 3083 πρός
1030 2994 1141 3074 τάς
1100 2998 1218 3090 σώζειν
1234 3017 1289 3073 241

262 3097 459 3182 δυναμένας,
476 3095 559 3165 ἀλλά
579 3096 638 3177 τάς
658 3103 893 3218 παραπλησίαν
914 3100 967 3162 καί
989 3121 1051 3180 την
1070 3066 1217 3178 δύύαμιν

261 3193 399 3279 ἐχούσας
420 3195 616 3278 καὶπερὶ
579 3220 638 3274 τας
652 3193 756 3274 αύτάς
774 3195 908 3277 πράξεις
923 3195 1145 3312 γεγενημένας
1160 3192 1216 3257 καὶ

261 3306 330 3369 ταῖς
344 3294 506 3372 ἐξουσίαις
520 3292 650 3379 ὁμοίαις
663 3299 880 3381 κεχρημένας·
905 3291 993 3359 οὕτω
1009 3290 1075 3378 γάρ
1091 3288 1134 3357 ἀν
1148 3292 1214 3376 μά-

213 3418 241 3467 41
261 3400 354 3459 λιστα
369 3399 426 3477 τῆς
443 3390 601 3479 ἀληθείας
617 3396 758 3480 τύχοιεν.
780 3390 824 3480 ἦν
839 3392 881 3479 δη’
896 3420 944 3471 τις
958 3390 1043 3479 ἡμᾶς
1059 3389 1118 3459 τδν
1135 3391 1214 3474 τρό-

261 3516 326 3558 πον
340 3499 460 3559 τοῦτον
472 3496 704 3579 σκοπῆται,ιιαί
719 3492 916 3580 παραβάλλῃ
930 3490 974 3577 μη
986 3489 1071 3574 πρὸς
1081 3489 1144 3577 τὴν
1155 3517 1214 3557 τυ-

260 3597 385 3673 χοῦσαν
400 3591 499 3659 πάλιν
513 3591 597 3660 ἀλλά
612 3593 696 3679 πρὸς
711 3591 774 3677 την
789 3600 1026 3676 Σπαρτιατῶν,
1047 3588 1090 3677 ἣν
1105 3595 1139 3659 οἱ
1151 3616 1214 3674 μεν
