2859 4334
281 435 343 499 τεο
560 438 964 514 amarorum>

280 602 341 663 τοῦ
352 597 546 684 πράγματος
556 597 825 681 ἐνθυμουμένων
836 593 922 664 ἀλλὰ
933 598 970 664 τό
980 606 1170 686 συμβαῖνον
1181 600 1246 685 μό·
1363 597 1364 620 ³

282 720 344 763 νον
364 697 607 782 σκοπουμένων
626 692 691 781 ἤδη
705 694 795 773 τινὲς
815 696 1036 783 ἐλοιδόρησαν
1051 694 1174 766 αὐτόν·
1196 689 1246 765 όν

283 792 345 881 τὴν
360 792 482 863 ἄνοιαν
497 797 530 875 ἐξ
546 786 595 863 οἷν
609 794 874 883 ἐβλασφήμησαν
887 798 964 881 περὶ
978 799 1111 865 ἐκείνου
1124 798 1248 886 ῥᾴδιον

233 908 267 961 46
282 893 386 963 άπασι
403 904 621 980 καταμαθεῖν.
645 901 715 973 πῶς
725 890 791 980 γάρ
801 889 842 960 ού
853 898 1100 980 καταγέλαστον
1114 894 1247 963 πεπόν-

282 1004 399 1079 θασιν,
407 998 438 1061 εί
444 991 508 1080 τὴν
518 990 631 1061 αὑτῶν
640 992 747 1079 φύσιν
755 992 964 1075 ἱκανωτέραν
974 990 1060 1061 εἶναι
1071 999 1247 1079 νομίζουσι

282 1098 339 1178 τῆς
353 1088 419 1159 ύπδ
435 1097 504 1158 τῶν
517 1100 611 1159 θεῶν
625 1096 884 1176 προκρυθείσης,·
903 1087 1022 1177 ούγάρ
1035 1091 1157 1177 δήπου
1167 1096 1248 1175 περὶ

283 1182 331 1258 όν
342 1196 388 1269 είς
395 1190 564 1278 τοσαύτην
573 1196 646 1276 ἔριν
655 1191 862 1275 κατέστησαν
871 1186 1085 1285 τόντυχόντα
1094 1193 1276 1275 διαγυῶ-ὶι

282 1316 338 1359 ναι
352 1290 475 1375 κύριον
486 1294 656 1375 ἐποίησαν,
672 1285 758 1357 άλλά
770 1291 886 1373 δῆλον,
902 1286 954 1355 ὅτι
965 1289 1134 1373 τοσαύτην
1144 1294 1246 1375 ἔσχον

179 1380 182 1387 ’
279 1384 435 1473 σπουδὴν
455 1385 653 1468 ἐκλέξασθαι
671 1386 788 1475 κριτὴν
812 1383 874 1456 τόν
893 1387 1079 1476 βέλτιστον,
1098 1383 1251 1478 όσηνπερ

230 1500 261 1551 εἲ
279 1490 357 1575 περὶ
367 1486 476 1556 αύτού
483 1492 544 1556 τού
553 1487 945 1576 πράγματοςέπιμέλειαν
954 1486 1163 1574 ἐποιήσαντο.
1181 1490 1250 1577 χρὴ

280 1588 477 1675 δέσκοπεδν,
491 1586 612 1668 όποίός
625 1615 674 1667 τις
685 1579 741 1675 ἦν,
755 1589 814 1657 καὶ
824 1586 1009 1675 δοκιμάζειν
1016 1586 1125 1658 αύτδν
1137 1588 1202 1658 οόκ
1211 1594 1249 1658 ἐκ

283 1696 341 1777 τῆς
356 1686 459 1776 ὀργῆς
473 1697 531 1777 τῆς
546 1697 614 1759 τῶν
628 1688 889 1777 άποτυχουσων,
906 1689 982 1761 ἄλλ’
998 1693 1030 1772 ἐξ
1049 1685 1098 1761 όν
1114 1690 1245 1760 ἅπασαι

282 1790 554 1876 βουλευσάμεναι
566 1795 763 1875 προείλοντο
777 1786 840 1876 την
850 1794 982 1857 ἐκείνου
993 1790 1159 1859 διάνοιαν.
1180 1816 1246 1857 κα-

283 1895 349 1966 κῶς
365 1884 509 1974 μὲνγὰρ
526 1898 651 1957 παθεῖν
668 1885 736 1955 ὑπὸ
752 1895 821 1955 τόν
837 1889 1041 1976 κρειττόνων
1056 1888 1158 1959 οὐδὲν
1174 1916 1246 1957 κω-

281 1987 355 2055 λύει
372 1990 427 2055 καὶ
442 1983 522 2067 τούς
541 1988 647 2076 μηδὲν
668 1988 949 2077 ἐξημαρτηκότας·
970 1991 1126 2078 τοιαύτης
1140 1992 1177 2060 δὲ
1190 2018 1247 2058 τι-

281 2093 344 2172 μῆς
360 2100 473 2172 τυχεῖν
489 2085 574 2155 ὥστε
589 2086 723 2175 θνητόν
737 2086 819 2155 ὄντα
834 2095 929 2156 θεῶν
940 2092 1101 2175 γενέσθαι
1110 2085 1245 2177 κριτὴν,
1259 2113 1276 2151 ο

281 2182 343 2271 ούχ
363 2180 494 2254 οἷόντε
514 2184 559 2273 μὴ
579 2184 622 2256 ού
642 2185 703 2255 τὸν
722 2184 810 2256 πολύ
832 2194 872 2278 τῇ
887 2187 1005 2278 γνόμη
1025 2190 1242 2275 διαφέροντα.

235 2298 268 2351 ⁴8
282 2284 374 2372 (νβ’.)
393 2286 559 2371 Θανμάζω
580 2283 611 2354 δ’
628 2298 662 2356 εί
678 2314 728 2368 τις
742 2297 847 2356 οίεται
868 2295 978 2367 κακοῖς
992 2294 1245 2377 βεβουλεῦσθαι

280 2382 341 2453 τόν
361 2382 444 2471 μετά
461 2387 584 2472 ταύτης
598 2392 657 2473 ζῆν
672 2388 850 2474 ἑλόμενον,
873 2379 913 2474 ἧς
927 2390 1026 2455 ἕνεκα
1040 2390 1158 2456 πολλοὶ
1172 2394 1245 2454 τῶν

280 2480 433 2572 ἡμιθέων
454 2480 687 2571 ἀποθνήσκειν
706 2481 889 2571 ἠθέλησαν.
913 2492 983 2563 πῶς
999 2483 1032 2552 δ’
1047 2482 1111 2552 οόιι
1132 2480 1176 2552 άν
1195 2478 1245 2569 ἦν

280 2579 439 2669 άνόητος,
463 2588 493 2651 εί
512 2579 592 2661 τούς
604 2579 710 2662 θεούς
724 2580 822 2661 είδός
845 2581 925 2669 περὶ
942 2578 1091 2660 κάλλους
1107 2587 1241 2668 φιλονι-

280 2690 424 2762 κοῦντας
439 2677 542 2762 αὐτὸς
558 2683 704 2763 κάλλους
718 2683 967 2771 κατεφρόνησε,
982 2680 1097 2770 καὶμὴ
1112 2682 1243 2767 ταύτην

280 2781 413 2867 ἐνόμισε
424 2787 584 2869 μεγίστην
599 2780 769 2850 εἶναιτῶν
784 2787 932 2867 δωρεῶν,
947 2783 1023 2867 περὶ
1032 2773 1073 2869 ἧς
1083 2779 1243 2860 κάκείνας

281 2879 368 2966 ἐόρα
385 2881 530 2966 μάλιστα
547 2882 819 2964 σπουδαζούσαςς

232 2993 266 3047 49
364 2980 458 3067 (κγ’.)
476 2987 534 3059 Τίς
544 2979 576 3047 δ’
590 2977 635 3049 άν
646 2978 706 3049 τόν
716 2982 827 3069 γάμον
837 2978 898 3050 τόν
906 2978 1040 3068 Ἑλένης
1050 2979 1271 3067 ὑπερείδεν,δ

277 3070 317 3166 ἧς
336 3075 569 3167 άρπασθείσης
588 3084 622 3151 οί
640 3079 867 3168 μὲυἝλληνες
881 3079 988 3161 οὕτως
1001 3079 1242 3169 ἠγανάκτησαν

280 3173 391 3261 ὥσπερ
404 3174 484 3264 ὅλης
495 3176 716 3266 τῆςἘλλάδος
726 3185 1002 3268 πεπορθημένης,
1017 3186 1052 3251 οί
1061 3186 1098 3250 δὲ
1108 3182 1241 3271 βάρβα-

279 3299 333 3359 ροι
344 3282 508 3344 τοσοῦτον
519 3278 725 3365 ἐφρόνησαν,
738 3278 821 3348 ὅσον
832 3306 894 3365 περ
904 3275 948 3348 ἄν
958 3286 990 3348 εί
996 3280 1134 3348 πάντων
1142 3279 1241 3369 ἡμῶν

279 3373 475 3461 ἐκράτησαν.
494 3380 598 3463 δῆλον
609 3376 640 3444 δ’
653 3377 698 3457 ὡς
709 3378 860 3462 ἑκάτεροι
872 3382 1087 3465 διετέθησαν·
1104 3387 1238 3447 πολλῶν

277 3469 343 3558 γάρ
352 3470 466 3551 αύτοίς
474 3476 641 3560 πρότερον
649 3477 868 3564 ἐγκλημάτων
876 3480 1070 3565 γευομένων
1085 3475 1164 3564 περὶ
1175 3479 1240 3564 μὲν

277 3578 346 3639 τόν
359 3570 472 3640 ἄλλων
484 3571 628 3660 ἡσυχίαν
642 3568 738 3662 ἦγον,
753 3574 839 3660 ὑπὲρ
855 3578 892 3644 δὲ
906 3577 1028 3663 ταύτης
1038 3583 1241 3663 τηλικοῦτον

278 3672 525 3754 συνεστήσαντο
544 3672 691 3758 πόλεμον
716 3672 759 3743 ού
776 3676 884 3759 μόνον
897 3684 947 3766 τῷ
960 3679 1097 3763 μεγέθει
1107 3676 1167 3763 τῆς
1178 3674 1239 3759 όρ-
