2859 4334
445 420 579 480 ΠΡΟΣ
594 419 870 479 moun.
1099 418 1137 481 15

88 515 90 666 δ
178 590 259 648 σθαι
272 579 329 648 καί
343 581 420 663 περὶ
434 576 457 646 ἃ
470 583 524 646 δελ
534 582 736 664 διατρίβειν,
752 575 819 663 ἐγω
829 577 1031 665 πειράσομαι
1045 584 1136 648 διελ-

155 689 264 749 λθελν.
287 663 318 746 εδ
330 678 394 763 μὲν
404 669 470 746 οῦν
479 681 570 746 ἐσται
582 673 621 744 τῦ
633 681 746 762 δῶρον
757 677 960 763 ἐξεργασθὲν
973 677 1069 760 άξιον
1079 685 1137 765 τῆς

174 776 389 862 ὑποθέσεως,
403 773 549 862 χαλεπὸν
566 772 632 842 άπό
647 781 706 860 τῆς
720 771 823 862 άρχῆς
836 778 1005 844 συνιδεῖν·
1027 775 1135 846 πολλά

172 875 238 964 γάρ
254 877 311 944 καὶ
331 881 400 943 τῶν
421 870 503 961 μετὰ
522 877 648 960 μέτρου
662 872 859 960 ποιημάτων
875 877 931 943 καί
947 880 1016 942 τῶν
1032 899 1135 944 κατα-

173 973 324 1062 λογάδην
334 974 607 1062 συγγραμμάτων
618 977 666 1042 ἐτι
676 974 784 1060 μὲνέν
794 984 866 1051 ταίς
877 976 1042 1052 διανοίαις
1053 971 1134 1041 ὄντα

172 1080 241 1142 τῶν
256 1075 492 1141 συντιθέντων
508 1073 654 1159 μεγάλας
667 1069 728 1151 τάς
741 1074 943 1158 προσδοκίας
957 1074 1134 1160 παρέσχεν,

173 1173 431 1240 ἐπιτελεσθέντα
446 1170 484 1240 δέ
503 1173 559 1239 καλ
577 1183 646 1250 τοίς
666 1167 782 1249 άλλοις
798 1172 1029 1258 ἐπιδειχθέντα
1044 1169 1134 1242 πολι)

150 1273 436 1356 ὓκαταδεεστέραυ
449 1267 512 1357 τὴν
523 1269 625 1350 δόξαν
638 1275 697 1356 τῆς
707 1271 841 1348 ἐλπίδος
852 1275 988 1357 ἐλαβεν·
1011 1268 1053 1338 οῦ
1063 1267 1133 1358 μὴν
1146 1301 1161 1339 ε

173 1367 257 1439 άλλά
275 1368 315 1437 τό
329 1365 363 1454 γ’
380 1369 573 1457 ἐπιχείρημα
584 1375 693 1448 καλῶς
703 1375 786 1455 ἔχει,
800 1365 838 1436 vo*
852 1374 959 1456 ζητεῖν
971 1369 1012 1438 τά
1023 1394 1134 1459 παρα-

172 1471 372 1554 λελειμμένα
383 1471 438 1537 καὶ
447 1478 646 1555 νομοθετεῖν
655 1482 727 1548 ταῖς
736 1475 940 1555 μοναρηίαις.
954 1474 988 1538 οί
994 1470 1057 1557 μέν
1066 1469 1132 1557 γάρ

172 1567 251 1648 τοῦς
267 1566 402 1647 ίδιάτας
415 1570 632 1647 παιδεύοντες
643 1572 793 1648 ἐκείνους
802 1567 912 1655 μόνον
924 1565 1130 1654 ὠφελοῦσιν·

173 1673 202 1736 εί
220 1669 262 1736 δέ
279 1692 330 1744 τις
351 1662 431 1745 τοῦς
452 1673 658 1753 κρατοῦντας
677 1671 740 1735 τοῦ
759 1667 915 1753 πλήθους
938 1664 990 1736 ἐπ’
1008 1664 1132 1754 άρετην

172 1769 410 1854 προτρέψειεν,
435 1763 645 1853 ἀμφοτέρους
667 1760 711 1834 ἐν
733 1763 883 1854 ὀνήσειε,
904 1770 960 1835 καλ
979 1765 1059 1846 τοῦς
1072 1763 1132 1844 τάς

173 1871 371 1946 δυναστείας
390 1871 526 1953 ἔχοντας
546 1867 602 1934 καί
616 1862 696 1943 τοῦς
710 1862 770 1933 ὑπ’
787 1863 903 1945 αῦτοίς
916 1864 1030 1944 ὄντας·
1063 1878 1132 1944 τοῖς

172 1969 234 2052 μὲν
248 1962 316 2051 γὰρ
331 1961 375 2032 &v
389 1963 448 2046 τὰς
464 1961 568 2051 άρχάς
583 1961 849 2051 ἀσφαλεστέρας,
861 1978 930 2044 τοίς
944 1967 980 2032 δέ
993 1962 1053 2043 τάς
1067 1988 1131 2030 πο-

171 2072 296 2145 λιτείας
310 2067 496 2152 πραοτέρας
511 2064 689 2152 ποιήσειεν.

142 2180 158 2232 9
253 2165 328 2251 (γ’.)
350 2171 493 2251 Προῖτον
503 2165 566 2250 μὲν
581 2155 645 2231 οῦν
657 2164 830 2248 σκεπτέον,
843 2168 880 2231 τί
889 2168 958 2230 τῦν
969 2168 1157 2250 βασιλεῦ-δ

172 2265 285 2332 όντων
300 2267 402 2349 ἐργον
417 2265 521 2332 ἐστίν·
544 2257 589 2329 ι’ὶν
599 2258 666 2348 γάρ
682 2263 720 2330 ἐν
736 2267 930 2346 κεφαλαίοις
944 2257 1007 2348 τὴν
1024 2260 1129 2328 δῦνα-

171 2391 232 2450 μιν
243 2361 328 2430 ὅλου
339 2369 400 2430 τοῦ
409 2361 602 2450 πράγματος
611 2367 722 2441 καλῶς
733 2359 977 2448 περιλάβωμεν,
989 2357 1128 2428 ἐνταῦθ’

171 2462 420 2550 ἀποβλέποντες
436 2462 576 2550 ἄμεινον
595 2466 651 2532 καλ
665 2462 825 2546 περὶτῶν
846 2466 959 2547 μερῶν
975 2461 1128 2545 ἐροῦμεν.

171 2561 265 2650 οἶμαι
275 2559 317 2647 δη
332 2561 460 2642 πάντας
473 2557 518 2631 άν
528 2560 733 2649 ὁμολογήσω
747 2558 930 2646 προσήκειν
944 2553 1058 2636 αῦτοίς
1067 2556 1129 2623 πό-

170 2670 226 2730 λιν
259 2663 500 2744 δυστυχοῦσαν
530 2665 659 2730 παῦσαι
688 2659 746 2727 καὶ
776 2661 887 2736 καλῶς
916 2655 1130 2742 πράττουσαν
1162 2690 1196 2724 κ

170 2758 377 2844 διαφυλάξαι
391 2761 447 2826 καί
462 2759 613 2846 μεγάλην
634 2758 670 2824 ἐκ
686 2762 807 2842 μικρᾶς
826 2761 978 2841 ποιῆσαι·
1006 2749 1047 2820 τά
1063 2749 1129 2838 γάρ

169 2855 257 2927 ἄλλα
270 2853 312 2925 τά
328 2860 560 2943 συμπίπτοντα
577 2852 661 2924 κατά
675 2851 739 2941 την
751 2851 881 2941 ἡμέραν
895 2851 1038 2939 ἑκάστην
1048 2849 1129 2919 τοῦ·
1141 2875 1156 2912 e

126 2971 156 3022 10
169 2983 241 3026 των
258 2959 357 3024 ἕνεκα
377 2958 544 3042 πρακτέου
558 2956 657 3023 ἐστίν.
686 2949 825 3039 καὶμὴν
844 2951 953 3019 ἐκεῖνό
967 2976 1006 3038 γε
1023 2977 1130 3038 φανε·

169 3053 253 3142 ρὸν,
269 3054 321 3123 ῦτι
337 3059 390 3124 δελ
399 3052 479 3134 τοῦς
492 3061 596 3124 ταῦτα
612 3057 863 3142 δυνησομένους
878 3053 933 3120 καί
947 3054 1022 3136 περὶ
1036 3061 1130 3137 τηλι-

168 3153 307 3222 κοῦτωυ
332 3156 602 3241 βουλευομένους
628 3149 672 3239 μη
700 3153 869 3241 ῥᾳθυμεῖν
893 3146 972 3237 μηδ’
995 3145 1129 3235 άμελελν

168 3249 257 3320 ἀλλὰ
274 3265 429 3337 σκοπεῖν,
445 3249 536 3330 ὅπως
551 3249 806 3339 φρονιμώτερον
824 3253 1047 3318 διακείσονται
1061 3253 1129 3313 τῶν

168 3350 295 3421 ἄλλων.
310 3355 472 3421 δέδεικται
481 3351 557 3436 γάρ,
567 3351 618 3420 ὅτι
627 3349 783 3427 τοιαῦτας
792 3346 851 3428 τάς
859 3353 1027 3432 βασιλείας
1033 3349 1129 3427 ἕξου-
1145 3361 1175 3414 17

113 3453 143 3501 1¹
163 3463 235 3526 σιν,
249 3443 323 3520 οίας
337 3463 400 3526 περ
414 3435 457 3507 δν
469 3436 531 3518 τάς
545 3434 660 3508 αῦτῦν
669 3437 807 3525 γνάμας
820 3433 1131 3526 παρασκευάσασιν.

165 3540 251 3610 ὥστ’
272 3537 389 3610 οῦδενί
411 3542 481 3609 τῶν
499 3540 655 3627 άσκητῶυ
673 3533 765 3608 οῦτω
789 3537 949 3628 προσήκει
970 3533 1009 3603 τό
1036 3540 1133 3622 σῶμα

164 3640 349 3732 γνμνάζειυ
361 3637 407 3721 ιδς
419 3655 490 3721 τοῖς
497 3639 716 3732 βασιλεύουσι
727 3639 790 3728 τὴν
802 3638 917 3727 φυγὴν
927 3637 991 3726 τὴν
999 3635 1130 3705 αῦτῶν·
