2859 4334
456 391 871 450 ΠΑΝΑΘΗΝΔΙΚΟΣ.
1094 396 1135 456 59

189 554 241 631 τῆς
255 546 558 633 ἀντιποιουμένοις,
583 548 626 634 μη
645 558 702 635 τῆς
716 552 768 618 έπί
783 558 851 617 τῶν
867 561 992 637 τεχνῶν
1008 553 1132 640 ύνυμα-

189 650 319 731 ζομένης
333 651 387 715 καὶ
398 656 532 716 πολλῶν
542 647 654 715 ἄλλων
665 646 748 716 ἀλλὰ
760 657 816 735 της
826 664 895 729 τοίς
904 660 1016 730 καλοῖς
1027 651 1130 738 κάγα-
1144 658 1160 712 d

185 754 259 823 θοίς
275 752 344 812 τῶν
365 744 500 832 ἀνδρῶν
522 751 559 814 ἐν
579 762 648 826 ταῖς
668 760 787 833 ύυχαίς
806 746 877 833 μετ’
895 747 1062 838 εὐσεβείας
1080 754 1131 818 καί

186 846 399 933 δικαιοσύνης
407 850 653 933 ἐγγιγνομένης,
665 850 740 930 περὶ
752 840 790 933 ἧς
801 846 887 926 άπας
896 847 915 916 ὁ
924 849 1022 935 λύγος
1034 853 1131 917 ἐστίν.

119 947 169 1001 184
186 933 223 1028 ἧς
242 940 482 1028 ὀλιγωροῦντές
496 971 586 1026 τινες
601 946 840 1032 ἐγκωμιάζουσι
856 943 935 1025 τούς
951 954 1052 1015 πλείω
1067 956 1133 1014 τῶν

184 1039 294 1110 ἄλλων
313 1040 559 1130 ἡμαρτηκότας,
584 1045 639 1111 καί
660 1039 722 1110 ούκ
738 1042 959 1110 αἰσθάνονται
980 1043 1038 1123 τὰς
1059 1049 1132 1113 δια-

184 1150 274 1219 νοίας
288 1143 552 1220 ἐπιδεικνύοντες
565 1138 624 1219 τὰς
637 1142 798 1226 σφετέρας
813 1138 934 1227 αὐτῶν,
954 1140 1004 1210 ὅτι
1020 1140 1132 1210 κάκεί-

183 1266 262 1320 νους
276 1236 320 1308 ἂν
334 1245 543 1310 ἐπαινέσειαν
556 1239 635 1320 τούς
649 1246 750 1307 πλείω
761 1243 823 1326 μέν
834 1248 1055 1329 κεκτημένους
1066 1252 1132 1311 τῶν

181 1342 318 1425 ίκανῶν,
334 1338 523 1408 άποκτεῑναι
538 1337 570 1407 δ’
584 1335 628 1406 άν
639 1341 866 1425 τολμήσαντας
876 1338 954 1419 τούς
965 1339 1133 1426 ἀδελφούς

180 1434 377 1517 τούςαὺτῶν
389 1441 443 1507 καί
453 1437 532 1515 τούς
542 1441 692 1520 ἑταίρους
703 1440 758 1505 καί
767 1435 846 1517 τούς
855 1438 1041 1517 κοινωνούς
1049 1438 1133 1508 ὥστε
1145 1476 1160 1513 ε

180 1539 234 1604 καί
245 1534 408 1604 τάκείνων
415 1545 545 1623 λαβεῖν·
563 1535 660 1621 ὅμοια
672 1535 737 1623 γάρ
749 1534 789 1603 τά
801 1546 937 1605 τοιαῦτα
949 1549 1015 1606 τῶν
1025 1547 1133 1625 ἔργων

179 1639 247 1705 έστί
257 1650 325 1714 τοίς
339 1635 405 1704 ὑπὸ
417 1644 638 1722 Σπαρτιατῶν
652 1639 909 1722 πεπραγμένοις,
926 1636 1035 1716 άτούς
1047 1637 1132 1705 άπο-

179 1739 378 1822 δεχομένους
400 1734 584 1820 άναγκαίύν
605 1738 671 1801 ἐστι
692 1736 747 1803 καὶ
766 1738 841 1820 περὶ
861 1743 928 1804 τῶν
949 1739 1133 1822 εἰρημένων

111 1853 159 1905 185
179 1835 255 1918 άρτι
270 1833 332 1921 τὴν
348 1832 454 1920 αὐτὴν
475 1841 561 1920 ἔχειν
581 1835 727 1919 γνῶμην.
768 1835 852 1912 (σε’.)
875 1836 1039 1920 Θαυμάζω
1057 1833 1087 1901 δ’
1106 1845 1138 1903 εἰ
1149 1850 1199 1905 '272

178 1961 269 2012 τινες
288 1932 347 2011 τάς
368 1935 475 2019 μάχας
495 1936 549 2001 καί
571 1932 628 2011 τὰς
642 1940 737 2010 νίκας
757 1930 816 2011 τὰς
835 1932 924 2016 παρὰ
942 1932 979 2001 τδ
1002 1938 1132 2001 δίκαιοιν

179 2039 379 2120 γιγνομένας
389 2031 434 2120 μὴ
448 2037 637 2119 νομίζουσιν
647 2038 794 2116 αἰσχίους
806 2029 890 2098 εἰναι
901 2034 955 2100 καί
966 2033 1132 2102 πλειόνων

178 2134 323 2201 ὀνειδῶν
337 2131 456 2218 μεστάς
470 2127 491 2217 ἢ
506 2130 564 2211 τάς
575 2131 674 2217 ἥττας
688 2129 746 2208 τάς
762 2130 845 2198 άνευ
860 2140 975 2211 κακίας
988 2141 1131 2219 συμβαι-

177 2232 315 2314 νούσας,
332 2233 386 2298 καὶ
400 2227 494 2297 ταῦτ’
512 2230 649 2313 εἰδότες,
668 2228 719 2297 ὅτι
733 2231 873 2316 μεγάλαι
889 2232 1056 2318 δυνάμεις,
1075 2256 1127 2297 πο-

177 2332 278 2418 νηραί
290 2331 336 2415 δέ,
348 2330 508 2408 πολλάκις
518 2338 688 2416 γίγνονται
700 2338 868 2414 κρείττους
879 2328 1013 2415 ἀνδρῶν
1025 2354 1127 2399 σπου-

178 2437 285 2498 δαίων
296 2430 350 2497 καὶ
362 2432 575 2497 κινδυνεύειν
585 2427 669 2511 ὑπὲρ
679 2437 737 2514 της
745 2433 899 2511 πατρίδος
908 2432 1128 2515 αίρουμένωυ.

107 2556 157 2607 186
177 2527 239 2607 ούς
254 2525 341 2596 πολὺ
358 2524 401 2594 άν
419 2529 626 2612 δικαιότερον
641 2532 834 2612 έποιυοίμεν
847 2525 869 2614 ἢ
884 2524 963 2607 τούς
976 2530 1049 2613 περί
1064 2535 1130 2595 τῶν

176 2628 364 2713 ἀλλοτρίων
386 2630 520 2713 ἑτοίμως
541 2624 772 2713 ἀποθνῄσκειν
792 2629 969 2705 ἐθέλοντας
991 2628 1044 2694 καί
1062 2640 1156 2704 τοίςο

177 2732 321 2807 ξενικοῖς
335 2725 577 2808 στρατεύμασιν
592 2722 729 2809 ὁμοίους
743 2722 856 2802 ὄντας·
874 2732 976 2792 ταῦτα
990 2724 1051 2810 μὲν
1065 2726 1130 2811 γάρ

176 2829 269 2893 ἐστιν
284 2830 363 2909 ἔργα
378 2830 536 2908 πονηρῶν
551 2820 755 2908 ἀνθρώπων,
773 2821 810 2890 τδ
827 2826 861 2891 δὲ
875 2823 954 2903 τούς
969 2823 1130 2911 χρηστούς

176 2929 283 2992 ε’νιότε
303 2937 414 3008 χεῖρον
434 2921 655 3007 ἀγωνίζεσθαι
675 2930 742 2990 τῶν
762 2920 890 2990 άδικείν
913 2926 1128 3010 βουλομένων

107 3044 155 3097 [87
173 3030 270 3091 θεῶν
284 3020 328 3088 άυ
345 3049 392 3099 τις
410 3020 565 3107 άμέλειαν
583 3020 667 3089 εἰναι
683 3022 831 3106 φήσειεν.
855 3028 959 3107 έχοιμι
975 3019 1006 3087 δ’
1023 3017 1066 3088 άν
1083 3028 1128 3109 τῷ

174 3122 266 3210 λόγῳ
287 3120 394 3210 τούτῳ
415 3121 677 3206 χρήσασθαικαὶ
700 3124 774 3204 περί
795 3128 852 3206 τῆς
873 3128 1050 3206 συμφορᾶς
1072 3128 1128 3205 της

180 3220 403 3303 Σπαρτιάταις
417 3222 453 3285 έν
468 3218 701 3305 Θερμοπύλαις
715 3222 913 3304 γενομένης,
929 3216 972 3304 ἣν
986 3216 1129 3296 ἅπαντες

174 3318 252 3387 ὅσοι
263 3344 326 3402 περ
337 3315 521 3403 ἀκηκόασιν
534 3321 707 3384 ἐπαινοῦσι
719 3318 774 3384 καί
781 3314 991 3402 θαυμάζουσι
1002 3324 1128 3401 μᾶλλον

173 3415 195 3506 ἢ
214 3416 273 3494 τὰς
294 3418 398 3502 μάχας
416 3418 469 3483 καὶ
489 3414 547 3494 τάς
565 3424 660 3492 νίκας
680 3414 739 3492 τάς
760 3415 968 3500 κρατησάσας
982 3415 1043 3500 μέν
1058 3420 1154 3481 τῶνε

174 3522 351 3600 ἐναντίων,
365 3513 448 3597 πρὸς
460 3510 518 3593 ούς
529 3511 560 3580 δ’
574 3510 636 3581 ούκ
652 3516 751 3599 ἐχρῆν
766 3516 1002 3599 γεγενημένας·
1018 3510 1057 3591 ἃς
1072 3511 1127 3579 εύ-

173 3628 289 3699 λογεῑν
303 3614 390 3692 τινές
404 3620 565 3698 τολμῶσι,
588 3620 696 3689 κακῶς
712 3612 850 3689 εἰδότες,
870 3609 914 3688 ῶς
931 3608 1031 3679 οὐδέν
1047 3607 1126 3677 οὔδ’
