2859 4334
466 415 876 479 ΠΑΝΑΘΗΝΑΙΚΟΣ.
1099 414 1142 478 35

191 600 259 641 των
274 572 481 655 ἀναστάτους
502 584 637 662 ποιῆσαι
651 575 710 654 τὰς
730 580 845 657 πόλεις
860 577 919 657 τὰς
932 579 1142 665 γεννησιίσας

192 678 245 741 καὶ
261 676 435 759 ιθρευόσας
445 676 621 753 τοιούτους
630 674 765 761 ἄνδρας,
783 676 857 762 περὶ
870 668 920 744 οἷν
930 678 985 745 καὶ
996 684 1062 745 νῦν
1073 683 1139 763 ἔχοι

191 799 239 851 τις
253 767 296 840 ἐν
308 782 442 854 πολλοῖς
453 779 507 843 καὶ
519 784 631 853 καλοῖς
641 776 831 861 χρήσασθαι
841 777 962 862 λόγοις,
979 773 1063 843 ἀλλὰ
1077 772 1140 861 γὰρ

190 869 336 957 ἀνόητόν
346 876 413 940 ἐστι
425 876 500 959 περὶ
511 879 591 958 μίαν
602 880 723 959 πρᾶξιν
730 878 923 963 διατρίβειν,
937 873 1047 959 όίσπερ
1055 872 1120 941 ἀπο

190 978 262 1054 ρίας
279 969 397 1057 οὔσης,
417 980 452 1040 τί
459 968 507 1039 ἐίν
522 978 589 1058 ἐχοι
606 999 655 1050 τις
672 979 778 1040 εἰπεῖν
799 975 874 1060 περὶ
894 982 950 1059 τῆς
972 973 1140 1061 ὠμότητος

189 1069 243 1136 καί
257 1071 476 1155 χαλεπότητος
491 1078 548 1158 της
564 1075 849 1156 Λακεδαιμονίων,
865 1069 938 1139 ἀλλ’
958 1070 999 1138 οὐ
1018 1079 1163 1158 πολλῆς(

136 1189 171 1244 91
189 1166 358 1254 ἄφθονίας
374 1167 595 1256 ὑπαρχούσης.
630 1170 718 1253 (λε’.)
741 1167 800 1247 Οἷς
816 1168 878 1237 οὐκ
893 1173 1138 1257 έξηρκεσειπερί

189 1268 248 1345 τὰς
269 1269 382 1345 πόλεις
402 1270 523 1347 ταύτας
543 1273 596 1336 καί
620 1268 699 1347 τους
722 1267 847 1354 ἄνδρας
867 1267 945 1348 τοὺς
965 1268 1139 1347 τοιοότους

189 1374 382 1453 ἐξαμαρτεῖν
404 1365 487 1437 ἀλλὰ
506 1373 559 1435 καί
578 1372 653 1453 περὶ
675 1366 755 1447 τούς
770 1372 805 1435 ἐκ
825 1375 892 1435 τῶν
907 1366 1018 1435 αὐτῶν
1033 1366 1124 1454 ὁρμηΙ

186 1471 310 1545 θέντας
332 1471 385 1535 καί
410 1468 527 1555 κοινὴν
547 1467 609 1555 τὴν
635 1476 809 1553 στρατείαν
824 1469 1069 1554 ποιησαμένους
1084 1471 1138 1535 καὶ
1252 1513 1253 1517 =

186 1576 255 1635 τῶν
270 1566 384 1635 αὐτων
399 1570 571 1637 κινδύνων
586 1568 818 1653 μετασχόντας,
835 1572 920 1655 λέγω
932 1569 967 1635 δὲ
979 1564 1137 1653 περὶἉρ-

186 1674 288 1753 γείων
304 1668 359 1736 καί
377 1676 586 1753 Μεσσηνίων.
612 1670 667 1737 καὶ
684 1666 749 1756 γὰρ
764 1669 904 1747 τούτους
919 1669 1137 1753 ἐπεθύμησαν

186 1782 258 1844 ταῖς
278 1764 392 1845 αὐταῖς
412 1782 600 1853 συμφοραῖς
622 1776 816 1854 περιβαλεῖν
838 1763 956 1852 αἷσπερ
971 1772 1135 1843 ἐκείνους·

186 1869 242 1933 καί
250 1872 464 1951 Μεσσηνίους
471 1869 531 1952 μὲν
539 1874 796 1949 πολιορκοῦντες
810 1864 851 1932 οὐ
862 1866 1026 1952 πρότερον
1032 1864 1136 1934 έπαό-
1150 1875 1167 1934 d

186 1986 300 2048 σαντο,
315 1968 394 2048 πρίν
410 1968 566 2051 ἐξέβαλον
583 1970 619 2032 ἐκ
636 1966 821 2051 τηςχωρας,
835 1963 992 2051 Ἀργείοις
1002 1962 1034 2031 δ’
1052 1962 1136 2048 ὑπὲρ

130 2082 170 2137 92
184 2074 254 2131 των
265 2062 378 2132 αὐτῶν
389 2063 518 2131 τούτων
534 2070 581 2133 ἐτι
593 2069 647 2132 καὶ
662 2070 728 2131 νῦν
744 2072 958 2150 πολεμοῦσιν.
984 2062 1005 2128 δι’
1021 2070 1136 2130 τοίνυν

185 2167 261 2247 περὶ
277 2170 448 2247 Πλαταιᾶς
484 2170 646 2248 ἔπραξαν,
674 2162 795 2241 ἄτοπος
817 2160 860 2229 ἄν
882 2174 970 2249 είην,
998 2168 1029 2229 εί
1041 2156 1133 2227 ταῦτ’

185 2260 326 2347 είρηκοὶς
341 2264 480 2330 ἐκείνων
494 2261 538 2348 μὴ
554 2269 757 2349 μνησθείην·
775 2255 823 2329 ὧν
834 2265 871 2329 ἐν
881 2271 921 2349 τη
931 2263 1022 2351 χαίρηι
1033 2284 1133 2343 στρα-

184 2362 465 2445 τοπεδευσάμενοι
480 2358 553 2447 μεθ’
570 2360 665 2446 ἡμῶν
680 2365 734 2428 καὶ
745 2369 813 2428 των
822 2360 934 2429 ἄλλων
951 2362 1133 2447 συμμάχων

184 2462 238 2526 καὶ
255 2460 522 2545 παραταξάμενοι
536 2476 604 2539 τοῖς
619 2467 788 2544 πολεμίοις
803 2464 857 2527 καί
868 2460 1055 2546 θυσόμενοι
1067 2473 1134 2537 τοῖς

181 2568 276 2635 θεοῖς
288 2572 357 2637 τοῖς
371 2557 430 2625 ὑπ’
452 2562 589 2627 ἐκείνων
603 2563 794 2644 ίθρυμένοις
810 2557 851 2626 οὐ
866 2559 973 2643 μόνον
989 2556 1132 2644 ἠλευθε-

129 2680 167 2733 93
182 2656 340 2743 ρόσαμεν
360 2665 428 2724 των
439 2658 607 2745 Ἑλλήνων
630 2656 710 2738 τούς
730 2655 803 2744 μεθ’
826 2656 922 2745 ἡμῶν
937 2658 1035 2737 ὄντας
1049 2656 1160 2726 ἀλλὰε

184 2755 330 2834 καὶτοὺς
345 2754 619 2841 ἀναγκασθέντας
639 2762 797 2843 γενέσθαι
814 2758 883 2843 μετ’
903 2761 1054 2841 ἐκείνων,
1080 2763 1133 2825 καὶ

182 2853 278 2922 ταῦτ’
297 2859 484 2943 ἐπράξαμεν
503 2862 686 2936 Πλαταιέας
704 2858 863 2943 λαβόντες
884 2859 1009 2944 μόνους
1026 2866 1132 2926 Βοιω-

180 2962 250 3021 τῶν
263 2958 531 3041 συναγωνιστάς·
551 2955 610 3036 οὓς
622 2954 664 3023 οὐ
676 2956 786 3024 πολὺν
792 2958 917 3043 χρόνον
923 2958 1132 3033 διαλιπόντες

184 3054 452 3140 Λακεδαιμόνιοι,
460 3058 667 3141 χαριζόμενοι
676 3064 845 3141 Θηβαίοις,
854 3056 1132 3142 ἐκπολιορκήσαν-

181 3178 236 3228 τες
254 3177 402 3229 απαντας
418 3151 617 3221 απέκτειναν
639 3153 727 3240 πλην
743 3181 810 3221 των
824 3151 1011 3238 ἀποδρᾶναι
1028 3160 1133 3240 θννη-
1150 3166 1199 3218 λολ

157 3257 323 3321 θέντων
347 3250 470 3336 περὶ
435 3278 495 3331 ους
509 3279 529 3338 η
546 3254 670 3332 πόλις’
654 3263 750 3340 ημῶν
765 3253 866 3322 οὐδέν
881 3255 979 3341 ὁμοία
993 3259 1132 3341 γέγονεν

124 3362 165 3416 94
179 3352 336 3427 ἐκείνοις·
358 3354 446 3417 οίέ
407 3377 430 3436 μ
448 3380 469 3418 ν
484 3379 549 3437 γαρ
563 3360 641 3435 περί
651 3380 686 3421 τε
710 3381 787 3433 τους
804 3353 977 3440 εὐεργέτας
995 3364 1050 3441 Ιτης
1059 3354 1132 3423 Ἐλ-

177 3450 280 3526 λοίβος
297 3452 352 3516 καί
368 3448 447 3527 τούς
462 3468 635 3536 συγγενεῖς
647 3451 727 3532 τούς
747 3450 861 3521 αὑτων
874 3452 914 3521 τοὶ
935 3461 1049 3523 τοιαῦτ
1054 3452 1131 3535 ’-ἐξ

177 3548 385 3633 αμαρτόνειν
396 3547 589 3635 ἐτόλμησαν,
603 3556 637 3619 οί
645 3549 677 3618 θ’
693 3550 844 3639 ημέτεροι
856 3558 1105 3638 Μεσσηνίων
1070 3580 1130 3640 μεν

180 3673 263 3723 τους
277 3649 503 3727 διασωθέντας
521 3657 565 3729 είς
581 3652 789 3719 Ναύπακτον
808 3652 1013 3740 κατῴκισαν,
1038 3662 1131 3721 Πλα-

945 3753 960 3802 3
970 3746 982 3774 θ
