2859 4334
289 421 328 485 14
562 420 966 490 ΙΣΟΚΡΑΤΟΤΣίίθλ

285 581 369 668 πρὸς
382 579 445 668 τήν
458 580 627 651 ὑπόθεσιν
642 577 746 647 αὐτόν
761 587 898 662 κρίνωσι
914 579 976 667 τήν
992 584 1028 648 ἐν
1038 589 1084 670 τῷ
1099 580 1250 666 παρόντι

286 684 580 768 δεδοκιμασμένην.

260 798 275 846 ο
371 780 445 868 (β’.)
461 781 660 866 Διαλέξομαι
672 780 708 846 δὲ
720 785 799 862 περί
806 805 840 845 τε
855 784 923 845 τῶν
934 787 974 867 τῇ
984 780 1080 846 πόλει
1090 804 1249 862 πεπραγ-

286 883 397 966 μένων
411 881 466 946 ιιαὶ
482 882 557 964 περὶ
578 885 634 965 τῆς
650 885 719 946 τῶν
733 877 912 962 προγόνων
933 876 1066 964 ἀρετῆς,
1093 875 1155 943 οὐκ
1173 872 1247 941 άπὸ
1264 883 1285 937 δ

286 978 414 1045 τούτων
426 975 610 1064 ἀρξάμενος
625 975 697 1045 ἀλλ’
712 973 777 1044 άπό
794 984 862 1043 τῶν
876 980 948 1063 ἐμοὶ
962 976 1249 1064 συμβεβηκότων·

287 1080 449 1144 ἐντεῦθεν
469 1074 534 1162 γάρ
558 1073 647 1159 οἶμαι
668 1082 797 1161 μᾶλλον
816 1082 1032 1159 κατεπείγειν.
1067 1073 1138 1160 (γ’.)
1159 1081 1249 1140 Πεν-

287 1176 437 1262 ροίμενος
452 1174 516 1261 γάρ
537 1174 774 1261 ἀναμαρτήτως
796 1180 854 1259 ζῆν
869 1178 922 1241 καί
939 1188 1008 1253 τοῖς
1031 1173 1142 1251 άλλοις
1157 1169 1251 1239 άλύ-

287 1300 366 1359 πως,
379 1271 500 1342 οὐδένα
512 1278 703 1341 διαλέλοιπα
711 1272 835 1358 χρόνον
845 1271 911 1339 ὑπό
922 1274 984 1359 μὲν
995 1280 1062 1341 τόν
1072 1279 1251 1357 σοφιστῶν

287 1382 355 1442 τῶν
370 1372 540 1460 ἀδοκίμων
561 1374 615 1441 καὶ
630 1379 790 1458 πονηρῶν
806 1373 1081 1458 διαβαλλόμενος,
1104 1368 1161 1438 ὑπ’
1179 1369 1249 1439 άλ-

286 1481 356 1541 λων
373 1475 411 1539 δέ
421 1499 524 1540 τινων
539 1470 600 1557 οὐχ
617 1469 686 1549 οἷός
708 1478 773 1555 είμι
787 1470 1055 1556 γιγνωσκόμενος
1069 1468 1153 1538 άλλὰ
1170 1496 1247 1536 τοι·

288 1579 385 1649 οὗτος
396 1568 732 1656 ὑπολαμβανάμενος,
754 1566 826 1637 οἷον
841 1566 885 1636 άν
901 1568 980 1656 παρ’
996 1573 1119 1650 ἑτέρων
1136 1566 1246 1636 άκοό-

259 1684 400 1737 δσωσιν.
424 1667 588 1754 βούλομαι
614 1661 680 1738 οὖν
713 1674 995 1754 προδιαλεχθήναι
1006 1676 1085 1754 περί
1093 1667 1121 1734 τ’
1136 1672 1246 1753 ε’μαυ-
1259 1693 1277 1730 e

287 1778 347 1837 τοῦ
362 1768 416 1837 καὶ
436 1773 510 1851 περί
526 1777 593 1835 τῶν
609 1768 696 1837 οὕτω
717 1769 801 1853 πρός
814 1797 854 1854 με
876 1774 1111 1855 διακειμένων,
1131 1766 1178 1837 ἵν’
1197 1768 1248 1856 ήν

287 1894 357 1946 πως
371 1864 440 1945 οἶός
456 1893 492 1934 τε
508 1874 672 1955 γένωμαι,
693 1867 773 1947 τούς
786 1870 848 1953 μέν
868 1872 986 1937 παύσω
999 1876 1245 1957 βλασφημοῦν-

287 1995 360 2046 τας,
377 1962 455 2044 τούς
471 1964 502 2034 δ’
521 1971 642 2036 είδέναι
658 1969 802 2055 ποιήσω,
820 1972 895 2053 περὶ
908 1967 930 2036 δι’
945 1971 1099 2055 τυγχάνω
1114 1975 1245 2053 διατρί-

286 2076 373 2154 βων
397 2059 439 2150 ήν
453 2064 519 2152 γάρ
536 2074 698 2157 ταῦτατῷ
715 2069 804 2157 λόγω
819 2072 959 2154 δυνηθῶ
977 2074 1140 2154 διοικῆσαι
1157 2065 1245 2135 κατά

288 2164 430 2248 τρόπον,
453 2168 570 2247 ἐλπίζω
589 2165 649 2234 τὸν
664 2170 838 2235 ἐπίλοιπον
855 2168 978 2252 χρόνον
993 2166 1093 2246 αὐτός
1109 2165 1138 2234 τ’
1156 2165 1246 2233 άλά-
1265 2179 1320 2232 234

287 2290 356 2341 πος
374 2264 516 2348 διάξειν,
542 2267 662 2355 καὶτῷ
684 2268 772 2353 λόγω
794 2272 839 2356 τῷ
861 2269 1014 2351 μέλλοντι
1028 2267 1243 2354 ῥηθήσεσθαι

287 2360 365 2439 τούς
380 2362 547 2444 παρόντας
561 2372 688 2449 μᾶλλον
703 2369 875 2445 προσάξειν
890 2363 949 2431 τόν
967 2371 1059 2432 νουν.

260 2474 275 2528 7
371 2463 442 2547 (δ’.)
464 2460 536 2529 Οὐκ
552 2461 684 2550 ὀκνήσω
701 2467 736 2530 δὲ
754 2478 921 2531 κατειπεῖν
936 2462 1012 2530 οὔτε
1026 2462 1088 2549 τήν
1104 2470 1167 2529 νῦν
1185 2465 1239 2548 ἐγ-

288 2565 490 2647 γιγνομένην
508 2565 544 2629 ἐυ
560 2570 600 2650 τῇ
617 2568 748 2651 διανοίᾳ
763 2589 818 2647 μοι
833 2560 980 2648 ταραχήν
996 2560 1072 2630 οὔτε
1088 2560 1148 2648 τήν
1162 2559 1242 2628 άτο-

287 2667 368 2727 πίαν
384 2686 432 2727 ον
444 2665 481 2728 ἐν
496 2668 540 2750 τῷ
555 2662 696 2744 παρόντι
710 2663 865 2747 τυγχάνω
886 2663 1100 2746 γιγνώσκων,
1123 2657 1193 2725 οὔτ’
1211 2669 1246 2727 εί

287 2787 317 2825 τι
329 2759 463 2841 πράττω
475 2766 542 2825 των
554 2760 709 2825 δεόντων.
736 2759 800 2844 ἐγώ
813 2758 876 2845 γάρ
889 2758 1095 2845 μετεσχηκώς
1104 2766 1171 2826 τῶν
1181 2784 1240 2843 με-

288 2864 410 2944 γίστων
422 2855 577 2942 ἀγαθῶν,
595 2851 644 2925 όν
657 2858 802 2937 άπαντες
814 2856 857 2925 άν
869 2859 1018 2939 εὔξαιντο
1033 2867 1241 2946 μεταλαβεῖν,

287 2961 421 3039 πρῶτον
435 2958 496 3039 μὲν
514 2963 570 3041 τῆς
585 2959 659 3041 περὶ
672 2954 710 3023 τό
724 2963 817 3041 σῶμα
836 2958 889 3022 καί
902 2955 962 3042 τήν
977 2952 1087 3041 ψυχήν
1103 2953 1239 3039 ὑγιείας,
1252 2962 1271 3014 b

288 3052 348 3139 οὐχ
363 3051 406 3131 ὡς
422 3059 539 3137 ἔτυχον
552 3050 626 3120 ἀλλ’
645 3057 826 3139 ἑναμίλλως
840 3068 907 3132 τοῖς
920 3055 1062 3139 μάλιστα
1076 3054 1151 3137 περὶ
1164 3050 1242 3119 ἑκά-

288 3179 386 3236 τερον
401 3154 530 3220 τούτων
546 3150 780 3240 εὐτυχηκόσιν,
803 3160 914 3221 ἔπειτα
931 3160 988 3237 τῆς
1002 3155 1076 3235 περὶ
1091 3149 1151 3218 τὸν
1166 3159 1242 3238 βίον

289 3250 538 3347 εὐπορίαςμὸστε
547 3253 690 3339 μηδενὸς
699 3252 828 3321 πώποτ’
837 3251 1001 3338 ἀπορήσαι
1013 3258 1079 3318 τῶν
1088 3261 1241 3337 μετρίων,

259 3366 275 3416 8
288 3349 364 3437 μηδ’
390 3343 437 3417 ὦν
457 3349 638 3433 ἅνθρωπος
652 3348 696 3419 άν
711 3359 796 3420 νοῦν
812 3360 896 3437 ἒχων
910 3350 1166 3437 ἐπιθυμήσειεν,
1194 3357 1239 3418 ἐτι

289 3455 351 3518 τοῦ
385 3450 430 3538 μή
460 3458 531 3521 τεάν
562 3455 860 3539 καταβεβλημένων
882 3445 928 3528 εἷς
943 3449 1049 3536 εἶναι,
1070 3450 1152 3537 μηδὲ
1173 3457 1242 3517 τῶν

289 3548 653 3644 κατημελημένωυ,άλλ’
671 3554 824 3636 ἐκείνων,
840 3554 913 3633 περὶ
930 3541 978 3617 όν
990 3556 1024 3618 οί
1035 3554 1242 3635 χαριέστατοι

289 3651 355 3710 των
371 3643 538 3733 Ἑλλήνων
554 3651 608 3716 καὶ
630 3661 813 3736 μνησθείεν
832 3646 877 3717 άν
897 3650 952 3715 καί
975 3653 1181 3734 διαλεχθεῐεν
1197 3646 1266 3725 ὡςΓ
