2859 4334
320 384 362 445 50
587 386 987 458 ΙΣΟΚΡΑΤΟῬΣΜ)

319 545 399 624 κοῦς
413 544 512 624 ὄντας
524 544 683 632 έκβαλῦν,
700 552 863 613 τελευτῶν
875 544 935 612 τόν
946 573 980 614 τε
992 550 1099 632 δῆμον
1110 552 1273 616 κατέλυσε
1284 577 1299 616 ε

319 648 373 711 καὶ
388 643 558 725 τύραννον
573 640 678 710 αὑτόν
696 646 904 728 κατέστησεν.

254 757 302 810 149
404 745 472 828 (ξ’.)
498 741 573 829 Τάχ’
591 736 655 810 οῦν
669 742 712 809 ἀν
728 770 814 821 τινες
830 742 956 811 ἀτοπον
971 743 1059 813 εἶναί
1064 772 1104 832 με
1115 746 1273 832 φήσειαν,

321 841 422 910 οῦδὲν
438 842 504 929 γὰρ
531 843 653 912 κωλύει
672 848 844 930 διαλαβεῖν
869 842 929 912 τόν
951 845 1071 930 λόγον,
1093 844 1144 913 ὅτι
1162 851 1275 929 τολμῶ

320 944 429 1026 λέγειν
441 940 485 1019 ὡς
497 939 642 1028 ἀκριβῶς
653 938 749 1019 είδῦς
757 944 831 1022 περὶ
843 943 1058 1026 πραγμάτων,
1071 937 1120 1021 ολς
1131 940 1173 1010 οῦ
1185 968 1275 1026 παρ-
1291 954 1330 1009 111

323 1048 367 1126 ην
377 1044 623 1126 πραττομένοις.
648 1039 712 1126 έγῦ
726 1038 758 1107 δ’
773 1038 1014 1107 οῦδὲντούτοτν
1034 1040 1160 1128 ἀλογον
1180 1041 1274 1128 οἶμαι

321 1155 437 1207 ποιεῖν.
460 1146 490 1207 εί
499 1140 561 1225 μὲν
572 1139 637 1225 γάρ
648 1141 751 1226 μόνος
765 1142 940 1207 ἐπίστευον
955 1154 1022 1219 τοῖς
1034 1166 1068 1207 τε
1079 1144 1275 1227 λεγομένοις

321 1242 479 1320 περὶτῶν
493 1247 644 1306 παλαιῶν
665 1242 719 1306 καί
737 1254 805 1317 τοῖς
822 1240 993 1324 γράμμασι
1010 1254 1078 1319 τοῖς
1093 1243 1125 1319 ἐξ
1141 1244 1271 1307 ἐκείνοι

320 1343 381 1401 τοῦ
395 1336 519 1421 χρόνον
534 1340 817 1423 παραδεδομένοις
837 1335 933 1424 ἡμῖν,
954 1337 1088 1417 είκότως
1109 1334 1153 1405 ἀν
1168 1341 1273 1406 ἐπιτι-

320 1434 456 1522 μῴμην·
481 1442 545 1501 νῦν
561 1437 597 1502 δὲ
613 1440 730 1505 πολλοὶ
746 1439 800 1504 καὶ
815 1444 901 1504 νοῦν
917 1443 1047 1522 ἔχοντες
1060 1435 1186 1505 ταύτῦν
1200 1441 1274 1523 ἐμοὶ

256 1551 306 1603 151)
321 1547 460 1616 φανεῖεν
476 1528 520 1599 ἀν
538 1537 754 1613 πεπονθότες.
779 1538 877 1621 χωρίς
895 1540 933 1603 δὲ
947 1534 1093 1620 τούτων,
1118 1542 1145 1604 εί
1170 1562 1274 1603 κατα-

321 1639 438 1718 σταίην
453 1638 499 1709 είς
511 1640 646 1720 ἔλεγχον
657 1636 711 1702 καὶ
727 1635 839 1719 λόγον,
856 1639 1043 1721 δυνηθείην
1058 1630 1102 1701 ἀν
1114 1637 1275 1715 ἐπιδεῖξαι

322 1733 448 1809 πάντας
466 1728 672 1813 ἀνθρώπους
701 1740 836 1811 πλείους
857 1733 1035 1818 ἐπιστήμας
1064 1738 1197 1818 ἔχοντας
1218 1731 1300 1801 διάθ

323 1840 378 1917 της
394 1829 497 1918 ἀκοῆς
511 1826 531 1917 ἢ
549 1840 606 1918 της
622 1831 742 1917 ὅψεως,
754 1834 808 1898 καὶ
824 1837 953 1916 μείζους
970 1832 1105 1915 πράξεις
1122 1834 1176 1899 καὶ
1192 1840 1274 1900 κοιλ-

323 1937 415 2007 λίονς
433 1928 576 2015 εἰδότας,
595 1928 634 2009 ἀς
652 1927 727 2016 παρ’
745 1931 867 2014 ἑτέρων
887 1927 1088 2016 ἀκηκόασιν,
1103 1926 1124 2016 ἧ
1139 1928 1275 2010 ’κείνας

322 2023 375 2106 αἷς
391 2025 487 2095 αῦτοὶ
503 2033 811 2116 παραγεγενημένοι
836 2030 1072 2115 τνγχάνουσίν.
1103 2028 1187 2097 ἀλλά
1208 2027 1275 2116 γάρ

326 2124 401 2194 οὔτ’
419 2124 554 2209 ἀμελεῖν
570 2137 678 2207 καλῶς
695 2136 759 2215 ἔχει
783 2136 851 2195 τῶν
874 2128 1037 2197 τοιούτων
1074 2128 1275 2216 ἐπιλήψεων,
1354 2144 1355 2217 j

323 2223 424 2311 τυχόν
445 2225 509 2312 γάρ
524 2227 667 2314 μηδενός
687 2227 904 2307 ἀντειπόντος
924 2225 1121 2315 λνμηναιντ’
1144 2225 1188 2295 ἀν
1211 2227 1274 2314 τὴν

323 2321 504 2410 ἀληθειαν,
526 2323 599 2393 οὔτ’
623 2320 668 2394 αύ
687 2324 798 2395 πολύν
818 2326 942 2413 χρόνον
960 2325 1274 2413 ἀντιλέγονταςδια-

324 2429 451 2509 τρίβειν
466 2425 503 2490 έν
513 2423 641 2511 αῦταῖς,
653 2424 728 2495 ἀλλ’
743 2425 824 2495 ὅσον
836 2425 1074 2507 ὑποδείξαντας
1085 2426 1192 2513 μόνον
1205 2441 1276 2505 τοῖς

324 2518 447 2606 ἀλλοις,
463 2523 495 2601 ἐξ
514 2513 562 2590 ἀν
574 2532 758 2611 ληροῦντας
773 2522 816 2593 ἀν
826 2523 1172 2610 αύτοῦςέπιδείξαιεν,
1209 2532 1275 2593 πά-

323 2627 377 2686 λιν
392 2620 642 2701 ἐπανελθόντας
662 2632 834 2707 περαίνειν
849 2627 903 2692 καλ
918 2628 1038 2710 λέγειν,
1057 2624 1142 2694 ὅθεν
1156 2623 1297 2695 ἀπέλυε

324 2746 406 2789 πον·
429 2719 511 2805 ὅπερ
527 2721 592 2809 έγῦ
604 2725 741 2812 ποιήσω.

262 2844 304 2897 151
410 2820 500 2906 (ξύ.)
526 2820 570 2888 Τό
590 2825 653 2908 μὲν
667 2816 732 2891 σύν
754 2824 928 2910 σύνταγμα
945 2832 1003 2910 τῆς
1019 2824 1092 2890 τότε
1110 2833 1278 2904 πολιτείας

325 2918 380 2985 καὶ
400 2915 460 2985 τὸν
474 2919 609 3004 χρόνον,
626 2919 709 2988 ὅσον
723 2920 808 3009 αῦτη
825 2922 993 3008 χρεόμενοι
1009 2925 1209 3006 διετέλεσαν,
1224 2925 1277 3003 ἐξ·

326 3015 520 3100 α’ριιούντως
531 3021 782 3107 δεδηλώκαμεν·
806 3020 927 3091 λοιπόν
938 3019 970 3089 δ’
984 3019 1064 3110 ημῖν
1075 3020 1278 3107 τάςπράξεις

326 3112 383 3193 τῦς
394 3116 430 3181 έκ
441 3122 502 3181 τοῦ
513 3125 621 3195 καλῶς
631 3120 869 3188 πολιτεύεσθαι
882 3124 1106 3207 γεγενημένας
1117 3125 1276 3188 διελθεῖν.

327 3221 363 3286 έκ
380 3216 510 3285 τούτων
524 3215 590 3304 γὰρ
604 3226 651 3288 ἔτι
667 3228 795 3306 μᾶλλον
811 3228 901 3290 ἔσται
919 3232 1138 3307 καταμαθεῖν,
1154 3220 1205 3290 ὅτι
1223 3225 1277 3289 καί

327 3316 388 3402 την
400 3324 570 3384 πολιτείαν
582 3316 670 3404 εἶχον
680 3316 777 3407 ἡμῶν
787 3324 823 3387 οί
831 3321 994 3408 πρόγονοι
1009 3326 1128 3406 βελτίω
1138 3326 1205 3386 τόν
1216 3317 1278 3387 ἀλ-

326 3424 395 3485 λων
406 3417 461 3483 καὶ
474 3421 762 3507 σωφρονεστέραν,
775 3423 829 3488 καί
845 3421 1043 3503 προστάταις
1055 3420 1109 3485 καὶ
1124 3419 1277 3503 συμβού-
1288 3428 1303 3482 d

327 3524 397 3593 λοις
408 3519 551 3600 έχρῦντο
561 3520 737 3603 τοιούτοις,
749 3523 833 3597 οἵοις
845 3518 905 3605 χρὴ
918 3517 997 3596 τοῦς
1009 3510 1047 3585 εὖ
1055 3522 1276 3601 φρονοῦντας.

263 3630 311 3681 152
329 3623 340 3679 ί
343 3614 390 3691 ξδ’
393 3628 415 3682 ,1
437 3612 488 3680 Ού
502 3614 569 3699 μὴν
584 3614 663 3684 οῦδὲ
678 3618 783 3684 ταῦτα’
797 3645 852 3700 μοι
870 3618 1035 3700 πρότερον
1049 3618 1182 3683 λεκτέον
1200 3618 1277 3695 ἐστὶ,
