2859 4334
1341 145 1353 368 λ

276 384 316 449 ω
471 365 475 370 ’
562 385 944 462 ηωηωηω

275 545 374 616 καινά
395 548 474 633 μὲν,
498 542 598 612 πιστὰ
621 544 657 612 δὲ
675 547 787 612 δονεῖν
804 541 888 610 είναι
913 541 952 610 τά
970 545 1133 631 λεγόμενα
1154 553 1231 632 περὶ

274 641 396 712 αὐτῶν.
420 638 522 710 ἔπειτ’
542 638 584 709 οὐ
594 641 702 727 μόνον
716 643 866 708 ἐνταῦθα
881 657 1088 729 καταφυγεῖν
1101 649 1232 742 ἔχομεν,

276 743 327 814 ὅτι
342 741 403 812 τὸν
423 741 528 828 λόγον
542 736 672 826 καλιὴν
688 741 805 827 φήμην
825 742 861 807 ἐκ
876 747 1004 809 πολλοῦ
1020 741 1232 828 παρετλήφα-
1354 739 1355 744 ’

274 868 353 928 μευ,
369 836 454 910 ἄλλα
469 841 524 907 καὶ
538 846 686 926 σημείοις
700 845 847 924 μείζοσιν
862 833 884 925 ἢ
899 838 1031 918 τούτοις
1046 845 1137 908 ἔστιν
1150 839 1232 928 ἡμῖν

227 953 259 1009 31
274 937 463 1028 χρησασθαι
478 940 554 1023 περὶ
569 934 690 1004 αὐτῶν.
712 941 749 1004 αί
762 937 824 1022 μὲν
838 934 903 1023 γάρ
918 945 1067 1006 πλεῖσται
1085 946 1153 1006 τῶν
1167 939 1232 1007 πό-

275 1048 362 1108 λειου
376 1035 557 1124 ὑπόμνημα
572 1042 629 1122 τῆς
643 1043 785 1115 παλαιᾶς
800 1033 989 1121 εὐεργεσίας
1005 1034 1154 1122 άπαρχάς
1168 1043 1230 1106 τοῦ
1245 1062 1263 1104 ε
1356 1048 1357 1128 λ

275 1146 372 1207 σίτου
391 1134 474 1204 καθ’
493 1137 633 1204 ἕκαστον
654 1133 714 1203 τὸν
734 1135 890 1202 ἐνιαυτὸν
911 1133 955 1214 ὡς
978 1133 1062 1222 ἡμᾶς
1081 1134 1233 1221 άποπέμ-

275 1258 393 1322 πουσι,
409 1249 479 1314 ταῖς
494 1232 525 1301 δ’
544 1234 774 1312 έκλειπούσαις
790 1231 980 1322 πολλάκιςὴ
994 1242 1110 1302 Πυθία
1125 1256 1232 1318 προσ·

276 1338 390 1416 έταξεν
414 1332 600 1420 ἀποφέρειν
621 1332 660 1399 τά
684 1339 767 1419 με’ρη
791 1340 859 1401 τῶν
880 1339 1019 1416 καρπῶν
1046 1335 1100 1401 καὶ
1122 1348 1233 1401 ποιεῖν

275 1429 359 1518 πρὸς
372 1430 434 1520 τὴν
448 1433 547 1500 πόλιν
564 1429 627 1517 τὴν
642 1429 806 1517 ἡμετέραν
820 1431 861 1499 τά
877 1432 1009 1516 πάτρια.
1035 1439 1141 1500 καίτοι
1156 1434 1233 1517 περὶ
1317 1481 1320 1488 .

274 1540 377 1600 τίνων
389 1529 449 1617 χρὴ
463 1537 591 1616 μᾶλλον
605 1529 776 1597 πιστεύειν
787 1526 808 1615 ἢ
819 1533 894 1613 περὶ
908 1522 955 1598 ὦν
966 1528 986 1597 ὅ
997 1556 1032 1598 τε
1043 1529 1125 1610 θεὸς
1135 1529 1233 1598 άυαι-
1247 1547 1279 1603 4²

276 1645 330 1714 ρεῖ
340 1633 394 1699 καὶ
408 1638 543 1706 πολλοῖς
552 1635 620 1696 τῶν
629 1626 798 1714 Ἑλλήνων
813 1635 986 1717 συνδοκεῖ,
1002 1632 1056 1698 καὶ
1067 1630 1109 1699 τά
1118 1657 1153 1698 τε
1165 1631 1233 1698 πά·

274 1741 329 1800 λαι
339 1733 488 1817 ῥηθέντα
499 1743 566 1808 τοῖς
576 1736 746 1812 παροῦσιν
760 1735 869 1815 ἔργοις
882 1744 1113 1816 συμμαρτυρεῖ
1126 1732 1181 1799 καὶ
1191 1727 1232 1798 τὰ

274 1836 340 1896 νῦν
357 1827 539 1912 γιγνόμενα
553 1841 621 1905 τοῖς
632 1823 692 1893 ὑπ’
710 1829 848 1896 ἐκείνου
860 1830 1043 1914 εἰρημένοις
1058 1826 1231 1916 ὁμολογεῖς

225 1946 260 2001 32
274 1925 345 2013 (η’.)
359 1926 469 2009 Χωρὶς
481 1928 517 1992 δὲ
532 1925 671 2009 τούτων,
686 1921 732 2010 ἦν
747 1924 878 1993 ἅπαντα
890 1922 984 1994 ταῦτ’
998 1926 1154 2006 ἐάσαντες
1165 1923 1230 1994 άπὸ

274 2032 332 2112 τῆς
341 2021 444 2109 άρχης
455 2031 650 2110 σκοπῶμεν,
663 2022 860 2114 εὑρήσομεν,
877 2025 928 2095 ὅτι
939 2023 998 2093 τὸν
1009 2032 1083 2113 βίον
1095 2030 1129 2095 οί
1138 2034 1232 2114 πρῶ-

274 2152 325 2194 τοι
347 2129 508 2211 φανέντες
529 2128 581 2193 ἐπὶ
602 2133 663 2212 γῆς
690 2124 753 2195 οὐκ
779 2126 884 2206 εὐθὺς
905 2126 1011 2207 οὕτως
1034 2127 1144 2212 ὥσπερ
1166 2135 1232 2196 νῦν

275 2229 392 2308 ἔχοντα
402 2226 603 2311 κατέλαβον,
619 2221 703 2294 άλλά
717 2225 800 2292 κατά
812 2222 934 2313 μικρὸν
945 2223 1039 2294 αὐτοὶ
1051 2233 1232 2311 σννεπορί-

274 2343 385 2391 σαυτο.
407 2328 499 2399 τίνας
509 2314 574 2389 οὐν
587 2321 647 2410 χρὴ
659 2330 788 2408 μᾶλλον
798 2330 944 2409 νομίζειν
957 2321 979 2411 ἢ
996 2322 1127 2407 δωρεάν
1139 2326 1258 2409 παράη

226 2434 261 2490 σῖ
274 2430 343 2491 τῶν
363 2433 457 2491 θειιν
477 2428 593 2506 λαβεῖν
610 2417 633 2507 ἢ
660 2428 838 2508 ζητοῦντας
860 2419 983 2501 αὐτοὺς
1000 2425 1167 2508 ἐντυχεῖνς
1189 2418 1232 2492 οὐ

277 2519 356 2599 τούς
366 2517 432 2588 ὑπὸ
446 2517 583 2586 πάντων
593 2516 872 2606 ὁμολογουμένας
898 2524 952 2588 καὶ
966 2521 1119 2608 πρώτους
1132 2547 1246 2606 γενο-Ι

277 2620 397 2705 μένους
408 2621 463 2684 καὶ
474 2617 557 2702 πρός
568 2642 603 2683 τε
613 2611 672 2694 τάς
682 2621 797 2702 τέχνας
809 2615 1055 2702 εὐφυεστάτους
1067 2617 1164 2698 ὄντας
1175 2623 1229 2690 καὶ

276 2716 359 2800 πρὸς
370 2713 409 2783 τά
421 2720 490 2781 τῶν
499 2720 592 2782 θεῶν
603 2711 821 2800 εὐσεβέστατα
833 2717 1079 2802 διακειμένουςς
1096 2714 1230 2803 καὶμὴν

240 2811 247 2828 ’
277 2813 356 2900 ὅσης
370 2815 530 2900 προσήκει
544 2821 638 2900 τιμῆς
648 2815 827 2899 τυγχάνειν
837 2813 916 2894 τούς
928 2816 1134 2902 τηλικούτων
1145 2814 1228 2902 άγα-

275 2917 352 2978 θῶν
363 2915 504 2995 αίτίονς,
519 2916 697 2996 περίεργον
709 2910 890 2980 διδάσκειν.
915 2908 1025 2992 οὐδεὶς
1035 2913 1099 2999 γάρ
1111 2909 1155 2981 άν
1167 2913 1229 2980 ἂύ-

273 3031 367 3075 ναιτο
383 3005 514 3090 δωρεάν
533 3008 702 3094 τοσαάτηυ
722 3006 759 3076 τὸ
774 3012 916 3095 μέγεθος
937 3005 1065 3096 εὑρεῖν,
1085 3008 1158 3097 ἥτις
1173 3019 1228 3096 ίση

273 3121 342 3185 τοῖς
356 3109 602 3191 πεπραγμένοις
616 3109 714 3175 ἐστίν.

227 3229 260 3282 ις
315 3216 330 3244 “
358 3205 434 3290 (θ’.)
455 3207 537 3288 Περὶ
554 3206 616 3291 μὲν
632 3199 771 3273 οὖντοῦ
791 3215 948 3294 μεγίστου
965 3215 1032 3274 τῶν
1053 3205 1255 3294 εὐεργετηο
1311 3249 1315 3257 -

274 3306 389 3391 μάτων
410 3305 464 3374 καὶ
488 3303 623 3386 πρώτου
645 3308 831 3390 γευομένου
852 3310 906 3373 καὶ
930 3313 1009 3375 πᾶσι
1031 3307 1231 3375 αοιυοτάτου

273 3399 367 3469 ταῦτ’
392 3406 496 3470 εἰπεῖν
518 3407 643 3487 ἔχομεν.
676 3405 752 3490 περὶ
781 3406 817 3472 δὲ
838 3401 917 3483 τούς
940 3402 1063 3484 αὐτοὺς
1085 3405 1229 3492 χρόνους

274 3498 389 3582 ὁρῶσαΙ
407 3497 485 3579 τούς
504 3502 566 3586 μὲν
580 3502 773 3589 βαρβάρους
790 3500 852 3588 τήν
865 3510 1023 3590 πλείστην
1042 3511 1099 3590 τῆς
1119 3503 1228 3590 χώρας

274 3602 488 3685 κατέχοντας,
504 3596 584 3678 τούς
598 3599 629 3667 δ’
638 3600 799 3689 Ἕλληνας
815 3609 861 3681 είς
875 3603 997 3688 μικρὸν
1007 3603 1112 3671 τόπον
1124 3629 1221 3671 κατα-
