2859 4334
420 421 552 480 ΠΡΟΣ
568 418 895 480 ΔΗΜΟΝΙΚΟΝ.
1113 418 1134 479 9

186 587 245 664 ροῦ
257 589 413 666 ταχίστην
429 586 494 666 ἔχει
504 577 567 666 τὴν
577 578 771 663 διάγνωσιν.
794 582 963 666 βουλεύου
976 581 1039 666 μὲν
1049 587 1134 668 βρα-

186 682 277 765 δέως,
294 683 433 749 ἐπιτέλει
448 680 483 746 δλ
497 682 619 764 ταχέως
629 674 670 744 τὰ
685 677 838 758 δόξαντα.
858 677 946 766 ἡγοῦ
955 680 1134 766 κράτιστον

185 776 265 845 εἶναι
286 773 375 859 παρὰ
392 779 454 863 μὲν
473 783 542 844 τῶν
560 780 654 844 θεῶν
670 770 842 862 εύτυγίαν,
869 776 961 861 παρὰ
980 777 1015 845 δ’
1038 775 1135 866 ἡμῶν

183 873 291 943 αὐτῶν
306 871 495 962 εὐβουλίαν.
521 875 597 960 περί
619 864 668 940 ῶν
682 867 727 940 δν
741 874 882 964 αίσχύνη
901 877 1163 964 mamma-d

182 983 271 1059 σθαι,
289 972 398 1060 βοόλη
409 974 448 1040 δέ
459 989 525 1040 τισι
537 977 605 1039 τῶν
617 977 727 1056 φίλων
740 969 1049 1062 ιἰνακοινῶσασθαι,
1064 981 1134 1062 χρῶ

181 1085 245 1149 τοῖς
258 1070 374 1156 λόγοις
391 1066 521 1157 ῶςπερί
539 1067 717 1155 όλλοτρίον
730 1078 792 1138 τοῦ
807 1073 1013 1160 πράγματος·
1045 1072 1134 1141 οὕτω

181 1169 241 1258 γὰρ
253 1167 317 1256 τὴν
330 1171 468 1238 ἐκείνων
479 1194 515 1238 τε
526 1168 682 1237 διάνοιαν
700 1173 855 1257 αἰσθήσει
869 1175 924 1242 καὶ
935 1173 1078 1243 σεαντδν
1091 1169 1133 1241 ού

144 1283 168 1336 ³⁵
181 1277 354 1357 καταφανῆ
369 1270 526 1358 ποιήσεις.
560 1268 641 1337 ὅταν
661 1267 746 1354 ὑπὲρ
763 1278 831 1338 τῶν
852 1279 998 1341 σεαυτοῦ
1013 1276 1134 1361 μέλλης

179 1371 240 1438 τινί
257 1368 440 1462 συμβούλῳ
451 1376 612 1456 χρῆσθαι,
631 1370 749 1438 σκόπει
760 1376 894 1457 πρῶτον
910 1376 980 1450 πῶς
994 1368 1035 1438 τὰ
1053 1374 1133 1438 ἑαν-

179 1475 236 1536 τοῦ
252 1468 434 1557 διῴκησεν·
457 1465 474 1535 ὁ
494 1467 560 1554 γὰρ
574 1475 684 1548 κακῶς
702 1471 895 1556 διανοηθείς
908 1472 984 1557 περί
999 1476 1067 1538 τῶν
1081 1476 1132 1539 οί-

178 1575 277 1637 κείων
298 1563 458 1635 οὐδέκοτε
477 1574 586 1646 καλῶς
604 1569 824 1655 βουλεύσεται
842 1570 918 1653 περί
938 1575 1006 1636 τῶν
1030 1566 1158 1637 ἀλλο-ε

177 1675 288 1757 πρίων.
322 1665 410 1735 οὕτω
429 1664 460 1735 δ’
483 1663 527 1734 ἂν
547 1668 689 1753 μάλιστα
712 1667 939 1755 βουλεύεσθαι
961 1672 1131 1751 παροξυν-

177 1772 289 1852 θείης,
310 1770 341 1833 εί
353 1762 411 1844 τός
432 1763 609 1853 σύμφορός
623 1764 682 1845 τὰς
697 1768 734 1834 ἐκ
748 1773 805 1852 τῆς
820 1763 980 1854 όβονλίας
999 1768 1129 1854 ἐπιβλέ-

177 1881 286 1945 ψειας·
299 1866 355 1934 καί
360 1863 425 1952 γδρ
436 1871 494 1951 τῆς
503 1863 629 1951 ὑγιείας
638 1872 797 1952 πλείστην
803 1865 994 1952 ἐπιμέλειαν
1002 1871 1130 1953 ἔχομεν,

176 1963 258 2033 ὅταν
273 1963 333 2042 τδς
345 1963 453 2044 λύπας
464 1962 523 2044 τὰς
534 1969 569 2032 ἐκ
580 1972 638 2051 τῆς
649 1963 834 2053 ἀρρωστίας
847 1963 1128 2053 ἀναμνησθῶμεν.

136 2077 162 2132 ³6
174 2068 280 2150 μιμοῦ
290 2060 331 2129 τύ
343 2069 411 2130 τῶν
421 2065 586 2150 βασιλέων
600 2061 668 2150 ἤθη
680 2066 736 2131 καί
749 2068 848 2132 δίωκε
858 2061 899 2132 τδ
910 2068 1049 2134 ἐκείνων
1059 2065 1134 2132 ἐπι-
1147 2077 1182 2131 10

174 2160 379 2248 τηδεύματα·
408 2161 513 2242 δόξεις
529 2161 594 2249 γὰρ
615 2159 740 2240 αύτούς
760 2159 984 2249 ἀποδέχεσθαι
999 2165 1054 2230 καί
1074 2166 1131 2246 ζη·

173 2269 270 2348 λοῦν,
284 2258 369 2328 ῶστε
381 2280 433 2329 σοι
445 2263 650 2349 συμβήσεται
661 2262 752 2347 παρύ
763 2287 799 2328 τε
810 2267 856 2352 τῷ
868 2262 991 2349 πλήθει
1001 2267 1131 2346 μᾶλλον

173 2359 366 2446 εὐδοκιμεῖν
377 2358 508 2446 κοίτην
518 2358 598 2447 παρ’
613 2364 751 2429 ἐκείνων
763 2356 899 2427 εὔνοιαν
913 2361 1131 2447 βεβαιοτέραν

173 2467 271 2548 ἔχειν.
295 2466 419 2528 πείθου
433 2462 495 2546 μὲν
510 2463 564 2529 καί
578 2473 646 2539 τοῖς
660 2460 778 2547 νόμοις
788 2473 856 2538 τοῖς
871 2456 937 2526 ύπὸ
950 2464 1018 2526 τῶν
1032 2465 1129 2544 βασι-

171 2561 261 2627 λέων
275 2562 456 2644 κειμένοις,
479 2560 697 2646 ίσχνρότατον
711 2561 825 2646 μέντοι
847 2556 955 2643 νόμον
969 2554 1056 2643 ἡγοῦ
1069 2552 1129 2622 τὸν

171 2660 314 2724 ἐκείνων
328 2656 463 2741 τρόπον.
486 2655 598 2743 ῶσπερ
612 2655 677 2743 γὰρ
692 2654 753 2724 τὸν
763 2658 800 2723 ἐν
815 2659 1019 2742 δημοκρατίᾳ
1032 2661 1128 2720 πολι-

171 2756 358 2840 τευόμενον
378 2752 414 2822 τὸ
437 2763 566 2842 πλῆθος
582 2761 634 2824 δεῖ
645 2755 867 2842 θεραπεύειν,
889 2751 978 2820 οῦτω
996 2753 1053 2819 καὶ
1068 2748 1156 2820 τδνο

171 2857 210 2920 ἐν
223 2858 391 2941 μοναρχίᾳ
404 2861 625 2923 κατοικοῦντα
639 2851 849 2942 τὸνβασιλέα
863 2848 1023 2937 προσήκει
1036 2859 1128 2918 θαυ-

129 2964 157 3018 ³7
171 2950 299 3037 μάζειν.
327 2956 372 3030 είς
392 2949 498 3039 ἀρχὴν
525 2956 744 3032 κατασταθείς
763 2953 881 3040 μηδενί
901 2958 969 3038 χρῶ
991 2957 1128 3038 πονηρῷ

171 3045 258 3133 πρὸς
272 3044 331 3128 τὰς
344 3049 538 3136 διοικήσεις·
562 3042 610 3118 ῶν
626 3047 689 3136 γὰρ
707 3045 751 3118 δν
766 3051 892 3128 ἐκεῖνος
905 3046 1055 3137 όιμύρτη,
1076 3052 1129 3116 σολ

170 3145 231 3228 τὰς
247 3154 353 3226 αίτίας
368 3145 614 3236 ἆναθήσονσιν.
646 3151 682 3215 ἐκ
702 3155 771 3214 τῶν
790 3153 916 3214 κοινῶν
932 3149 1128 3231 ἐπιμελειῶν

169 3245 385 3316 ἀπαλλάττον
398 3245 443 3333 μὴ
458 3241 703 3334 πλουσιώτερος
713 3242 787 3316 ἀλλ’
800 3245 1026 3329 ἐνδοξότερος·
1044 3251 1128 3311 πολ-

169 3353 241 3414 λῶν
262 3343 329 3433 γὰρ
354 3347 532 3433 χρημάτων
555 3353 713 3431 κρείττων
737 3343 755 3413 ὁ
779 3341 869 3429 παρὰ
893 3352 954 3410 τοῦ
974 3342 1157 3429 πλήθουςε

169 3451 316 3521 ἔπαινος.
350 3447 467 3529 μηδενί
491 3453 630 3534 πονηρῷ
649 3445 819 3532 πράγματα
842 3443 925 3529 μήτε
944 3448 1127 3527 παρίστασο

167 3544 252 3630 μήτε
267 3541 463 3630 συνηγόρει·
486 3543 593 3626 δόξεις
607 3541 672 3629 γὰρ
688 3544 743 3610 καί
753 3538 855 3620 αύτδς
869 3549 1006 3610 τοιαῦτα
1020 3541 1127 3628 πρότ-

120 3657 153 3710 38
167 3667 252 3734 τείν,
267 3641 324 3715 οἷό
338 3669 401 3732 περ
411 3639 454 3711 διν
466 3655 538 3721 τοῖς
547 3638 662 3721 ἄλλοις
671 3640 857 3738 πρύττονσι
865 3646 1006 3732 βοηθῇς.
1020 3665 1128 3725 παρα-
