2859 4334
267 309 333 374 296
609 309 725 364 INDEX
742 309 926 366 Nouium

268 467 314 537 lx,
331 475 444 524 41-50.
476 471 645 525 Graecorum
663 469 747 524 multi
799 469 899 533 recudi
906 468 1072 557 'arriperes
1080 473 1234 544 βασιλικοῦ
1244 471 1280 539 γε’·

267 541 298 594 et
323 538 398 594 inter
424 556 473 594 eos
496 540 591 595 Conon
618 541 654 593 ad
683 559 747 594 eum
800 561 867 603 vove
885 541 998 610 anime
1013 544 1069 596 τῶν
1084 541 1170 607 ἱερῶν
1187 540 1281 612 inspi-

267 609 433 678 confuginut
457 615 487 666 et
510 612 546 666 ab
569 611 746 665 Atheniensi·
799 610 1061 680 λειανποιούμενοι.
1077 613 1282 668 Bckk.Anecd.

267 681 319 736 bus
337 682 374 736 ob
387 682 489 736 merita
502 683 546 736 ius
562 681 688 736 civitatis
701 699 746 736 ao
800 685 881 752 757),
895 683 1051 738 Alcibiadis
1062 683 1195 739 maiores.
1211 684 1281 750 XVI,

268 751 339 822 cipit
357 754 388 807 et
402 753 536 808 statuaei
554 753 676 823 ponitur.
698 753 745 818 IX,
800 759 842 810 20.

268 829 381 878 01-07.
424 823 492 879 Cum
522 841 572 878 rex
600 823 747 878 Persarum
835 824 985 894 &uirides
997 825 1032 880 de
1043 824 1166 881 Socrate.
1177 823 1281 882 ’ἢὸ-9,

268 894 373 948 tellum
386 894 414 949 ei
427 895 577 963 intulisset,
594 895 672 950 socio
686 895 745 950 filio
803 905 842 950 11.

267 964 428 1034 Pnytagora
454 969 517 1020 tota
540 983 631 1036 paene
654 965 746 1036 Cypro
834 967 951 1036 Europa
964 965 1099 1022 utaltera
1112 970 1207 1023 terrae
1216 985 1281 1039 pars

267 1037 312 1090 est
328 1037 450 1106 potitus,
474 1036 636 1091 Phoenicen
654 1041 747 1092 vasta-
799 1038 858 1107 (lv,
879 1043 948 1104 179.)
978 1037 1063 1092 Asiae
1083 1039 1218 1108 opposita
1235 1039 1280 1108 IV,

269 1105 322 1174 vit,
345 1107 450 1175 Tyrum
471 1107 656 1177 magnarii,
679 1107 746 1162 cili·
801 1115 859 1164 rsa.
879 1108 914 1178 7,
929 1115 987 1163 rar.
1004 1109 1052 1177 71,
1067 1116 1109 1163 ss.
1126 1112 1279 1165 esttamen

268 1177 341 1231 ciam
354 1179 391 1232 ad
408 1178 594 1233 deiectionem
608 1178 748 1248 compulit
799 1196 873 1232 nunc
899 1179 990 1234 minus
1018 1180 1165 1236 fortunata
1197 1198 1280 1250 quam

267 1265 524 1373 ffemquepacem
536 1248 628 1304 facere
642 1249 745 1320 coegit
798 1249 875 1304 Asia.
898 1249 932 1319 V,
953 1257 1011 1306 132.
1045 1249 1200 1306 Contendit
1218 1269 1279 1306 cum

306 1362 314 1387 ,
342 1327 456 1375 07-69.
495 1319 583 1374 Unius
610 1319 688 1374 urbis
714 1319 745 1373 in
799 1336 833 1375 ea
854 1323 885 1374 et
905 1320 1091 1391 triumphavit
1112 1322 1190 1376 bello
1215 1323 1279 1376 Tro

267 1389 359 1460 Cypro
372 1407 421 1444 rex
435 1393 465 1446 et
477 1390 508 1444 in
521 1390 634 1445 foedere
649 1390 745 1444 Antal·
798 1390 872 1445 iano.
898 1391 932 1460 X,
952 1399 994 1446 51.
1014 1400 1056 1447 67.
1087 1393 1158 1447 item

267 1460 347 1516 cidae
367 1478 431 1515 cum
448 1461 513 1516 aliis
531 1461 632 1516 insulis
649 1462 745 1515 Persa·
798 1461 1012 1516 Atheniensium
1029 1463 1164 1518 meritol
1190 1507 1199 1532 ,
1221 1472 1277 1520 117.

267 1549 328 1585 rum
350 1533 411 1601 regi
432 1532 553 1587 traditus
575 1536 610 1602 (a
630 1530 692 1587 chr.
716 1549 744 1587 n
800 1539 858 1588 149.
887 1533 948 1599 XII,
967 1539 1010 1588 47.
1043 1533 1110 1588 Eius
1130 1534 1278 1604 imperium

268 1606 340 1672 387.)
359 1604 396 1657 ab
414 1620 447 1658 eo
467 1603 560 1672 subigi
575 1619 633 1658 non
650 1604 746 1672 potest
798 1604 928 1672 Thraces,
943 1603 1071 1674 Scythae,
1086 1605 1187 1660 Persae
1198 1605 1278 1660 affec·

270 1673 314 1738 w,
338 1681 397 1728 141.
429 1674 548 1730 Beatam
575 1674 635 1743 egit
657 1675 745 1728 vitam
797 1678 894 1729 terruit
919 1675 966 1742 IV,
991 1682 1032 1731 68.
1061 1692 1124 1729 cnm
1152 1676 1278 1731 barbaris

270 1744 313 1809 IX,
333 1752 374 1800 70.
395 1747 425 1799 et
437 1745 531 1815 plures
545 1744 661 1812 reliquit
675 1745 745 1798 libe·
798 1745 871 1800 Euro
894 1745 1083 1816 aePhiIippus
1097 1746 1204 1800 bellum
1219 1765 1278 1817 ges-

266 1818 564 1956 sisses
889 1823 984 1942 00
1006 1817 1278 1958 isicem

267 1956 418 2011 Nicoclem
450 1959 498 2025 III,
525 1931 582 2014 lh’
606 1955 744 2010 Laudatio
797 1974 867 2028 pace
886 1931 1061 2014 Antaloidae.
1090 1958 1138 2026 IV,
1160 1966 1219 2014 176.

268 2028 327 2082 eius
355 2027 431 2082 Orat
455 2029 501 2082 IX.
533 2027 675 2097 Euagorae
702 2027 744 2081 in·
833 2028 895 2083 Eur
915 2031 1021 2096 Madet,
1061 2027 1276 2084 Lacedaemoni·

267 2098 373 2168 scripta
390 2101 420 2154 et
437 2099 474 2153 ab
492 2100 614 2154 Isocrate
634 2099 745 2153 seniore
798 2116 876 2154 orum
890 2047 954 2165 <Iun
969 2100 999 2153 in
1012 2099 1087 2154 bello
1102 2100 1196 2156 navali
1215 2119 1275 2155 cum

267 2171 310 2223 est
323 2170 488 2239 composita,
507 2188 533 2226 v.
548 2186 570 2224 s.
586 2173 697 2224 [socrat.
715 2170 745 2223 et
798 2170 887 2224 Xerxe
897 2173 978 2238 gesto
987 2169 1108 2225 Graecos
1117 2187 1206 2240 paene
1217 2188 1275 2242 per·

216 2289 227 2310 ,
272 2237 363 2295 Tacit.
384 2247 418 2310 9,,
437 2240 501 2295 fort.
516 2258 540 2294 a.
557 2238 619 2295 chr.
636 2258 663 2293 n.
683 2246 744 2295 870.
798 2241 880 2294 didit.
899 2240 959 2309 XII,
979 2249 1021 2295 51.

302 2308 744 2368 Ermnderdelsocrate.‘l'n6h.2.
832 2312 1014 2382 Esuydhcus,
1032 2311 1201 2380 Argivorum
1219 2329 1273 2380 res,

301 2382 415 2438 Euboea
432 2382 537 2450 insula,
555 2382 651 2436 multis
670 2399 744 2437 com·
797 2383 954 2449 Herculem,
973 2382 1048 2437 Iovis
1066 2383 1170 2451 filium,
1191 2383 1274 2452 impe·
1345 2447 1346 2452 ¹

267 2451 357 2508 modis
382 2454 539 2521 abundans,
567 2453 645 2508 ouius
673 2452 745 2507 situs
798 2457 860 2508 rata
876 2453 969 2508 facere
989 2453 1090 2522 coegit.
1114 2453 1162 2522 IV,
1182 2460 1223 2509 60.
1243 2453 1273 2519 X,
1345 2453 1346 2516 5

267 2524 302 2577 ad
320 2524 405 2578 maris
423 2524 571 2594 imperium
597 2525 641 2578 est
657 2523 744 2593 aptis·
798 2531 840 2580 24.
873 2523 963 2579 Nemo
986 2525 1162 2580 inmenens
1199 2528 1273 2578 oten-

267 2595 360 2649 simus.
380 2595 427 2663 IV,
448 2600 506 2650 108.
539 2593 664 2648 Thebani
682 2611 745 2648 cam
797 2594 867 2648 tiam
886 2593 1014 2649 laudibus
1029 2595 1150 2650 ornavit.
1195 2601 1272 2660 ,144

267 2668 454 2720 vastaverunt.
473 2665 507 2731 V,
526 2672 568 2721 53.
797 2665 958 2719 incursione
973 2667 1002 2719 in
1016 2665 1141 2719 Atticam
1153 2666 1231 2720 facta
1241 2665 1273 2718 ab

301 2738 484 2806 Eremolpidoe
507 2735 659 2791 Eleusiniis
686 2734 744 2789 edi-
797 2737 1014 2792 Athemensibus
1029 2735 1122 2791 victus
1137 2740 1166 2790 et
1180 2738 1273 2806 captus

267 2811 334 2862 cunt
350 2811 383 2863 ut
402 2807 515 2862 barbari
532 2807 744 2875 homicidaeque
798 2810 848 2862 est.
868 2807 915 2872 lv,
932 2813 973 2863 58.
994 2814 1035 2863 59.
1056 2815 1098 2862 60.
1119 2808 1152 2874 V,
1168 2815 1210 2862 34.
1228 2807 1273 2873 VI,

266 2881 364 2950 procul
383 2878 447 2936 sint.
466 2879 513 2944 IV,
535 2885 592 2935 157.
798 2885 840 2933 42.
864 2877 925 2947 XII,
947 2884 1004 2933 194.
1037 2878 1169 2934 Inimicus
1192 2879 1273 2932 Hera·

301 2950 468 3020 Euotolpsos,
490 2947 662 3019 Neptunii,
681 2965 745 3003 cnm
799 2948 936 3002 clidarum
951 2949 999 3018 IV,
1013 2956 1055 3003 56.
1075 2948 1275 3004 contumeliosa

267 3020 424 3075 Erechtheo
441 3020 476 3074 de
490 3019 663 3074 Athenarum
702 3036 745 3074 os·
797 3023 887 3074 morte
896 3020 988 3089 periit.
1008 3019 1055 3088 IV,
1066 3027 1108 3074 60.
1128 3019 1201 3084 Quid
1233 3022 1274 3074 ost

267 3091 390 3146 essione
402 3091 555 3159 contendit,
565 3090 661 3145 dicens
698 3107 744 3160 ep·
799 3090 858 3144 eius
878 3092 997 3145 mortem
1015 3089 1183 3145 Heraclidae
1206 3038 1273 3146 lice·

267 3166 363 3217 tnnum
386 3164 450 3216 ante
469 3162 624 3216 Minervam
647 3161 744 3215 urbem
798 3161 861 3216 rint.
881 3161 929 3230 VI,
949 3168 989 3216 17.
1013 3169 1053 3216 18.

268 3233 423 3304 possedisse
441 3233 501 3299 XII,
522 3240 590 3302 193,
609 3234 639 3286 et
655 3231 744 3302 irrup-
832 3232 995 3303 Etettyaua,
1018 3231 1117 3286 Niciae
1138 3231 1271 3287 consobri-

267 3303 543 3359 tioneminAttioam
553 3303 628 3358 fecit.
644 3303 742 3367 1V‚cs.
798 3321 848 3357 nus
862 3302 935 3371 XXI,
951 3310 984 3370 9.,
1004 3305 1152 3372 acceperat
1164 3319 1182 3357 a
1194 3303 1273 3357 Nicia

301 3376 453 3442 Esmmos,
473 3374 604 3429 Isocratis
621 3374 743 3444 discipu·
796 3373 852 3429 tria
864 3374 972 3430 talentu
988 3373 1181 3442 custodienda,
1199 3373 1235 3428 ib.
1250 3381 1272 3428 2.

268 3447 318 3516 lus,
332 3462 416 3500 aurea
430 3462 533 3500 corona
546 3461 565 3499 a
574 3445 690 3500 civitate
700 3461 742 3498 or·
797 3461 882 3498 unum
897 3448 940 3500 est
953 3445 1099 3512 infitiatus,
1116 3444 1153 3501 ib.
1169 3452 1194 3500 3.
1218 3443 1272 3508 Qua

267 3520 354 3572 natus.
373 3516 432 3582 XV,
452 3523 494 3573 93.
797 3515 831 3569 de
856 3532 954 3569 caussa
977 3518 1046 3572 orat.
1069 3515 1142 3570 XXI.
1166 3515 1232 3584 (tere
1250 3531 1270 3568 a.

300 3581 741 3671 Erpaosdaefflhamtumlm-
796 3589 860 3654 402)
885 3587 990 3655 scripta
1018 3588 1062 3642 est
1086 3585 1195 3655 (habita
1216 3603 1271 3640 esse

270 3659 366 3712 ἱοῦντο
376 3653 407 3710 ol
414 3652 484 3711 αὐτὸ
497 3677 529 3712 το
544 3654 613 3711 ἄστυ
628 3656 740 3711 οἰκοῦν·
795 3673 852 3711 uou
871 3657 1002 3726 videtur).
