2859 4334
301 395 344 459 80
588 397 909 456 ιεοκεπνονε
928 399 977 474 (4)
1103 367 1110 378 γ’

300 571 421 658 τέχνην
436 576 473 639 έν
485 596 521 640 τε
533 584 604 649 τοῖς
617 575 676 656 της
688 573 850 656 μουσικῆς
864 564 982 648 ἄθλοις
996 568 1053 637 καὶ
1065 573 1107 657 τῇ
1122 567 1271 636 παιδεύ·
1291 585 1307 634 b
1328 649 1337 668 η

301 693 351 741 σει
363 673 433 740 τῶν
445 673 631 757 νεωτέρων,
649 674 706 738 ἵνα
721 668 880 749 πολλάκις
893 666 1077 749 ἀκούοντες
1088 673 1159 736 τῶν
1174 671 1276 737 ε’πῶν

303 772 568 861 έκμανθάυωμεν
582 770 644 858 τὴν
659 778 786 858 ἔχθραν
794 769 856 859 τὴν
864 767 1089 860 ύπάρχουσαν
1101 768 1187 858 πρὸς
1201 768 1273 838 αύ-

301 874 383 954 τούς
400 874 457 941 καλ
473 875 650 961 ζηλοῦντες
664 872 723 952 τάς
743 870 861 960 ἀρετάς
878 877 947 940 τῶν
966 871 1275 962 στρατευσαμένων

235 990 284 1041 ῖσο
300 980 370 1044 τῶν
387 971 501 1043 αύτῶν
521 979 629 1061 ἔργων
643 976 781 1053 ἐκείνοις
800 977 1028 1061 έπιθυμῶμεν.
1059 968 1275 1062 (μγ’.)Ὦστε
1338 991 1339 1008 ²

301 1102 358 1163 μοι
372 1081 468 1144 δοκεῖ
478 1075 585 1162 πολλὰ
604 1081 683 1144 λίαν
701 1073 787 1144 εἶναι
799 1073 841 1142 τά
855 1074 1150 1163 παρακελευόμενα
1163 1079 1273 1143 πολε·
1339 1161 1340 1164 ¹

301 1191 378 1264 μεῖν
392 1175 521 1263 αὐτοῖς,
535 1176 677 1262 μάλιστα
691 1173 724 1245 δ’
742 1174 760 1246 ό
774 1175 893 1263 παρεὸν
903 1175 1031 1264 καιρός,
1045 1167 1087 1244 ού
1098 1175 1273 1261 σαφέστε-
1292 1209 1307 1242 c

303 1304 364 1366 ρον
377 1274 490 1346 ούθέν.
517 1273 560 1344 ὃν
573 1276 637 1346 ούκ
651 1277 807 1364 ἀφετέον·
826 1278 883 1344 καί
897 1275 962 1366 γάρ
972 1275 1114 1366 αίσχρόν
1124 1275 1272 1364 παρόντι

302 1376 365 1469 μὲν
382 1377 429 1466 μὴ
446 1377 864 1466 χρῆσθαιρπαρελθόντος
883 1375 917 1446 δ’
937 1375 1044 1448 αύτοῦ
1062 1379 1268 1466 μεμνῆσθαι.

301 1485 337 1548 τί
351 1480 417 1566 γάρ
431 1476 474 1547 ἀν
493 1481 550 1547 καί
563 1486 793 1567 βουληθεῖμεν
806 1476 888 1567 ἡμῖν
907 1480 1165 1569 προσγενέσθαι,
1181 1480 1269 1566 μέλ·

302 1589 417 1660 λοντες
430 1587 564 1667 βασιλεῖ
581 1587 753 1670 πολεμεῖν,
771 1582 834 1661 ἔξω
847 1585 917 1648 τῶν
933 1585 1001 1650 νῦν
1018 1577 1268 1669 ύπαρχόντωνς

236 1696 283 1749 τοι
302 1678 550 1767 ούκΑίγυπτος
562 1680 625 1771 μὲν
639 1678 748 1751 αύτοῦ
763 1683 820 1749 καὶ
829 1679 967 1770 Κύπρος
981 1680 1161 1770 ἀφέστηκε,
1181 1690 1267 1750 Φοι-

301 1791 378 1871 νίκη
393 1782 431 1851 δὲ
448 1782 506 1849 καὶ
521 1790 635 1870 Συρία
654 1780 708 1850 διά
728 1782 789 1852 τόν
804 1782 951 1871 πόλεμον
970 1782 1149 1851 ἀνάστατοι
1162 1781 1266 1868 γεγό-

300 1903 391 1971 νασι,
402 1883 514 1972 Τύρος
523 1882 555 1951 θ’
568 1881 622 1972 ἐφ’
634 1872 656 1973 ᾗ
670 1881 746 1972 μέγ’
759 1881 1037 1975 ἐφρόνησεν,ύπό
1048 1886 1117 1953 τῶν
1129 1887 1268 1971 ἐχθρῶν

301 1988 370 2054 τῶν
390 1986 522 2054 ε’κείνου
542 1993 775 2072 κατείληπται;
796 1990 864 2054 τάν
878 1983 913 2053 δ’
930 1989 967 2055 ἐν
982 1994 1117 2076 Κιλικίᾳ
1131 1981 1267 2054 πόλεων

301 2083 430 2173 τάςμὲν
437 2092 594 2166 πλείστας
604 2092 641 2155 οί
651 2084 729 2174 μεθ’
741 2084 836 2174 ἡμῶν
851 2084 945 2167 ὄντες
962 2095 1087 2176 έχουσι,
1100 2085 1160 2167 τάς
1170 2083 1203 2156 θ’
1221 2083 1265 2155 ού
1285 2105 1303 2153 d
1345 2163 1346 2168 η

211 2177 227 2263 ἶ,
301 2185 447 2275 χαλεπόν
462 2191 531 2257 ἐστι
547 2188 745 2275 κτήσασθαι.
770 2195 900 2269 Λυκίας
918 2187 952 2258 θ’
968 2185 1045 2258 ούδ’
1062 2182 1110 2270 εἷς
1128 2185 1266 2257 πεόποτε

236 2304 286 2358 1⁶2
304 2293 448 2379 Περσῶν
459 2289 648 2377 ἐκράτησεν.
665 2288 872 2378 Ἑκατόμυως
883 2287 916 2358 θ’
928 2288 946 2358 ό
959 2298 1088 2382 Καρίας
1099 2294 1266 2359 ἐπίσταθ·

300 2416 362 2477 μος
379 2394 423 2479 τῇ
440 2388 503 2477 μὲν
525 2390 670 2481 ἀληθείᾳ
695 2392 806 2459 πολύν
829 2388 895 2479 ἤδη
913 2390 1037 2480 χρόνον
1062 2389 1265 2478 ἀφέστηκεν,

302 2488 499 2579 ὁμολογήσει
512 2490 546 2560 δ’
561 2489 642 2560 ὅταν
655 2490 990 2580 ἡμεῖςβουληθώμεν.
1010 2489 1264 2561 ἀπόὸὲΚνίόου

300 2594 396 2681 μέχρι
411 2591 736 2683 ΣινάπηςἝλληνες
749 2592 810 2681 τὴν
821 2591 936 2663 Ἀσίαν
950 2597 1183 2685 παροικοῦσιν,
1200 2589 1264 2674 οὓς

301 2692 342 2763 ού
358 2697 412 2763 δεῖ
422 2702 555 2764 πείθειν
568 2692 654 2762 ἀλλά
666 2693 711 2783 μὴ
726 2694 870 2764 κωλύειν
883 2704 1051 2782 πολεμεῖν.
1076 2702 1185 2765 καίτοι
1197 2721 1263 2764 τοι·

300 2796 412 2865 ούτων
430 2795 644 2884 όρμητηρίωυ
660 2794 889 2886 ὑπαρξάντων
905 2797 962 2865 καὶ
979 2795 1142 2867 τοσούτου
1161 2797 1264 2866 πολέ-

300 2922 367 2984 μου
384 2894 447 2984 τὴν
460 2895 575 2966 Ἀσίαν
593 2897 811 2984 περιστάντος
834 2907 869 2969 τί
886 2903 940 2968 δεῖ
958 2897 999 2966 τά
1025 2894 1264 2987 συμβησόμενα
1285 2931 1301 2964 e

301 3004 380 3067 λίαν
390 2996 537 3086 ἀκριβῶς
553 2998 732 3083 ἐξετάζεινς
751 2995 838 3069 ὅπου
851 2998 918 3088 γάρ
935 3004 1064 3088 μικρῶν
1077 3005 1190 3088 μερῶν
1204 2997 1265 3087 ἦτ-

300 3124 381 3180 τους
399 3100 501 3186 είσίν,
519 3096 583 3167 ούκ
601 3097 750 3188 ἄδηλον,
768 3096 814 3180 ύς
833 3095 875 3168 ἀν
894 3105 1093 3188 θιατεθεῖεν,
1112 3109 1144 3170 εί
1162 3105 1264 3170 πᾶσιν

234 3214 283 3267 ῖοε
299 3197 382 3288 ἡμῖν
391 3208 550 3289 πολεμεῖν
563 3197 820 3286 ἀναγκασθεῖεν,
847 3208 914 3287 ἔχει
928 3202 961 3271 δ’
972 3202 1091 3284 οὕτως.
1117 3196 1264 3290 ἀνμὲνὸ

300 3302 469 3393 βάρβαρος
483 3305 776 3391 ἐρρωμενεστέρως
786 3302 935 3392 κατάσχῃ
944 3303 1004 3385 τάς
1018 3302 1130 3382 πόλεις
1139 3302 1198 3383 τάς
1210 3305 1264 3374 ἐπὶ

299 3403 451 3495 θαλάττῃ
472 3401 626 3495 φρουράς
643 3411 777 3492 μείζους
804 3406 842 3472 έν
859 3397 979 3486 αύταῖς
997 3400 1018 3492 ἢ
1034 3409 1102 3474 νῦν
1121 3408 1264 3490 ἔγκατα·
1283 3423 1317 3471 τι

300 3505 437 3592 στήσας,
453 3503 529 3594 τάχ*
544 3501 588 3574 ἀν
605 3504 661 3574 καὶ
679 3508 749 3573 τῶν
762 3506 877 3592 κη’σων
891 3509 931 3574 αί
941 3507 1018 3595 περὶ
1036 3505 1099 3595 τὴν
1111 3502 1265 3595 ἤπειρον,

300 3600 491 3687 οίονῬόθος
503 3608 559 3676 καί
568 3606 683 3694 Σάμος
696 3606 754 3674 καὶ
764 3613 858 3694 Χίος,
874 3607 928 3676 ἐπὶ
943 3606 1003 3689 τὰς
1017 3609 1149 3677 ἐκείνου
1160 3608 1265 3695 τύχας

300 3706 532 3778 ἀποκλίνειεν·
551 3704 596 3790 ἢν
613 3712 634 3775 ό
641 3706 650 3732 ’
667 3704 764 3795 ἡμεῖς
778 3705 885 3790 αύτάς
898 3709 1053 3797 πρότεροι
1065 3706 1263 3795 καταλάβω·
