2859 4334
463 402 841 462 ΠΑΝΗΓΤΡῙΚΟΣ.
1090 397 1133 465 θλ

177 581 375 662 κληρουχίας
389 570 471 661 ήμιν
483 570 668 661 ὀνειδίζειν,
682 571 724 654 ἃς
736 567 833 661 ήμετς
846 582 895 654 είς
908 576 968 654 τάς
987 575 1132 662 ἐρημου-

176 677 272 762 μένας
289 680 360 743 των
378 674 511 743 πόλεων
527 680 682 762 φυλακῆς
700 678 800 745 ἕνεκα
816 677 884 744 τῶν
901 684 1037 762 χωρίων
1052 669 1132 773 άλλ’

177 773 216 845 ού
232 775 284 845 διδ
303 777 504 857 πλεονεξίαν
521 777 755 864 ἐξεπέμπομεν.
774 792 913 864 σημεῖον
931 776 970 846 δέ
986 775 1130 845 τούτων·

176 876 373 965 ἒχοντεςγάρ
383 876 568 964 χάρανμδν
577 874 978 966 άςπρδςτδπλήδοςτῶν
986 882 1133 948 πολιτῶν

176 982 362 1067 ἐλαχίστην,
378 977 486 1066 ἀρχὴν
503 977 542 1047 δέ
557 985 737 1067 μεγίστην,
753 981 812 1048 καὶ
829 980 1022 1066 κεκτημένοι
1038 980 1132 1069 τριή-

117 1093 159 1142 108
174 1107 237 1169 ρεις
254 1083 434 1159 διπλασίας
447 1077 511 1169 μέν
527 1075 549 1167 ή
568 1077 773 1168 σύμπαντες,
790 1083 981 1168 δυναμένας
996 1081 1035 1151 δδ
1047 1081 1132 1170 πρός

173 1183 224 1261 δὶς
241 1179 410 1261 τοσαύτας
423 1179 648 1267 κινδυνεύειν,
664 1179 890 1269 ὑποκειμένης
907 1186 966 1269 τής
981 1180 1132 1270 Εὐβοίας
1148 1197 1166 1248 b

172 1277 505 1372 δπδτήνἈττικήν,ή
514 1282 570 1350 καὶ
582 1280 668 1370 πρός
676 1281 740 1369 τήν
748 1278 857 1370 άρχήν
865 1281 992 1369 τήντής
1001 1284 1130 1354 θαλάτ-

171 1411 226 1471 της
233 1381 374 1470 εύφυιδς
382 1380 450 1470 εἶχε
462 1382 519 1450 καλ
526 1381 591 1469 τήν
597 1381 702 1472 ἄλλην
708 1381 833 1472 άρετήν
845 1382 987 1451 άπασῶν
994 1385 1062 1452 τῶν
1068 1385 1131 1472 νή

171 1506 238 1554 σων
246 1486 392 1572 διέφερε,
404 1489 609 1571 κρατοῦντες
619 1482 725 1571 αύτής
734 1479 960 1572 μάλλονήτής
970 1481 1133 1576 ἡμετέρας

169 1585 296 1674 αὐτῶν,
309 1585 462 1674 καὶπρὸς
474 1584 607 1666 τούτοις
620 1584 744 1665 εἰδότες
752 1586 810 1654 καὶ
823 1578 1066 1672 τῶνἙλλήνων
1075 1589 1132 1656 καλ

168 1686 433 1775 τῶνβαρβάρων
450 1685 594 1766 τούτους
611 1683 745 1773 μάλιστ’
761 1683 1040 1775 εὐδοκιμοῦντας,
1058 1686 1132 1757 ὅσοι

166 1787 247 1868 τούς
272 1785 420 1876 ὁμόρους
443 1781 655 1867 άναστάτους
679 1785 878 1875 ποιήσαντες
901 1786 1058 1872 ἄφθονον
1074 1791 1132 1858 καὶ

167 1890 330 1981 ῥᾴθυμον
344 1885 461 1968 αότοτς
478 1887 725 1976 κατεστήσαντο
739 1889 799 1957 τόν
812 1895 901 1974 βίον,
920 1887 1009 1977 ὅμως
1027 1889 1132 1960 ούδδν

165 1989 300 2060 τούτων
311 1986 398 2077 ἡμᾶς
413 1992 514 2079 έπήρε
526 1990 604 2078 περὶ
617 1988 698 2069 τούς
713 1996 850 2076 ἔχοντας
860 1988 923 2077 τήν
934 1994 1041 2078 νήσου
1056 1994 1130 2074 έξα-
1151 2023 1165 2058 e

107 2107 148 2154 109
163 2107 320 2180 μαρτεῑν,
332 2089 419 2159 άλλά
431 2091 531 2179 μόνοι
544 2091 586 2178 δή
600 2095 669 2159 τῶν
681 2090 832 2178 μεγάλην
846 2091 992 2180 δύναμιν
1006 2093 1131 2181 λαβόν-

161 2221 231 2263 των
247 2191 554 2280 περιείδομενήμάς
569 2189 1133 2282 αότοδςάπορωτέρωςζιινταςττδν

161 2293 344 2364 δουλεύειν
362 2300 477 2364 αἰτίαν
496 2292 653 2380 ἐχόντων.
687 2301 797 2363 καίτοι
813 2293 1014 2386 βουλόμενοι
1030 2304 1131 2365 πλεο-

158 2408 297 2465 νεκτεῖν
315 2391 380 2464 ούκ
398 2390 442 2461 ἄν
456 2394 498 2482 δή
516 2421 582 2464 που
601 2400 662 2482 τῆς
678 2394 743 2483 μέν
754 2402 955 2465 Σκιωναίων
973 2399 1034 2483 γῆς
1054 2400 1132 2466 έπε-

158 2496 380 2585 θυμήσαμεν,
394 2492 437 2582 ἢν
445 2496 643 2566 Πλαταιέων
651 2511 723 2577 τοῖς
738 2489 784 2578 άς
797 2494 884 2586 ήμᾶς
898 2493 1135 2582 καταᾲιυγοῦσι

158 2597 360 2685 φαινόμεθα
373 2596 597 2685 παραδόντες,
613 2597 783 2686 τοσαύτην
801 2599 839 2667 δὲ
857 2596 971 2684 χάραν
989 2605 1132 2686 παρελί-

158 2725 287 2787 πομεν,
305 2694 327 2785 ἣ
344 2698 473 2778 πάντας
491 2693 536 2766 ἂν
554 2696 641 2786 ήμᾶς
659 2696 913 2787 εὐπορωτέρους
932 2701 1098 2786 ἐποίησεν.
1150 2712 1168 2763 d

104 2814 142 2863 11⁰
241 2798 337 2888 (λδ.)
369 2799 541 2870 Τοιούτων
557 2808 679 2870 τοίνυν
702 2799 799 2888 ήμῶν
819 2801 1052 2887 γεγενημένων
1076 2803 1134 2872 καὶ

155 2901 337 2989 τοσαύτην
354 2909 467 2970 πίστιν
480 2900 680 2970 δεδωκότων
697 2898 787 2988 ὑπὲρ
805 2904 865 2969 τοῦ
878 2899 924 2988 μή
942 2906 1012 2970 τάν
1029 2901 1133 2973 άλλο-

154 3011 269 3092 πρίων
280 3005 612 3090 έπνδνμειντολμοῑσι
620 3006 864 3089 κατηγορεῑνοί
868 3007 937 3070 τῶν
945 3008 1134 3093 δεκαρχιῶν

154 3103 431 3191 κοινωνήσαντες
448 3102 505 3172 καὶ
524 3103 584 3182 τάς
602 3103 719 3174 αύταῑν
738 3108 904 3191 πατρίδας
923 3105 1133 3193 διαλυμηνά-

153 3232 271 3295 μενοι,
285 3204 344 3275 καὶ
356 3204 476 3294 μικράς
485 3203 550 3292 μὲν
559 3203 757 3292 ποιήσαντες
768 3209 883 3274 δοκεῖν
898 3203 985 3275 εἶναι
994 3206 1054 3286 τὰς
1063 3210 1132 3276 τάν

153 3307 469 3395 προγεγενημένων
482 3304 626 3393 άδικίας,
637 3302 802 3392 ον’δεμίαν
813 3305 851 3374 δὲ
860 3304 1015 3386 λιπόντες
1024 3299 1128 3396 άπερ-

152 3406 272 3496 βολήν
303 3420 376 3486 τοτς
402 3398 504 3486 αὖθις
526 3407 743 3495 βουλομένοις
771 3408 931 3491 γενέσθαι
960 3422 1133 3497 πονηροῖς,

153 3507 251 3576 άλλά
266 3507 456 3596 φάσκοντες
466 3507 529 3596 μέν
542 3514 746 3596 λακωνιζειυ,
761 3505 925 3576 τάναντία
943 3506 975 3576 δ’
993 3511 1133 3591 έκείνοις
1151 3537 1165 3573 ι

155 3608 434 3696 ἐπιτηδεύοντες,
451 3611 507 3680 καὶ
521 3608 580 3688 τάς
595 3608 658 3696 μὲν
665 3616 811 3698 Μηλίων
825 3606 1027 3698 ὀδυρόμενοι
1044 3630 1131 3698 συμ-

153 3708 291 3801 φοράς,
309 3712 387 3799 περὶ
400 3709 439 3779 δδ
450 3709 529 3792 τούς
542 3709 657 3780 αύτῶν
669 3719 809 3791 πολίτας
828 3707 995 3800 άνήκεστα
1006 3710 1131 3799 τολμή-

939 3823 978 3874 52
