2859 4334
435 416 911 477 ΠΕΡΙΑΝΤΙΔΟΣΕΩΣ.
1079 412 1138 477 161

191 601 267 645 των.
296 582 402 644 καίτοι
426 584 496 654 πῶς
517 574 579 643 οὐκ
601 573 726 660 άλογον
746 573 825 653 τούς
846 583 907 643 τοῦ
929 578 1140 662 φαυλοτέρου

191 679 416 761 ποιουμένους
430 676 491 760 την
508 676 697 759 ἐπιμέλειαν
718 678 867 768 ἐπαινεῖν
884 669 1046 761 μᾶλλονῆ
1061 670 1140 751 τούς
1165 718 1169 722 ν
1205 726 1211 739 .

190 781 252 841 τοῦ
273 777 556 860 σπουδαιοτέρον,
578 776 753 841 καὶταῦτα
774 775 911 841 πάντων
931 774 1069 841 είδότων
1084 770 1140 841 διά

189 872 253 958 μέν
274 870 405 953 εὐεξίαν
424 873 576 959 σώματος
598 870 699 941 οὐδέν
720 872 852 942 πώποτε
872 872 934 960 τὴν
955 875 1054 941 πόλιν
1072 880 1140 950 τῶν

191 977 385 1058 ἐλλογίμων
397 978 505 1059 ἔργων
527 975 813 1059 διαπραξαμένηυ,
839 972 950 1041 διὰδὲ
972 973 1140 1058 φρόνησιν

189 1068 315 1157 ἀνδρός
334 1068 637 1158 εὐδαιμονεστάτην
660 1075 714 1140 καί
734 1079 892 1159 μεγίστην
912 1081 980 1139 τῶν
988 1071 1137 1159 Ελληνί-

190 1176 260 1239 δων
276 1171 408 1240 πόλεων
425 1175 629 1259 γενομένηνς
957 1199 960 1205 ·

115 1294 177 1352 251
277 1271 349 1358 (κς
361 1272 427 1339 *κδ
430 1280 454 1357 .)
476 1268 665 1339 Πολόδ”’
643 1298 686 1338 αν
706 1298 756 1349 τις
777 1277 845 1356 έχοι
860 1278 995 1352 πλείους
1008 1272 1138 1339 τούτων
1175 1289 1177 1292 ’

188 1369 398 1449 ἐναντιώσεις
413 1384 617 1455 συναγαγεῖν
632 1377 700 1437 τῶν
718 1368 933 1455 ἀκμαζόντων
953 1397 987 1440 τε
1010 1380 1139 1475 μᾶλλον

187 1464 271 1555 ηγω
248 1464 404 1537 καὶτοῦ
423 1496 543 1556 καιρου
556 1478 617 1537 τοῦ
631 1468 797 1557 παρόντος
812 1498 856 1557 μη
845 1470 1128 1570 φροντιζόντων
1134 1491 1138 1503 ·

188 1574 258 1638 ἐπεὶ
274 1572 329 1639 καί
343 1571 421 1639 τάδε
435 1576 511 1655 περὶ
524 1598 592 1640 των
607 1569 720 1640 αὐτων
733 1573 863 1640 τούτων
878 1581 1007 1642 ἔνεστιν
1023 1567 1136 1642 είπειν

189 1666 327 1756 φέρε
287 1696 363 1755 γαρ,
388 1680 422 1738 εί
432 1697 520 1749 τινες
536 1668 642 1739 πολλοὶ
658 1672 807 1757 χρήματα
823 1671 913 1756 παρά
929 1700 998 1740 των
1012 1672 1139 1758 προγό-

187 1796 259 1837 νων
273 1772 525 1858 παραλαβόντες
538 1778 578 1859 τῇ
591 1771 632 1857 μὲ
633 1797 653 1837 ν
665 1770 761 1839 πόλει
772 1774 877 1858 μηδὲν
891 1770 957 1840 είεν
971 1774 1137 1891 χρήσιμοι,

186 1897 267 1950 τους
279 1875 315 1939 δ
331 1877 465 1950 πολίτας
479 1869 647 1958 ὑβρίζοιεν
661 1875 716 1940 καὶ
732 1872 811 1949 νοός
824 1898 859 1938 τε
874 1877 992 1950 παῖδας
1006 1874 1060 1939 καὶ
1079 1870 1137 1949 τός

186 1984 349 2057 γυναῖκας
364 1972 566 2057 αἰσχύνοιεν,
585 1969 710 2038 έστιν”
690 1991 781 2048 οστις
795 1966 840 2037 άν
850 1968 929 2048 τοὺς
939 1976 1065 2047 αἰτίους
1076 1977 1136 2037 τοῦ

188 2070 339 2139 πλοότον
352 2072 548 2155 μέμψασθαι
569 2070 765 2157 τολμήσειεν
786 2067 860 2138 ἀλλ’.
876 2067 938 2138 οὐκ
953 2066 998 2137 οἶν
1015 2067 1139 2148 αότοός
1158 2091 1204 2144 ιιι

111 2194 169 2247 252
187 2167 266 2248 τούς
280 2170 566 2255 ἐξαμαρτάνοντας
580 2170 732 2250 κολάζειν
743 2167 931 2249 όξιάσειενς
946 2176 980 2236 τί
992 2168 1024 2235 δ’
1042 2179 1075 2237 εί
1087 2196 1138 2235 τι-

187 2295 244 2348 νες
260 2266 465 2355 ,ὁπλομαχεῖν
486 2269 653 2355 μαθόντες
673 2267 758 2352 πρὸς
778 2269 839 2354 μὲν
859 2266 938 2347 τούς
959 2274 1138 2354 πολεμίους

187 2363 232 2453 μη
247 2375 375 2456 χρῷντο
391 2382 461 2445 ταῖς
472 2367 673 2453 ἐπιστήμαις,
691 2368 915 2434 ἐπανάστασιν
927 2368 963 2435 δὲ
973 2367 1138 2453 ποιήσαν-

185 2494 239 2545 τες
256 2466 402 2546 πολλούς
423 2477 491 2536 τῶν
513 2474 659 2536 πολιτῶν
679 2473 927 2553 διαφθείραιεν,
951 2465 973 2555 ἢ
993 2474 1047 2537 καὶ
1070 2495 1137 2535 πν-

186 2566 319 2635 κτεόειν
333 2570 389 2634 καλ
403 2568 660 2654 παγκρατιάζειν
675 2564 718 2644 ός
734 2562 807 2633 οἷόν
817 2563 847 2631 τ’
864 2564 981 2648 ἄριστα
997 2572 1136 2634 παιδευ-

185 2658 595 2752 θέντεςτῶνμὲνάγόνων
604 2664 768 2751 όμελοίεν,
781 2662 860 2744 τούς
873 2662 905 2731 δ’
920 2663 1137 2745 ἀπαντῶντας

186 2765 360 2849 τόπτοιεν,
386 2771 433 2842 τίς
448 2762 511 2830 οὐκ
526 2760 570 2831 άν
588 2763 718 2830 τούτων
739 2762 817 2842 τοός
838 2764 901 2851 μὲν
916 2765 1138 2842 διδασκάλους

186 2867 385 2945 ἐπαινέσειε,
411 2861 490 2941 τοός
516 2865 551 2930 δὲ
581 2871 690 2941 κακῶς
710 2869 903 2950 χρωμένους
926 2860 976 2943 οἷς
1005 2873 1135 2951 ἔμαθον

111 2986 167 3042 253
184 2960 428 3043 όποκτείνειενς
451 2960 580 3030 οὖνοῦν
600 2962 661 3049 χρὴ
688 2967 743 3031 καὶ
764 2968 921 3047 περὶτῶν
946 2966 1057 3048 λόγων
1073 2962 1135 3050 τὴν

186 3060 294 3148 αὐτὴν
308 3064 394 3147 ἔχειν
408 3060 573 3147 διάνοιαν,
587 3059 694 3147 ἤνπερ
705 3065 760 3131 καὶ
774 3065 929 3148 περὶτῶν
947 3061 1068 3149 άλλων,
1081 3065 1136 3131 καί

185 3159 231 3248 μὴ
248 3160 404 3245 περὶτῶν
419 3158 544 3245 ὁμοίων
559 3158 719 3228 τάναντία
729 3161 940 3247 γιγνώσκειν,
955 3163 1038 3246 ’μηδὲ
1052 3158 1136 3246 πρὸς

184 3266 340 3328 τοιοῦτον
355 3266 490 3345 πρᾶγμα
506 3266 677 3345 δυσμενῶς
692 3267 873 3345 φαίνεσθαι
895 3261 1135 3343 διακειμένους,

186 3355 207 3424 ὃ
220 3357 358 3424 πάντων
378 3364 446 3425 τῶν
461 3358 608 3425 ἐνόντων
631 3359 666 3423 έν
681 3364 721 3444 τῇ
735 3364 803 3425 τῶν
823 3354 1018 3440 ἀνθρώπων
1034 3358 1135 3442 φύσει

185 3465 351 3525 πλείστων
372 3454 514 3542 άγαθεδν
535 3456 643 3523 αίτιόν
661 3459 759 3521 έστιν.
783 3470 851 3535 τοῖς
865 3456 927 3540 μέν
941 3452 1005 3541 γὰρ
1023 3453 1135 3535 ἄλλοις

183 3553 233 3633 οἷς
248 3562 377 3642 ἔχομεν,
393 3555 478 3640 άπερ
495 3554 558 3643 ἤδη
574 3558 628 3623 καὶ
644 3557 809 3638 πρότερον
824 3552 935 3637 είπον,
951 3552 1052 3621 οὐδὲν
1067 3563 1135 3623 τῶν

183 3654 278 3734 ζαέων
296 3658 514 3739 διαφέρομεν,
536 3652 619 3722 άλλά
635 3662 770 3721 πολλῶν
790 3654 904 3742 καὶτῷ
920 3652 1011 3739 τάχει
1026 3658 1134 3741 καλιῇ

267 3764 421 3804 usnemun.
435 3750 468 3804 ll.
965 3755 998 3807 ll
