<?xml version="1.0" encoding="UTF-8"?>
<!DOCTYPE html PUBLIC "-//W3C//DTD XHTML 1.0 Transitional//EN"
    "http://www.w3.org/TR/xhtml1/DTD/xhtml1-transitional.dtd">
<html xmlns="http://www.w3.org/1999/xhtml" xml:lang="en" lang="en">
 <head>
  <title>
</title>
<meta http-equiv="Content-Type" content="text/html;charset=utf-8" />
  <meta name='ocr-system' content='tesseract 3.04.00' />
  <meta name='ocr-capabilities' content='ocr_page ocr_carea ocr_par ocr_line ocrx_word'/>
</head>
<body>
  <div class='ocr_page' id='page_1' title='image "./orationes00isgoog_0431.png"; bbox 0 0 2859 4334; ppageno 0'>
   <div class='ocr_carea' id='block_1_1' title="bbox 271 366 950 443">
    <p class='ocr_par' dir='ltr' id='par_1_1' title="bbox 271 366 950 443">
     <span class='ocr_line' id='line_1_1' title="bbox 271 366 950 443; baseline -0.003 -14"><span class='ocrx_word' id='word_1_1' title='bbox 271 366 313 429; x_wconf 77' lang='lat'><strong><em>58</em></strong></span> <span class='ocrx_word' id='word_1_2' title='bbox 552 372 732 428; x_wconf 77' lang='grc' dir='ltr'><strong><em>εΣοΚΡΑ</em></strong></span> <span class='ocrx_word' id='word_1_3' title='bbox 743 369 799 426; x_wconf 83' lang='lat' dir='ltr'><strong><em>TO</em></strong></span> <span class='ocrx_word' id='word_1_4' title='bbox 811 371 868 425; x_wconf 67' lang='grc' dir='ltr'><strong><em>νε)</em></strong></span> <span class='ocrx_word' id='word_1_5' title='bbox 887 371 950 443; x_wconf 71' lang='grc' dir='ltr'><strong><em>(ιι)</em></strong></span> 
     </span>
    </p>
   </div>
   <div class='ocr_carea' id='block_1_2' title="bbox 202 526 1292 3683">
    <p class='ocr_par' dir='ltr' id='par_1_2' title="bbox 270 526 1227 1109">
     <span class='ocr_line' id='line_1_2' title="bbox 271 526 1227 614; baseline 0 -17"><span class='ocrx_word' id='word_1_6' title='bbox 271 534 428 598; x_wconf 78' lang='grc' dir='ltr'><strong><em>λικοῦτον</em></strong></span> <span class='ocrx_word' id='word_1_7' title='bbox 439 526 615 614; x_wconf 75' lang='grc' dir='ltr'><strong><em>ἀπονεῖμαι</em></strong></span> <span class='ocrx_word' id='word_1_8' title='bbox 627 531 726 613; x_wconf 99' lang='grc' dir='ltr'><strong><em>μέρος</em></strong></span> <span class='ocrx_word' id='word_1_9' title='bbox 735 536 791 614; x_wconf 78' lang='grc' dir='ltr'><strong><em>τῆς</em></strong></span> <span class='ocrx_word' id='word_1_10' title='bbox 798 536 961 613; x_wconf 82' lang='grc' dir='ltr'><strong><em>χειρίστης</em></strong></span> <span class='ocrx_word' id='word_1_11' title='bbox 972 527 1049 596; x_wconf 79' lang='grc' dir='ltr'><strong><em>ὥστ’</em></strong></span> <span class='ocrx_word' id='word_1_12' title='bbox 1060 530 1227 609; x_wconf 75' lang='grc' dir='ltr'><strong><em>ἐπιπόνως</em></strong></span> 
     </span>
     <span class='ocr_line' id='line_1_3' title="bbox 272 625 1226 714; baseline 0.002 -20"><span class='ocrx_word' id='word_1_13' title='bbox 272 628 511 712; x_wconf 78' lang='grc' dir='ltr'><strong><em>ἐργαζομένους</em></strong></span> <span class='ocrx_word' id='word_1_14' title='bbox 531 629 626 714; x_wconf 92' lang='grc' dir='ltr'><strong><em>μόλις</em></strong></span> <span class='ocrx_word' id='word_1_15' title='bbox 647 633 734 713; x_wconf 73' lang='grc' dir='ltr'><strong><em>ἔχειν</em></strong></span> <span class='ocrx_word' id='word_1_16' title='bbox 756 625 796 695; x_wconf 85' lang='grc' dir='ltr'><strong><em>τὰ</em></strong></span> <span class='ocrx_word' id='word_1_17' title='bbox 816 625 897 695; x_wconf 82' lang='grc' dir='ltr'><strong><em>καθ’</em></strong></span> <span class='ocrx_word' id='word_1_18' title='bbox 917 625 1061 714; x_wconf 82' lang='grc' dir='ltr'><strong><em>ἡμέραν·</em></strong></span> <span class='ocrx_word' id='word_1_19' title='bbox 1086 627 1166 713; x_wconf 85' lang='grc' dir='ltr'><strong><em>μετά</em></strong></span> <span class='ocrx_word' id='word_1_20' title='bbox 1189 630 1226 696; x_wconf 78' lang='grc' dir='ltr'><strong><em>δὲ</em></strong></span> 
     </span>
     <span class='ocr_line' id='line_1_4' title="bbox 272 721 1226 812; baseline 0.003 -21"><span class='ocrx_word' id='word_1_21' title='bbox 272 733 375 793; x_wconf 84' lang='grc' dir='ltr'><strong><em>ταῦτα</em></strong></span> <span class='ocrx_word' id='word_1_22' title='bbox 396 726 566 805; x_wconf 89' lang='grc' dir='ltr'><strong><em>διελόντας</em></strong></span> <span class='ocrx_word' id='word_1_23' title='bbox 583 724 621 793; x_wconf 85' lang='grc' dir='ltr'><strong><em>τό</em></strong></span> <span class='ocrx_word' id='word_1_24' title='bbox 642 733 771 811; x_wconf 75' lang='grc' dir='ltr'><strong><em>πλῆθος</em></strong></span> <span class='ocrx_word' id='word_1_25' title='bbox 791 723 904 793; x_wconf 78' lang='grc' dir='ltr'><strong><em>αὐτῶν</em></strong></span> <span class='ocrx_word' id='word_1_26' title='bbox 922 724 965 804; x_wconf 79' lang='grc' dir='ltr'><strong><em>ὡς</em></strong></span> <span class='ocrx_word' id='word_1_27' title='bbox 984 722 1058 794; x_wconf 74' lang='grc' dir='ltr'><strong><em>οἷόν</em></strong></span> <span class='ocrx_word' id='word_1_28' title='bbox 1073 725 1102 792; x_wconf 88' lang='grc' dir='ltr'><strong><em>τ’</em></strong></span> <span class='ocrx_word' id='word_1_29' title='bbox 1119 721 1162 812; x_wconf 75' lang='grc' dir='ltr'><strong><em>ἦν</em></strong></span> <span class='ocrx_word' id='word_1_30' title='bbox 1180 733 1226 804; x_wconf 82' lang='grc' dir='ltr'><strong><em>είς</em></strong></span> 
     </span>
     <span class='ocr_line' id='line_1_5' title="bbox 271 821 1226 910; baseline -0.001 -18"><span class='ocrx_word' id='word_1_31' title='bbox 271 827 460 910; x_wconf 76' lang='grc' dir='ltr'><strong><em>ἐλαχίστους</em></strong></span> <span class='ocrx_word' id='word_1_32' title='bbox 471 832 517 903; x_wconf 84' lang='grc' dir='ltr'><strong><em>είς</em></strong></span> <span class='ocrx_word' id='word_1_33' title='bbox 527 827 651 903; x_wconf 87' lang='grc' dir='ltr'><strong><em>τόπους</em></strong></span> <span class='ocrx_word' id='word_1_34' title='bbox 662 833 845 893; x_wconf 90' lang='grc' dir='ltr'><strong><em>κατοικίσαι</em></strong></span> <span class='ocrx_word' id='word_1_35' title='bbox 855 821 997 910; x_wconf 82' lang='grc' dir='ltr'><strong><em>μικρούς</em></strong></span> <span class='ocrx_word' id='word_1_36' title='bbox 1005 821 1226 909; x_wconf 79' lang='grc' dir='ltr'><strong><em>καὶπολλούς,</em></strong></span> 
     </span>
     <span class='ocr_line' id='line_1_6' title="bbox 271 920 1225 1010; baseline 0.001 -20"><span class='ocrx_word' id='word_1_37' title='bbox 271 920 412 1009; x_wconf 83' lang='grc' dir='ltr'><strong><em>ὀνόμασι</em></strong></span> <span class='ocrx_word' id='word_1_38' title='bbox 423 926 485 1009; x_wconf 84' lang='grc' dir='ltr'><strong><em>μὲν</em></strong></span> <span class='ocrx_word' id='word_1_39' title='bbox 496 928 850 1010; x_wconf 78' lang='grc' dir='ltr'><strong><em>προσαγορευομένους</em></strong></span> <span class='ocrx_word' id='word_1_40' title='bbox 862 921 905 1001; x_wconf 75' lang='grc' dir='ltr'><strong><em>ὡς</em></strong></span> <span class='ocrx_word' id='word_1_41' title='bbox 918 924 1032 1003; x_wconf 88' lang='grc' dir='ltr'><strong><em>πόλεις</em></strong></span> <span class='ocrx_word' id='word_1_42' title='bbox 1040 930 1225 1009; x_wconf 73' lang='grc' dir='ltr'><strong><em>οἰκοῦντας,</em></strong></span> 
     </span>
     <span class='ocr_line' id='line_1_7' title="bbox 270 1018 1221 1109; baseline 0.001 -21"><span class='ocrx_word' id='word_1_43' title='bbox 270 1018 332 1108; x_wconf 80' lang='grc' dir='ltr'><strong><em>τὴν</em></strong></span> <span class='ocrx_word' id='word_1_44' title='bbox 347 1024 388 1089; x_wconf 74' lang='grc' dir='ltr'><strong><em>δὲ</em></strong></span> <span class='ocrx_word' id='word_1_45' title='bbox 400 1023 545 1109; x_wconf 91' lang='grc' dir='ltr'><strong><em>δύναμιν</em></strong></span> <span class='ocrx_word' id='word_1_46' title='bbox 561 1030 693 1109; x_wconf 85' lang='grc' dir='ltr'><strong><em>ἔχοντας</em></strong></span> <span class='ocrx_word' id='word_1_47' title='bbox 709 1023 831 1090; x_wconf 85' lang='grc' dir='ltr'><strong><em>ἐλάττω</em></strong></span> <span class='ocrx_word' id='word_1_48' title='bbox 850 1029 916 1089; x_wconf 77' lang='grc' dir='ltr'><strong><em>τῶν</em></strong></span> <span class='ocrx_word' id='word_1_49' title='bbox 932 1022 1048 1109; x_wconf 84' lang='grc' dir='ltr'><strong><em>δη’μων</em></strong></span> <span class='ocrx_word' id='word_1_50' title='bbox 1063 1028 1131 1089; x_wconf 77' lang='grc' dir='ltr'><strong><em>τῶν</em></strong></span> <span class='ocrx_word' id='word_1_51' title='bbox 1142 1019 1221 1106; x_wconf 86' lang='grc' dir='ltr'><strong><em>παρ’</em></strong></span> 
     </span>
    </p>

    <p class='ocr_par' dir='ltr' id='par_1_3' title="bbox 206 1111 1292 1898">
     <span class='ocr_line' id='line_1_8' title="bbox 206 1111 1225 1206; baseline 0.004 -23"><span class='ocrx_word' id='word_1_52' title='bbox 206 1134 253 1185; x_wconf 84' lang='grc'><strong><em>180</em></strong></span> <span class='ocrx_word' id='word_1_53' title='bbox 270 1116 362 1206; x_wconf 75' lang='grc' dir='ltr'><strong><em>ἡμῖν·</em></strong></span> <span class='ocrx_word' id='word_1_54' title='bbox 381 1117 540 1187; x_wconf 82' lang='grc' dir='ltr'><strong><em>ἁπάντων</em></strong></span> <span class='ocrx_word' id='word_1_55' title='bbox 553 1117 583 1187; x_wconf 89' lang='grc' dir='ltr'><strong><em>δ’</em></strong></span> <span class='ocrx_word' id='word_1_56' title='bbox 597 1118 887 1206; x_wconf 85' lang='grc' dir='ltr'><strong><em>ἀποστερήσαντας</em></strong></span> <span class='ocrx_word' id='word_1_57' title='bbox 899 1116 1038 1201; x_wconf 77' lang='grc' dir='ltr'><strong><em>αὐτούς,</em></strong></span> <span class='ocrx_word' id='word_1_58' title='bbox 1057 1111 1106 1186; x_wconf 77' lang='grc' dir='ltr'><strong><em>ὦν</em></strong></span> <span class='ocrx_word' id='word_1_59' title='bbox 1119 1138 1225 1201; x_wconf 90' lang='grc' dir='ltr'><strong><em>προσ-</em></strong></span> 
     </span>
     <span class='ocr_line' id='line_1_9' title="bbox 268 1216 1253 1304; baseline 0.001 -19"><span class='ocrx_word' id='word_1_60' title='bbox 268 1218 341 1304; x_wconf 85' lang='grc' dir='ltr'><strong><em>ήκει</em></strong></span> <span class='ocrx_word' id='word_1_61' title='bbox 357 1219 503 1304; x_wconf 75' lang='grc' dir='ltr'><strong><em>μετέχειν</em></strong></span> <span class='ocrx_word' id='word_1_62' title='bbox 519 1216 597 1295; x_wconf 85' lang='grc' dir='ltr'><strong><em>τούς</em></strong></span> <span class='ocrx_word' id='word_1_63' title='bbox 613 1221 831 1303; x_wconf 83' lang='grc' dir='ltr'><strong><em>ἐλευθέρους,</em></strong></span> <span class='ocrx_word' id='word_1_64' title='bbox 855 1216 934 1296; x_wconf 84' lang='grc' dir='ltr'><strong><em>τούς</em></strong></span> <span class='ocrx_word' id='word_1_65' title='bbox 954 1227 1128 1297; x_wconf 78' lang='grc' dir='ltr'><strong><em>πλείστους</em></strong></span> <span class='ocrx_word' id='word_1_66' title='bbox 1149 1221 1223 1286; x_wconf 88' lang='grc' dir='ltr'><strong><em>έπι-</em></strong></span> <span class='ocrx_word' id='word_1_67' title='bbox 1235 1242 1253 1279; x_wconf 81' lang='lat' dir='ltr'><strong>e</strong></span> 
     </span>
     <span class='ocr_line' id='line_1_10' title="bbox 268 1316 1226 1403; baseline 0.001 -19"><span class='ocrx_word' id='word_1_68' title='bbox 268 1327 381 1385; x_wconf 68' lang='grc' dir='ltr'><strong><em>θεῖναι</em></strong></span> <span class='ocrx_word' id='word_1_69' title='bbox 393 1324 461 1383; x_wconf 81' lang='grc' dir='ltr'><strong><em>τῶν</em></strong></span> <span class='ocrx_word' id='word_1_70' title='bbox 472 1319 643 1386; x_wconf 79' lang='grc' dir='ltr'><strong><em>κινδύνων</em></strong></span> <span class='ocrx_word' id='word_1_71' title='bbox 655 1316 783 1397; x_wconf 77' lang='grc' dir='ltr'><strong><em>αὐτοῖς’</em></strong></span> <span class='ocrx_word' id='word_1_72' title='bbox 800 1324 837 1385; x_wconf 83' lang='grc' dir='ltr'><strong><em>έν</em></strong></span> <span class='ocrx_word' id='word_1_73' title='bbox 845 1344 880 1385; x_wconf 88' lang='grc' dir='ltr'><strong><em>τε</em></strong></span> <span class='ocrx_word' id='word_1_74' title='bbox 888 1317 952 1403; x_wconf 83' lang='grc' dir='ltr'><strong><em>γάρ</em></strong></span> <span class='ocrx_word' id='word_1_75' title='bbox 962 1332 1031 1397; x_wconf 81' lang='grc' dir='ltr'><strong><em>ταῖς</em></strong></span> <span class='ocrx_word' id='word_1_76' title='bbox 1041 1326 1226 1402; x_wconf 83' lang='grc' dir='ltr'><strong><em>στρατείαις</em></strong></span> 
     </span>
     <span class='ocr_line' id='line_1_11' title="bbox 268 1411 1292 1503; baseline 0.006 -22"><span class='ocrx_word' id='word_1_77' title='bbox 268 1411 320 1494; x_wconf 73' lang='grc' dir='ltr'><strong><em>αἱς</em></strong></span> <span class='ocrx_word' id='word_1_78' title='bbox 338 1412 466 1503; x_wconf 78' lang='grc' dir='ltr'><strong><em>ἡγεῖται</em></strong></span> <span class='ocrx_word' id='word_1_79' title='bbox 480 1414 654 1503; x_wconf 86' lang='grc' dir='ltr'><strong><em>βασιλεύς,</em></strong></span> <span class='ocrx_word' id='word_1_80' title='bbox 671 1414 745 1484; x_wconf 89' lang='grc' dir='ltr'><strong><em>κατ’</em></strong></span> <span class='ocrx_word' id='word_1_81' title='bbox 765 1416 872 1502; x_wconf 87' lang='grc' dir='ltr'><strong><em>ἀνδρα</em></strong></span> <span class='ocrx_word' id='word_1_82' title='bbox 888 1418 1225 1503; x_wconf 87' lang='grc' dir='ltr'><strong><em>συμπαρατάττεσθαι</em></strong></span> <span class='ocrx_word' id='word_1_83' title='bbox 1243 1432 1292 1489; x_wconf 75' lang='lat'><strong><em>2⁷1</em></strong></span> 
     </span>
     <span class='ocr_line' id='line_1_12' title="bbox 269 1512 1223 1603; baseline 0.001 -22"><span class='ocrx_word' id='word_1_84' title='bbox 269 1521 384 1600; x_wconf 84' lang='grc' dir='ltr'><strong><em>σφίσιν</em></strong></span> <span class='ocrx_word' id='word_1_85' title='bbox 400 1512 528 1597; x_wconf 79' lang='grc' dir='ltr'><strong><em>αὐτοῖς,</em></strong></span> <span class='ocrx_word' id='word_1_86' title='bbox 546 1518 656 1594; x_wconf 83' lang='grc' dir='ltr'><strong><em>ένίους</em></strong></span> <span class='ocrx_word' id='word_1_87' title='bbox 670 1520 706 1583; x_wconf 76' lang='grc' dir='ltr'><strong><em>δὲ</em></strong></span> <span class='ocrx_word' id='word_1_88' title='bbox 721 1518 776 1584; x_wconf 80' lang='grc' dir='ltr'><strong><em>καὶ</em></strong></span> <span class='ocrx_word' id='word_1_89' title='bbox 791 1524 848 1603; x_wconf 78' lang='grc' dir='ltr'><strong><em>τῆς</em></strong></span> <span class='ocrx_word' id='word_1_90' title='bbox 864 1517 996 1602; x_wconf 80' lang='grc' dir='ltr'><strong><em>πράτης</em></strong></span> <span class='ocrx_word' id='word_1_91' title='bbox 1011 1517 1157 1600; x_wconf 78' lang='grc' dir='ltr'><strong><em>τάττειν,</em></strong></span> <span class='ocrx_word' id='word_1_92' title='bbox 1178 1516 1223 1583; x_wconf 89' lang='grc' dir='ltr'><strong><em>ἀν</em></strong></span> 
     </span>
     <span class='ocr_line' id='line_1_13' title="bbox 268 1614 1224 1701; baseline 0.003 -21"><span class='ocrx_word' id='word_1_93' title='bbox 268 1616 305 1681; x_wconf 82' lang='grc' dir='ltr'><strong><em>τέ</em></strong></span> <span class='ocrx_word' id='word_1_94' title='bbox 316 1639 383 1680; x_wconf 89' lang='grc' dir='ltr'><strong><em>που</em></strong></span> <span class='ocrx_word' id='word_1_95' title='bbox 398 1618 521 1699; x_wconf 80' lang='grc' dir='ltr'><strong><em>δεῆσαν</em></strong></span> <span class='ocrx_word' id='word_1_96' title='bbox 535 1614 657 1693; x_wconf 81' lang='grc' dir='ltr'><strong><em>αύτούς</em></strong></span> <span class='ocrx_word' id='word_1_97' title='bbox 671 1618 834 1701; x_wconf 73' lang='grc' dir='ltr'><strong><em>ἐκπέμψαι</em></strong></span> <span class='ocrx_word' id='word_1_98' title='bbox 845 1615 1010 1701; x_wconf 81' lang='grc' dir='ltr'><strong><em>βοήθειαν</em></strong></span> <span class='ocrx_word' id='word_1_99' title='bbox 1022 1621 1224 1701; x_wconf 77' lang='grc' dir='ltr'><strong><em>φοβηθῶσιν</em></strong></span> 
     </span>
     <span class='ocr_line' id='line_1_14' title="bbox 271 1709 1220 1801; baseline 0 -21"><span class='ocrx_word' id='word_1_100' title='bbox 271 1709 290 1799; x_wconf 80' lang='grc' dir='ltr'><em>ἢ</em></span> <span class='ocrx_word' id='word_1_101' title='bbox 304 1710 383 1791; x_wconf 82' lang='grc' dir='ltr'><strong><em>τούς</em></strong></span> <span class='ocrx_word' id='word_1_102' title='bbox 396 1714 522 1792; x_wconf 87' lang='grc' dir='ltr'><strong><em>πόνους</em></strong></span> <span class='ocrx_word' id='word_1_103' title='bbox 533 1710 554 1800; x_wconf 73' lang='grc' dir='ltr'><strong><em>ἦ</em></strong></span> <span class='ocrx_word' id='word_1_104' title='bbox 565 1711 644 1791; x_wconf 85' lang='grc' dir='ltr'><strong><em>τούς</em></strong></span> <span class='ocrx_word' id='word_1_105' title='bbox 655 1715 836 1792; x_wconf 80' lang='grc' dir='ltr'><strong><em>κινδύνους</em></strong></span> <span class='ocrx_word' id='word_1_106' title='bbox 848 1709 869 1801; x_wconf 78' lang='grc' dir='ltr'><strong><em>ἢ</em></strong></span> <span class='ocrx_word' id='word_1_107' title='bbox 879 1712 916 1781; x_wconf 84' lang='grc' dir='ltr'><strong><em>τό</em></strong></span> <span class='ocrx_word' id='word_1_108' title='bbox 929 1721 1058 1800; x_wconf 81' lang='grc' dir='ltr'><strong><em>πλῆθος</em></strong></span> <span class='ocrx_word' id='word_1_109' title='bbox 1069 1720 1130 1780; x_wconf 85' lang='grc' dir='ltr'><strong><em>τοῦ</em></strong></span> <span class='ocrx_word' id='word_1_110' title='bbox 1141 1714 1220 1800; x_wconf 88' lang='grc' dir='ltr'><strong><em>χρό-</em></strong></span> 
     </span>
     <span class='ocr_line' id='line_1_15' title="bbox 271 1810 1223 1898; baseline 0.002 -20"><span class='ocrx_word' id='word_1_111' title='bbox 271 1838 349 1894; x_wconf 88' lang='grc' dir='ltr'><strong><em>νου,</em></strong></span> <span class='ocrx_word' id='word_1_112' title='bbox 378 1812 518 1891; x_wconf 81' lang='grc' dir='ltr'><strong><em>τούτους</em></strong></span> <span class='ocrx_word' id='word_1_113' title='bbox 543 1810 756 1882; x_wconf 75' lang='grc' dir='ltr'><strong><em>ἀποστέλλειν</em></strong></span> <span class='ocrx_word' id='word_1_114' title='bbox 781 1812 1130 1898; x_wconf 87' lang='grc' dir='ltr'><strong><em>προκινδυνεύσοντας</em></strong></span> <span class='ocrx_word' id='word_1_115' title='bbox 1153 1820 1223 1880; x_wconf 78' lang='grc' dir='ltr'><strong><em>τῶν</em></strong></span> 
     </span>
    </p>

    <p class='ocr_par' dir='ltr' id='par_1_4' title="bbox 205 1909 1360 2590">
     <span class='ocr_line' id='line_1_16' title="bbox 205 1909 1223 1998; baseline 0 -21"><span class='ocrx_word' id='word_1_116' title='bbox 205 1928 248 1979; x_wconf 81' lang='grc'><strong><em>181</em></strong></span> <span class='ocrx_word' id='word_1_117' title='bbox 266 1910 387 1981; x_wconf 82' lang='grc' dir='ltr'><strong><em>ἀλλων,</em></strong></span> <span class='ocrx_word' id='word_1_118' title='bbox 411 1912 466 1979; x_wconf 81' lang='grc' dir='ltr'><strong><em>καλ</em></strong></span> <span class='ocrx_word' id='word_1_119' title='bbox 479 1919 513 1980; x_wconf 89' lang='grc' dir='ltr'><strong><em>τί</em></strong></span> <span class='ocrx_word' id='word_1_120' title='bbox 528 1916 581 1979; x_wconf 79' lang='grc' dir='ltr'><strong><em>δεῖ</em></strong></span> <span class='ocrx_word' id='word_1_121' title='bbox 593 1921 815 1998; x_wconf 78' lang='grc' dir='ltr'><strong><em>μακρολογεῖν</em></strong></span> <span class='ocrx_word' id='word_1_122' title='bbox 832 1909 962 1989; x_wconf 85' lang='grc' dir='ltr'><strong><em>ἁπάσας</em></strong></span> <span class='ocrx_word' id='word_1_123' title='bbox 980 1912 1144 1991; x_wconf 83' lang='grc' dir='ltr'><strong><em>διεξιόντα</em></strong></span> <span class='ocrx_word' id='word_1_124' title='bbox 1161 1910 1223 1989; x_wconf 81' lang='grc' dir='ltr'><strong><em>τὰς</em></strong></span> 
     </span>
     <span class='ocr_line' id='line_1_17' title="bbox 268 2006 1255 2097; baseline -0.002 -20"><span class='ocrx_word' id='word_1_125' title='bbox 268 2007 383 2097; x_wconf 78' lang='grc' dir='ltr'><strong><em>ὕβρεις</em></strong></span> <span class='ocrx_word' id='word_1_126' title='bbox 403 2007 461 2088; x_wconf 82' lang='grc' dir='ltr'><strong><em>τάς</em></strong></span> <span class='ocrx_word' id='word_1_127' title='bbox 482 2011 555 2094; x_wconf 84' lang='grc' dir='ltr'><strong><em>περὶ</em></strong></span> <span class='ocrx_word' id='word_1_128' title='bbox 578 2007 614 2077; x_wconf 83' lang='grc' dir='ltr'><strong><em>τό</em></strong></span> <span class='ocrx_word' id='word_1_129' title='bbox 638 2018 767 2097; x_wconf 79' lang='grc' dir='ltr'><strong><em>πλῆθος</em></strong></span> <span class='ocrx_word' id='word_1_130' title='bbox 788 2013 988 2095; x_wconf 87' lang='grc' dir='ltr'><strong><em>γιγνομένας</em></strong></span> <span class='ocrx_word' id='word_1_131' title='bbox 1010 2006 1093 2077; x_wconf 90' lang='grc' dir='ltr'><strong><em>ἀλλά</em></strong></span> <span class='ocrx_word' id='word_1_132' title='bbox 1115 2007 1159 2095; x_wconf 81' lang='grc' dir='ltr'><strong><em>μη</em></strong></span> <span class='ocrx_word' id='word_1_133' title='bbox 1183 2008 1255 2076; x_wconf 70' lang='grc' dir='ltr'><strong><em>τόν</em></strong></span> 
     </span>
     <span class='ocr_line' id='line_1_18' title="bbox 268 2106 1223 2194; baseline 0.001 -19"><span class='ocrx_word' id='word_1_134' title='bbox 268 2111 423 2194; x_wconf 88' lang='grc' dir='ltr'><strong><em>μέγιστον</em></strong></span> <span class='ocrx_word' id='word_1_135' title='bbox 433 2110 567 2176; x_wconf 81' lang='grc' dir='ltr'><strong><em>εἰπόντα</em></strong></span> <span class='ocrx_word' id='word_1_136' title='bbox 580 2116 647 2176; x_wconf 76' lang='grc' dir='ltr'><strong><em>τῶν</em></strong></span> <span class='ocrx_word' id='word_1_137' title='bbox 656 2116 770 2177; x_wconf 78' lang='grc' dir='ltr'><strong><em>κακῶν</em></strong></span> <span class='ocrx_word' id='word_1_138' title='bbox 779 2106 1223 2194; x_wconf 78' lang='grc' dir='ltr'><strong><em>ἀπαλλαγῆναιτωνάλλων;</em></strong></span> 
     </span>
     <span class='ocr_line' id='line_1_19' title="bbox 270 2204 1223 2293; baseline 0.001 -19"><span class='ocrx_word' id='word_1_139' title='bbox 270 2206 415 2292; x_wconf 79' lang='grc' dir='ltr'><strong><em>τῶνγὰρ</em></strong></span> <span class='ocrx_word' id='word_1_140' title='bbox 430 2206 518 2275; x_wconf 79' lang='grc' dir='ltr'><strong><em>οὕτω</em></strong></span> <span class='ocrx_word' id='word_1_141' title='bbox 532 2207 595 2292; x_wconf 70' lang='grc' dir='ltr'><strong><em>μέν</em></strong></span> <span class='ocrx_word' id='word_1_142' title='bbox 610 2211 642 2288; x_wconf 79' lang='grc' dir='ltr'><strong><em>ἐξ</em></strong></span> <span class='ocrx_word' id='word_1_143' title='bbox 657 2206 759 2293; x_wconf 80' lang='grc' dir='ltr'><strong><em>ἀρχῆς</em></strong></span> <span class='ocrx_word' id='word_1_144' title='bbox 774 2204 866 2275; x_wconf 83' lang='grc' dir='ltr'><strong><em>δεινά</em></strong></span> <span class='ocrx_word' id='word_1_145' title='bbox 882 2208 1115 2291; x_wconf 77' lang='grc' dir='ltr'><strong><em>πεπονθότων,</em></strong></span> <span class='ocrx_word' id='word_1_146' title='bbox 1132 2210 1168 2275; x_wconf 85' lang='grc' dir='ltr'><strong><em>έν</em></strong></span> <span class='ocrx_word' id='word_1_147' title='bbox 1184 2208 1223 2275; x_wconf 79' lang='grc' dir='ltr'><strong><em>δὲ</em></strong></span> 
     </span>
     <span class='ocr_line' id='line_1_20' title="bbox 269 2304 1222 2393; baseline -0.001 -19"><span class='ocrx_word' id='word_1_148' title='bbox 269 2321 336 2385; x_wconf 83' lang='grc' dir='ltr'><strong><em>τολς</em></strong></span> <span class='ocrx_word' id='word_1_149' title='bbox 346 2314 492 2391; x_wconf 86' lang='grc' dir='ltr'><strong><em>παροῦσι</em></strong></span> <span class='ocrx_word' id='word_1_150' title='bbox 503 2321 628 2390; x_wconf 83' lang='grc' dir='ltr'><strong><em>καιροῖς</em></strong></span> <span class='ocrx_word' id='word_1_151' title='bbox 638 2317 808 2393; x_wconf 88' lang='grc' dir='ltr'><strong><em>χρησίμων</em></strong></span> <span class='ocrx_word' id='word_1_152' title='bbox 819 2304 939 2391; x_wconf 88' lang='grc' dir='ltr'><strong><em>ὅντων,</em></strong></span> <span class='ocrx_word' id='word_1_153' title='bbox 951 2310 1053 2386; x_wconf 79' lang='grc' dir='ltr'><strong><em>ἔξεστι</em></strong></span> <span class='ocrx_word' id='word_1_154' title='bbox 1065 2320 1133 2385; x_wconf 80' lang='grc' dir='ltr'><strong><em>τοῖς</em></strong></span> <span class='ocrx_word' id='word_1_155' title='bbox 1144 2306 1222 2392; x_wconf 82' lang='grc' dir='ltr'><strong><em>ἐφό-</em></strong></span> 
     </span>
     <span class='ocr_line' id='line_1_21' title="bbox 269 2400 1217 2492; baseline 0.001 -21"><span class='ocrx_word' id='word_1_156' title='bbox 269 2431 339 2490; x_wconf 90' lang='grc' dir='ltr'><strong><em>ροις</em></strong></span> <span class='ocrx_word' id='word_1_157' title='bbox 350 2401 505 2490; x_wconf 81' lang='grc' dir='ltr'><strong><em>ἀκρίτους</em></strong></span> <span class='ocrx_word' id='word_1_158' title='bbox 516 2402 708 2473; x_wconf 82' lang='grc' dir='ltr'><strong><em>ἀποκτεῖναι</em></strong></span> <span class='ocrx_word' id='word_1_159' title='bbox 719 2408 910 2491; x_wconf 88' lang='grc' dir='ltr'><strong><em>τοσούτους,</em></strong></span> <span class='ocrx_word' id='word_1_160' title='bbox 924 2401 1069 2483; x_wconf 84' lang='grc' dir='ltr'><strong><em>ὁπόσους</em></strong></span> <span class='ocrx_word' id='word_1_161' title='bbox 1080 2400 1124 2473; x_wconf 78' lang='grc' dir='ltr'><strong><em>ἀν</em></strong></span> <span class='ocrx_word' id='word_1_162' title='bbox 1136 2412 1217 2492; x_wconf 86' lang='grc' dir='ltr'><strong><em>βου-</em></strong></span> 
     </span>
     <span class='ocr_line' id='line_1_22' title="bbox 269 2500 1221 2590; baseline -0.002 -18"><span class='ocrx_word' id='word_1_163' title='bbox 269 2511 434 2590; x_wconf 75' lang='grc' dir='ltr'><strong><em>ληθῶσιν·</em></strong></span> <span class='ocrx_word' id='word_1_164' title='bbox 461 2501 483 2572; x_wconf 82' lang='grc' dir='ltr'><strong><em>ά</em></strong></span> <span class='ocrx_word' id='word_1_165' title='bbox 498 2520 565 2583; x_wconf 82' lang='grc' dir='ltr'><strong><em>τοῖς</em></strong></span> <span class='ocrx_word' id='word_1_166' title='bbox 586 2503 698 2582; x_wconf 83' lang='grc' dir='ltr'><strong><em>ἀλλοις</em></strong></span> <span class='ocrx_word' id='word_1_167' title='bbox 712 2502 868 2590; x_wconf 83' lang='grc' dir='ltr'><strong><em>Ἕλλησιν</em></strong></span> <span class='ocrx_word' id='word_1_168' title='bbox 884 2500 963 2572; x_wconf 74' lang='grc' dir='ltr'><strong><em>οὐδέ</em></strong></span> <span class='ocrx_word' id='word_1_169' title='bbox 976 2504 1055 2584; x_wconf 85' lang='grc' dir='ltr'><strong><em>τούς</em></strong></span> <span class='ocrx_word' id='word_1_170' title='bbox 1070 2528 1221 2589; x_wconf 88' lang='grc' dir='ltr'><strong><em>πονηρο-</em></strong></span> 
     </span>
    </p>

    <p class='ocr_par' dir='ltr' id='par_1_5' title="bbox 206 2594 1076 2691">
     <span class='ocr_line' id='line_1_23' title="bbox 206 2594 1076 2691; baseline 0.003 -20"><span class='ocrx_word' id='word_1_171' title='bbox 206 2627 208 2631; x_wconf 79' lang='grc'>’</span> <span class='ocrx_word' id='word_1_172' title='bbox 266 2605 385 2682; x_wconf 89' lang='grc' dir='ltr'><strong><em>τάτους</em></strong></span> <span class='ocrx_word' id='word_1_173' title='bbox 401 2610 469 2671; x_wconf 79' lang='grc' dir='ltr'><strong><em>τῶν</em></strong></span> <span class='ocrx_word' id='word_1_174' title='bbox 486 2611 624 2672; x_wconf 76' lang='grc' dir='ltr'><strong><em>οἰκετῶν</em></strong></span> <span class='ocrx_word' id='word_1_175' title='bbox 640 2602 736 2672; x_wconf 84' lang='grc' dir='ltr'><strong><em>ὅσιόν</em></strong></span> <span class='ocrx_word' id='word_1_176' title='bbox 752 2610 818 2672; x_wconf 84' lang='grc' dir='ltr'><strong><em>ἐστι</em></strong></span> <span class='ocrx_word' id='word_1_177' title='bbox 835 2620 1036 2691; x_wconf 75' lang='grc' dir='ltr'><strong><em>μιαιφονεῖν.</em></strong></span> <span class='ocrx_word' id='word_1_178' title='bbox 1068 2594 1076 2613; x_wconf 63' lang='lat'>&#39;</span> 
     </span>
    </p>

    <p class='ocr_par' dir='ltr' id='par_1_6' title="bbox 203 2701 1247 3187">
     <span class='ocr_line' id='line_1_24' title="bbox 203 2701 1216 2790; baseline 0.002 -21"><span class='ocrx_word' id='word_1_179' title='bbox 203 2719 249 2769; x_wconf 65' lang='grc' dir='ltr'><strong><em>ιον</em></strong></span> <span class='ocrx_word' id='word_1_180' title='bbox 350 2702 440 2789; x_wconf 81' lang='grc' dir='ltr'><strong><em>(οδ.)</em></strong></span> <span class='ocrx_word' id='word_1_181' title='bbox 466 2704 596 2771; x_wconf 88' lang='grc' dir='ltr'><strong><em>Τούτου</em></strong></span> <span class='ocrx_word' id='word_1_182' title='bbox 612 2701 641 2770; x_wconf 88' lang='grc' dir='ltr'><strong><em>δ’</em></strong></span> <span class='ocrx_word' id='word_1_183' title='bbox 660 2706 757 2771; x_wconf 79' lang='grc' dir='ltr'><strong><em>ἕνεκα</em></strong></span> <span class='ocrx_word' id='word_1_184' title='bbox 779 2706 853 2786; x_wconf 84' lang='grc' dir='ltr'><strong><em>περὶ</em></strong></span> <span class='ocrx_word' id='word_1_185' title='bbox 874 2711 931 2790; x_wconf 83' lang='grc' dir='ltr'><strong><em>τῆς</em></strong></span> <span class='ocrx_word' id='word_1_186' title='bbox 950 2704 1149 2790; x_wconf 81' lang='grc' dir='ltr'><strong><em>οἰκειότητος</em></strong></span> <span class='ocrx_word' id='word_1_187' title='bbox 1165 2706 1216 2773; x_wconf 71' lang='grc' dir='ltr'><strong><em>καὶ</em></strong></span> 
     </span>
     <span class='ocr_line' id='line_1_25' title="bbox 266 2800 1217 2890; baseline 0.001 -19"><span class='ocrx_word' id='word_1_188' title='bbox 266 2810 333 2871; x_wconf 85' lang='grc' dir='ltr'><strong><em>τῶν</em></strong></span> <span class='ocrx_word' id='word_1_189' title='bbox 350 2800 591 2888; x_wconf 82' lang='grc' dir='ltr'><strong><em>ἡμαρτημένων</em></strong></span> <span class='ocrx_word' id='word_1_190' title='bbox 608 2809 652 2879; x_wconf 84' lang='grc' dir='ltr'><strong><em>είς</em></strong></span> <span class='ocrx_word' id='word_1_191' title='bbox 667 2801 789 2882; x_wconf 84' lang='grc' dir='ltr'><strong><em>αύτούς</em></strong></span> <span class='ocrx_word' id='word_1_192' title='bbox 807 2802 861 2871; x_wconf 87' lang='grc' dir='ltr'><strong><em>διά</em></strong></span> <span class='ocrx_word' id='word_1_193' title='bbox 879 2804 1046 2871; x_wconf 89' lang='grc' dir='ltr'><strong><em>πλειόνων</em></strong></span> <span class='ocrx_word' id='word_1_194' title='bbox 1064 2809 1217 2890; x_wconf 76' lang='grc' dir='ltr'><strong><em>διῆλθον,</em></strong></span> 
     </span>
     <span class='ocr_line' id='line_1_26' title="bbox 266 2898 1247 2988; baseline 0.001 -22"><span class='ocrx_word' id='word_1_195' title='bbox 266 2898 312 2967; x_wconf 74' lang='grc' dir='ltr'><strong><em>ἵν’</em></strong></span> <span class='ocrx_word' id='word_1_196' title='bbox 327 2907 451 2986; x_wconf 83' lang='grc' dir='ltr'><strong><em>ἔρωμαι</em></strong></span> <span class='ocrx_word' id='word_1_197' title='bbox 466 2899 545 2979; x_wconf 82' lang='grc' dir='ltr'><strong><em>τούς</em></strong></span> <span class='ocrx_word' id='word_1_198' title='bbox 559 2900 825 2987; x_wconf 79' lang='grc' dir='ltr'><strong><em>ἀποδεχομένους</em></strong></span> <span class='ocrx_word' id='word_1_199' title='bbox 836 2901 967 2981; x_wconf 84' lang='grc' dir='ltr'><strong><em>ἁπάσας</em></strong></span> <span class='ocrx_word' id='word_1_200' title='bbox 978 2900 1036 2982; x_wconf 81' lang='grc' dir='ltr'><strong><em>τὰς</em></strong></span> <span class='ocrx_word' id='word_1_201' title='bbox 1046 2912 1247 2988; x_wconf 68' lang='lat' dir='ltr'><strong><em>Emona-c</em></strong></span> 
     </span>
     <span class='ocr_line' id='line_1_27' title="bbox 266 2998 1218 3088; baseline 0.001 -21"><span class='ocrx_word' id='word_1_202' title='bbox 266 3006 334 3067; x_wconf 78' lang='grc' dir='ltr'><strong><em>τῶν</em></strong></span> <span class='ocrx_word' id='word_1_203' title='bbox 345 3000 489 3085; x_wconf 79' lang='grc' dir='ltr'><strong><em>πράξεις,</em></strong></span> <span class='ocrx_word' id='word_1_204' title='bbox 501 3007 531 3069; x_wconf 89' lang='grc' dir='ltr'><strong><em>εί</em></strong></span> <span class='ocrx_word' id='word_1_205' title='bbox 539 3004 595 3069; x_wconf 78' lang='grc' dir='ltr'><strong><em>καὶ</em></strong></span> <span class='ocrx_word' id='word_1_206' title='bbox 606 3001 727 3079; x_wconf 89' lang='grc' dir='ltr'><strong><em>ταύτας</em></strong></span> <span class='ocrx_word' id='word_1_207' title='bbox 738 2999 967 3087; x_wconf 85' lang='grc' dir='ltr'><strong><em>ἀποδέχονται,</em></strong></span> <span class='ocrx_word' id='word_1_208' title='bbox 979 3005 1033 3069; x_wconf 85' lang='grc' dir='ltr'><strong><em>καὶ</em></strong></span> <span class='ocrx_word' id='word_1_209' title='bbox 1044 2998 1103 3080; x_wconf 85' lang='grc' dir='ltr'><strong><em>τάς</em></strong></span> <span class='ocrx_word' id='word_1_210' title='bbox 1113 3004 1218 3088; x_wconf 89' lang='grc' dir='ltr'><strong><em>μάχας</em></strong></span> 
     </span>
     <span class='ocr_line' id='line_1_28' title="bbox 267 3097 1218 3187; baseline 0.001 -19"><span class='ocrx_word' id='word_1_211' title='bbox 267 3097 413 3187; x_wconf 72' lang='grc' dir='ltr'><strong><em>εὐσεβεῖς</em></strong></span> <span class='ocrx_word' id='word_1_212' title='bbox 429 3098 513 3167; x_wconf 78' lang='grc' dir='ltr'><strong><em>εἶναι</em></strong></span> <span class='ocrx_word' id='word_1_213' title='bbox 529 3106 699 3186; x_wconf 79' lang='grc' dir='ltr'><strong><em>νομίζουσι</em></strong></span> <span class='ocrx_word' id='word_1_214' title='bbox 717 3102 772 3167; x_wconf 75' lang='grc' dir='ltr'><strong><em>καὶ</em></strong></span> <span class='ocrx_word' id='word_1_215' title='bbox 788 3098 891 3177; x_wconf 86' lang='grc' dir='ltr'><strong><em>καλάς</em></strong></span> <span class='ocrx_word' id='word_1_216' title='bbox 907 3098 964 3178; x_wconf 87' lang='grc' dir='ltr'><strong><em>τάς</em></strong></span> <span class='ocrx_word' id='word_1_217' title='bbox 981 3098 1063 3185; x_wconf 83' lang='grc' dir='ltr'><strong><em>πρὸς</em></strong></span> <span class='ocrx_word' id='word_1_218' title='bbox 1078 3102 1218 3180; x_wconf 86' lang='grc' dir='ltr'><strong><em>τούτους</em></strong></span> 
     </span>
    </p>

    <p class='ocr_par' dir='ltr' id='par_1_7' title="bbox 202 3198 1218 3683">
     <span class='ocr_line' id='line_1_29' title="bbox 202 3198 1218 3289; baseline 0.007 -25"><span class='ocrx_word' id='word_1_219' title='bbox 202 3221 250 3275; x_wconf 76' lang='lat'><strong><em>133</em></strong></span> <span class='ocrx_word' id='word_1_220' title='bbox 265 3202 496 3285; x_wconf 84' lang='grc' dir='ltr'><strong><em>γεγενημένας.</em></strong></span> <span class='ocrx_word' id='word_1_221' title='bbox 521 3198 585 3286; x_wconf 71' lang='grc' dir='ltr'><strong><em>έγοδ</em></strong></span> <span class='ocrx_word' id='word_1_222' title='bbox 600 3204 662 3287; x_wconf 76' lang='grc' dir='ltr'><strong><em>μὲν</em></strong></span> <span class='ocrx_word' id='word_1_223' title='bbox 678 3199 744 3288; x_wconf 83' lang='grc' dir='ltr'><strong><em>γάρ</em></strong></span> <span class='ocrx_word' id='word_1_224' title='bbox 761 3199 905 3288; x_wconf 81' lang='grc' dir='ltr'><strong><em>ἡγοῦμαι</em></strong></span> <span class='ocrx_word' id='word_1_225' title='bbox 920 3202 1064 3288; x_wconf 79' lang='grc' dir='ltr'><strong><em>μεγάλας</em></strong></span> <span class='ocrx_word' id='word_1_226' title='bbox 1078 3204 1139 3289; x_wconf 71' lang='grc' dir='ltr'><strong><em>μέν</em></strong></span> <span class='ocrx_word' id='word_1_227' title='bbox 1154 3202 1218 3272; x_wconf 83' lang='grc' dir='ltr'><strong><em>αύ-</em></strong></span> 
     </span>
     <span class='ocr_line' id='line_1_30' title="bbox 265 3296 1218 3393; baseline 0.006 -28"><span class='ocrx_word' id='word_1_228' title='bbox 265 3296 324 3377; x_wconf 84' lang='grc' dir='ltr'><strong><em>τάς</em></strong></span> <span class='ocrx_word' id='word_1_229' title='bbox 337 3306 539 3386; x_wconf 77' lang='grc' dir='ltr'><strong><em>γεγενῆσθαι</em></strong></span> <span class='ocrx_word' id='word_1_230' title='bbox 554 3303 609 3369; x_wconf 78' lang='grc' dir='ltr'><strong><em>καὶ</em></strong></span> <span class='ocrx_word' id='word_1_231' title='bbox 623 3298 736 3379; x_wconf 83' lang='grc' dir='ltr'><strong><em>δεινάς</em></strong></span> <span class='ocrx_word' id='word_1_232' title='bbox 750 3301 804 3367; x_wconf 80' lang='grc' dir='ltr'><strong><em>καὶ</em></strong></span> <span class='ocrx_word' id='word_1_233' title='bbox 819 3308 951 3393; x_wconf 64' lang='grc' dir='ltr'><strong><em>πολλοδν</em></strong></span> <span class='ocrx_word' id='word_1_234' title='bbox 963 3308 1067 3381; x_wconf 79' lang='grc' dir='ltr'><strong><em>αἰτίας</em></strong></span> <span class='ocrx_word' id='word_1_235' title='bbox 1077 3318 1145 3382; x_wconf 71' lang='grc' dir='ltr'><strong><em>τοῖς</em></strong></span> <span class='ocrx_word' id='word_1_236' title='bbox 1156 3302 1218 3389; x_wconf 57' lang='grc' dir='ltr'><strong><em>μὲν</em></strong></span> 
     </span>
     <span class='ocr_line' id='line_1_31' title="bbox 266 3394 1215 3489; baseline 0.006 -25"><span class='ocrx_word' id='word_1_237' title='bbox 266 3394 435 3483; x_wconf 79' lang='grc' dir='ltr'><strong><em>ἡττηθεῖσι</em></strong></span> <span class='ocrx_word' id='word_1_238' title='bbox 442 3406 565 3484; x_wconf 77' lang='grc' dir='ltr'><strong><em>κακῶν,</em></strong></span> <span class='ocrx_word' id='word_1_239' title='bbox 573 3413 641 3478; x_wconf 75' lang='grc' dir='ltr'><strong><em>τοῖς</em></strong></span> <span class='ocrx_word' id='word_1_240' title='bbox 652 3399 687 3466; x_wconf 76' lang='grc' dir='ltr'><strong><em>δέ</em></strong></span> <span class='ocrx_word' id='word_1_241' title='bbox 699 3401 933 3481; x_wconf 76' lang='grc' dir='ltr'><strong><em>κατορθώσασι</em></strong></span> <span class='ocrx_word' id='word_1_242' title='bbox 945 3402 1135 3489; x_wconf 78' lang='grc' dir='ltr'><strong><em>λημμάτων,</em></strong></span> <span class='ocrx_word' id='word_1_243' title='bbox 1149 3394 1215 3471; x_wconf 72' lang='grc' dir='ltr'><strong><em>ὧν·</em></strong></span> 
     </span>
     <span class='ocr_line' id='line_1_32' title="bbox 266 3496 1204 3585; baseline 0.009 -23"><span class='ocrx_word' id='word_1_244' title='bbox 266 3521 328 3581; x_wconf 89' lang='grc' dir='ltr'><strong><em>περ</em></strong></span> <span class='ocrx_word' id='word_1_245' title='bbox 344 3498 440 3565; x_wconf 78' lang='grc' dir='ltr'><strong><em>ἕνεκα</em></strong></span> <span class='ocrx_word' id='word_1_246' title='bbox 455 3504 677 3582; x_wconf 82' lang='grc' dir='ltr'><strong><em>πολεμοῦντες</em></strong></span> <span class='ocrx_word' id='word_1_247' title='bbox 691 3496 822 3564; x_wconf 79' lang='grc' dir='ltr'><strong><em>ἅπαντα</em></strong></span> <span class='ocrx_word' id='word_1_248' title='bbox 837 3496 896 3565; x_wconf 86' lang='grc' dir='ltr'><strong><em>τόν</em></strong></span> <span class='ocrx_word' id='word_1_249' title='bbox 909 3500 1033 3585; x_wconf 89' lang='grc' dir='ltr'><strong><em>χρόνον</em></strong></span> <span class='ocrx_word' id='word_1_250' title='bbox 1045 3505 1204 3571; x_wconf 79' lang='grc' dir='ltr'><strong><em>διατελού</em></strong></span> 
     </span>
     <span class='ocr_line' id='line_1_33' title="bbox 266 3592 1207 3683; baseline 0.01 -23"><span class='ocrx_word' id='word_1_251' title='bbox 266 3616 332 3671; x_wconf 79' lang='grc' dir='ltr'><strong><em>σιν,</em></strong></span> <span class='ocrx_word' id='word_1_252' title='bbox 345 3592 386 3661; x_wconf 88' lang='grc' dir='ltr'><strong><em>ού</em></strong></span> <span class='ocrx_word' id='word_1_253' title='bbox 395 3595 462 3680; x_wconf 81' lang='grc' dir='ltr'><strong><em>μὴν</em></strong></span> <span class='ocrx_word' id='word_1_254' title='bbox 470 3592 646 3673; x_wconf 74' lang='grc' dir='ltr'><strong><em>ὁσίαςούδὲ</em></strong></span> <span class='ocrx_word' id='word_1_255' title='bbox 658 3592 848 3673; x_wconf 72' lang='grc' dir='ltr'><strong><em>καλάςούδὲ</em></strong></span> <span class='ocrx_word' id='word_1_256' title='bbox 860 3600 1051 3679; x_wconf 87' lang='grc' dir='ltr'><strong><em>πρεπούσας</em></strong></span> <span class='ocrx_word' id='word_1_257' title='bbox 1058 3614 1126 3679; x_wconf 78' lang='grc' dir='ltr'><strong><em>τοῖς</em></strong></span> <span class='ocrx_word' id='word_1_258' title='bbox 1136 3598 1207 3683; x_wconf 85' lang='grc' dir='ltr'><strong><em>ἀρε-</em></strong></span> 
     </span>
    </p>
   </div>
   <div class='ocr_carea' id='block_1_3' title="bbox 0 0 1434 4334">
    <p class='ocr_par' dir='ltr' id='par_1_8' title="bbox 0 0 1434 4334">
     <span class='ocr_line' id='line_1_34' title="bbox 0 0 1434 4334; baseline 0 0"><span class='ocrx_word' id='word_1_259' title='bbox 0 0 1434 4334; x_wconf 95' lang='lat' dir='ltr'><strong><em> </em></strong></span> 
     </span>
    </p>
   </div>
  </div>
 </body>
</html>
