2859 4334
279 417 322 480 64
566 417 891 476 ιεοιιεκνονε
910 418 955 498 (4)

279 590 379 680 τερύν
393 594 461 660 ἐστι
472 592 582 669 καλῶς
596 586 786 658 ἀποθανεῖν
798 585 819 676 ἣ
832 594 891 674 ζήν
906 593 1065 677 αίσχριις,
1083 585 1174 657 οὕτω
1188 590 1249 657 καί
1360 613 1361 618 ’

279 696 348 762 τῶν
360 691 492 760 πόλειιν
505 703 579 770 ταῖς
597 687 841 778 ὑπερεχούσαις
854 698 1041 760 λυσιτελεῖν
1056 693 1089 771 έξ
1103 687 1248 779 ἄνδρά-

280 820 355 863 πων
369 789 599 880 άφανισβήναι
611 797 741 880 μᾶλλον
755 785 776 878 ή
791 789 928 872 δούλαις
942 789 1092 879 δφθηναι
1104 791 1244 877 γενομέ-

230 913 263 962 νσ
280 922 364 974 ναις.
399 896 504 980 δῆλον
521 890 556 961 δ’
575 890 626 962 ὅτι
647 896 754 961 ταῦτα
778 892 1019 980 διενοήθησαν·
1046 889 1158 977 ἐπειδή
1179 891 1248 980 γάρ
1360 897 1361 956 λ

281 993 344 1083 ούχ
358 990 428 1064 οἷοί
441 993 473 1062 τ’
492 985 582 1080 ήσαν
595 991 682 1079 πρδς
702 991 893 1080 άμφοτέρας
907 989 977 1081 άμα
990 993 1249 1080 παρατάξασθαι

280 1097 340 1177 τὰς
358 1095 538 1184 δυνάμεις,
562 1094 815 1185 παραλαβόντες
833 1092 966 1162 ἅπαντα
983 1093 1046 1162 τδν
1065 1089 1166 1181 ὄχλον
1184 1093 1248 1162 τδν
1360 1097 1361 1166 λ

281 1201 317 1268 ἐκ
330 1200 389 1285 τής
398 1195 527 1276 πόλεως
540 1201 589 1276 είς
602 1195 664 1283 τήν
674 1194 835 1284 ἐχομένην
844 1197 950 1284 νήσον
960 1195 1177 1281 ἐξέπλευσαν,
1192 1191 1242 1264 ἵν’
1265 1207 1283 1258 d

281 1302 318 1368 έν
331 1301 423 1386 μέρει
435 1299 520 1384 πρὸς
540 1298 698 1386 ἑκατέραν
717 1295 993 1365 κινδυνεύσωσιν.
1022 1294 1106 1385 (κζ.)
1127 1302 1248 1364 Καίτοι
1360 1329 1361 1372 3

280 1405 353 1482 πῶς
365 1391 409 1469 άν
423 1401 563 1468 ἐκείνων
572 1396 694 1484 ἄνδρες
705 1395 865 1484 άμείνονς
878 1391 900 1485 ή
911 1399 1040 1484 μᾶλλον
1050 1397 1246 1484 φιλέλληνες

280 1498 376 1581 ὄντες
394 1503 626 1586 ἐπιδειχθεῖεν,
648 1502 770 1577 οἵτινες
790 1504 932 1587 ἔτλησαν
952 1501 1078 1568 ἐπιδεῖν
1098 1493 1182 1565 ὥστε
1199 1498 1247 1585 μή

279 1616 351 1684 τοῖς
364 1609 494 1681 λοιποῖς
508 1609 606 1668 αίτιοι
613 1600 774 1685 γενέσθαι
786 1604 845 1686 τῆς
859 1603 1028 1686 δουλείας,
1042 1599 1168 1686 ἐρήμην
1180 1598 1245 1686 μέν

281 1703 344 1792 τήν
367 1702 467 1771 πόλιν
489 1701 693 1787 γενομένην,
716 1698 779 1788 τήν
797 1699 835 1768 δὲ
858 1700 973 1788 χάραν
989 1701 1243 1787 πορθουμένην,

283 1802 357 1894 ίερά
375 1802 415 1872 δέ
432 1799 610 1890 συλάμενα
623 1801 681 1869 καὶ
697 1827 783 1880 νειις
803 1801 1091 1889 έμπιπραμένους,
1111 1799 1244 1868 ἅπαντα

282 1904 321 1974 δὲ
328 1903 389 1972 τὸν
398 1901 545 1990 πόλεμον
558 1902 636 1991 περὶ
644 1900 707 1988 τήν
725 1906 872 1988 πατρίδα
885 1902 947 1989 τήν
960 1899 1074 1970 αύτῶν
1084 1900 1243 1990 γιγνόμε-
1263 1929 1280 1964 e

230 2022 263 2073 σῖ
280 2032 360 2089 νους
374 2005 507 2092 καὶμὴν
516 2001 598 2072 ούδέ
609 2003 707 2072 ταῦτ’
717 2001 904 2092 ἀπέχρησεν
918 2001 1048 2090 αύτοῖς,
1061 2000 1148 2072 άλλά
1157 2003 1245 2090 πρὸς
1360 2077 1361 2086 ¹

281 2112 388 2196 χιλίας
397 2107 452 2173 καὶ
464 2110 636 2184 διακοσίας
645 2103 1138 2194 τριήρειςμόνοιδιαναυμαχεῖν
1146 2105 1244 2192 έμέλ-
1360 2169 1361 2172 ,

281 2217 397 2294 λησαν.
427 2201 469 2275 ού
487 2205 554 2294 μήν
572 2204 753 2292 εἰάθησαν·
771 2206 1073 2291 καταισχυνθέντες
1091 2205 1157 2294 γάρ
1173 2217 1244 2276 Πε-
1360 2219 1361 2238 ³

280 2307 494 2396 λοποννήσιοι
509 2307 571 2394 τήν
589 2304 711 2395 ἀρετήν
730 2305 857 2393 αὐτῶν,
875 2308 931 2374 καλ
944 2314 1143 2394 νομίσαντες
1156 2332 1243 2393 προ-

281 2410 541 2498 διαφθαρέντων
553 2407 693 2495 μὲντῶν
702 2406 873 2495 ήμετέρων
887 2406 963 2476 οὐδ’
975 2406 1073 2476 αύτοὶ
1088 2406 1243 2494 σωθήσε·

281 2522 371 2602 σθαι,
381 2503 716 2597 κατορθωσάντωνδ’
726 2514 775 2588 είς
785 2507 921 2595 ἀτιμίαν
929 2508 989 2588 τὰς
999 2505 1116 2576 αύτάν
1125 2507 1243 2589 πόλεις

280 2611 512 2700 καταστήσειν,
520 2607 971 2698 ήναγιιάσθησανμετασχεῖν
979 2615 1049 2676 ταῖν
1060 2609 1243 2678 κινδύνων.
1262 2623 1294 2672 σι

280 2715 337 2785 καὶ
354 2714 434 2794 τούς
446 2711 509 2802 μέν
519 2711 695 2798 θορύβους
706 2711 788 2791 τούς
807 2713 844 2779 έν
858 2716 905 2802 τῷ
920 2710 1088 2798 πράγματι
1101 2711 1244 2797 γενομέ-

280 2841 362 2894 νους
376 2815 435 2883 καί
448 2813 507 2893 τὰς
520 2811 672 2899 κραυγάς
687 2813 744 2880 καὶ
757 2812 817 2892 τὰς
827 2810 1097 2898 παρακελεύσεις,
1112 2809 1132 2878 ἃ
1147 2811 1244 2881 κοινά

283 2914 419 2985 πάντων
445 2915 514 2984 ἐστὶ
537 2917 605 2982 τῶν
628 2913 916 3002 ναυμαχούντων,
931 2910 1004 2981 ὀύκ
1022 2911 1087 2982 οἶδ’
1108 2911 1175 2981 ὅτι
1192 2917 1248 2982 δεῖ

231 3033 266 3083 ⁰8
282 3018 424 3102 λέγοντα
434 3020 629 3102 διατρίβειν·
647 3011 671 3082 ἃ
680 3009 715 3082 δ’
728 3016 820 3083 ἐστίν
835 3019 904 3083 mm
917 3005 974 3083 καὶ
989 3017 1047 3102 τής
1062 3011 1245 3101 ἡγεμονίας
1360 3033 1361 3104 η

281 3117 356 3199 άξια
372 3116 430 3184 καλ
447 3131 517 3196 τοῖς
531 3115 780 3203 προειρημένοις
798 3113 1065 3204 ὁμολογούμενα,
1083 3120 1192 3184 ταῦτα
1210 3111 1242 3186 δ’
1298 3147 1303 3156 ·
1360 3169 1361 3176 1

282 3219 364 3306 ἐμὸν
384 3224 484 3302 ἔργον
498 3216 589 3285 ἐστὶν
603 3223 723 3286 εἰπεῖν.
746 3221 911 3286 τοσούτου
924 3216 990 3304 γάρ
1003 3209 1024 3303 ή
1039 3214 1134 3296 πόλις
1149 3216 1245 3306 ήμῶν

281 3322 448 3407 διέφερεν,
466 3314 516 3386 ὅτ’
532 3307 574 3404 ἦν
592 3316 758 3405 ἀκέραιος,
777 3314 855 3385 ὥστ’
873 3316 1064 3398 ἀνάστατος
1079 3318 1245 3407 γενομένη

281 3427 418 3500 πλείους
427 3417 489 3507 μέν
499 3416 704 3506 συνεβάλετο
716 3417 858 3505 τριήρεις
872 3424 919 3499 είς
932 3418 993 3486 τδν
1006 3424 1171 3489 κίνδυνον
1183 3419 1244 3488 τὸν
1262 3430 1279 3479 b

279 3518 368 3611 ύπὲρ
385 3526 444 3606 τῆς
459 3520 616 3600 Ἑλλάδος
639 3515 660 3607 ἢ
685 3518 879 3606 σύμπαντες
903 3523 939 3588 οἱ
955 3519 1246 3608 ναυμαχήσαντες,

281 3621 396 3702 ούδεὶς
410 3621 448 3690 δέ
461 3621 546 3707 πρὸς
560 3617 647 3709 ήμάς
665 3617 774 3700 οὕτως
792 3626 856 3706 ἔχει
871 3624 1060 3709 δυσμενῶς,
1078 3620 1167 3700 ὅστις
1182 3619 1246 3691 ούκ
1358 3585 1361 3642 ⁴

280 3720 323 3792 διν
337 3717 551 3810 ὁμολογήσειε
565 3720 621 3791 διά
640 3720 703 3806 μὲν
721 3720 782 3808 τήν
800 3727 993 3809 ναυμαχίαν
1009 3720 1097 3808 ήμᾶς
1114 3726 1161 3806 τῷ
1180 3747 1244 3791 πο-
