2859 4334
300 455 362 517 164
585 454 906 514 ΙΣΟΚΡΑΤΟΤΣ
925 457 971 525 (7)

248 632 283 688 ολ
296 618 394 695 ίδίοις
407 611 549 702 ἀγαθοίς
561 620 692 701 μᾶλλον
704 609 727 699 ἢ
738 620 806 681 τῶν
820 618 948 680 κοινῶν
958 611 1154 683 ἀπολαύειν.
1178 609 1276 680 οάδὲ

295 710 362 802 γάρ
372 710 413 782 τά
424 716 501 800 περὶ
511 709 570 792 τάς
580 718 737 800 θεωρίας,
750 706 799 781 ῶν
809 707 898 780 ἕνεκ’
909 708 955 779 ἀν
964 738 1015 792 τις
1024 705 1145 799 ἦλθεν,
1157 708 1277 780 ἀσελ-

296 820 364 901 γῶς
384 808 459 881 οὐδ’
481 809 709 899 ὑπερηφάνως
731 808 816 881 ἀλλά
836 817 925 879 νούν
945 812 1087 898 ἐχόντως
1108 812 1272 881 ἐποίουν.

297 909 340 980 ού
353 908 419 999 γάρ
435 911 554 979 ἐκτῶν
568 918 711 997 πομπῶν
726 908 801 978 οὐδ’
815 913 933 979 ἐκτῶν
947 912 1024 1000 περὶ
1033 908 1093 991 τάς
1101 916 1276 998 χορηγίας

298 1017 499 1097 φιλονικιῶν
513 1005 588 1078 οὐδ’
602 1013 639 1078 έκ
653 1016 723 1077 τῶν
736 1006 902 1077 τοιούτων
912 1006 1117 1091 άλαζονειῶν
1127 1005 1190 1095 τὴν
1200 1005 1274 1077 εὖ·

299 1111 479 1193 δαιμονίαν
489 1104 767 1193 έδοκίμαζοτςάλῖ
776 1108 881 1176 έκτοῦ
891 1106 1078 1195 σωφρόνως
1087 1114 1193 1177 οίκετν
1203 1110 1272 1175 καλ

299 1211 361 1273 τοῦ
376 1212 455 1293 βίον
473 1213 535 1275 τοῦ
548 1204 630 1275 καθ’
646 1204 776 1295 ἡμέραν
796 1208 851 1275 καλ
864 1214 926 1275 τού
938 1210 1068 1294 μηδένα
1080 1214 1150 1275 τῶν
1162 1213 1269 1274 πολιν

298 1310 367 1372 τῶν
387 1302 526 1391 ἀπορεῖν
544 1312 614 1376 τῶν
634 1308 838 1394 ἐπιτηδείων.
867 1309 901 1387 έξ
919 1298 1032 1393 ὧνπερ
1051 1302 1114 1392 χρὴ
1128 1310 1305 1392 κρίνεινδ

300 1400 381 1483 τούς
397 1401 442 1484 ῶς
457 1402 595 1493 ἀληθῶς
608 1398 648 1474 εὖ
662 1404 869 1493 πράττοντας
883 1406 939 1473 καὶ
954 1401 999 1493 μὴ
1014 1409 1183 1490 φορτικοῖς
1196 1426 1268 1470 πο-

253 1516 288 1570 ⁵4
302 1505 556 1591 λιτενομένονς·
578 1508 649 1574 ἐπεὶ
663 1512 730 1573 νῦν
742 1530 782 1591 γε
795 1510 843 1583 τίς
857 1501 920 1572 οάκ
935 1499 980 1571 ἀν
993 1505 1047 1572 ἐπὶ
1059 1516 1130 1582 τοῖς
1142 1526 1265 1589 γιγνο-

300 1608 415 1691 μένοις
428 1612 497 1673 τῶν
511 1597 552 1673 εὖ
566 1604 793 1692 φρονούντων
805 1600 993 1690 ἀλγήσειεν,
1011 1600 1094 1671 ὅταν
1108 1605 1164 1691 ίδη
1177 1607 1265 1668 πολ-

300 1701 383 1783 λούς
402 1711 471 1772 τῶν
492 1711 638 1773 πολιτῶν
659 1701 785 1788 αὐτούς
800 1706 863 1790 μέν
883 1705 1042 1788 περὶτῶν
1055 1698 1264 1788 ἀναγκαίων,

303 1798 371 1870 είθ’
390 1803 524 1881 ἕξουσιν
540 1812 605 1871 εἴτε
619 1800 682 1889 μὴ,
709 1799 776 1889 πρὸ
791 1809 859 1870 τῶν
875 1804 1098 1886 δικαστηρίων
1114 1806 1265 1885 κληρον-

302 1903 442 1987 μένονς,
454 1907 523 1967 τῶν
534 1898 566 1968 δ’
574 1898 746 1989 Ἑλλήνων
756 1899 836 1981 τούς
846 1900 1003 1970 ἐλαύνειν
1013 1895 1073 1977 τάς
1083 1904 1165 1977 ναῦς
1176 1904 1266 1985 δον-

303 2003 467 2085 λομένοιις
485 1998 621 2084 τρέφειν
641 1997 833 2085 ἀξιοῦντας,
856 2000 911 2066 καλ
930 1996 1131 2084 χορεύοντας
1144 1995 1207 2083 μὲν
1222 1997 1263 2064 ἐν
1276 2022 1296 2058 e

303 2111 439 2185 χρνσοῑς
456 2102 612 2186 ίματίοις,
634 2098 847 2187 χειμάζοντας
861 2093 893 2165 δ’
909 2099 948 2165 ἐν
960 2094 1141 2181 τοιούτοις,
1162 2096 1201 2162 έν
1214 2088 1266 2174 οἷς

305 2192 347 2263 ού
361 2195 527 2283 βούλομαι
543 2201 670 2283 λέγειν,
694 2200 750 2265 καὶ
765 2196 921 2274 τοιαύτας
935 2192 1037 2273 άλλως
1052 2192 1267 2273 ἐναντιώσεις

305 2294 430 2382 περὶ
393 2320 457 2382 την
471 2299 638 2383 διοίκησιν
650 2298 869 2383 γιγνομένας,
886 2301 925 2364 αλ
935 2294 1086 2381 μεγάλην
1100 2293 1268 2379 αἰσχύνην

253 2414 285 2463 οο
302 2401 346 2485 τῇ
370 2396 465 2466 πόλει
482 2398 647 2465 ποιοῦσιν.
658 2395 663 2461 λ
685 2393 745 2483 (κα
744 2394 779 2484 ’.)
797 2386 861 2465 ’ίαν
878 2385 1022 2464 ούδδν
999 2421 1044 2481 ην
1063 2391 1117 2464 ἐπ’
1138 2395 1271 2513 ἐκείνης

302 2503 362 2585 τῆς
382 2501 525 2585 βουλῆς·
553 2493 724 2585 ἀπήλλαξε
746 2496 814 2587 γάρ
837 2522 920 2575 τονς
941 2494 1005 2584 μὲν
1030 2496 1177 2584 πένητας
1199 2500 1272 2565 τῶν

305 2593 459 2679 ἀποριῶν
477 2613 548 2677 ταῖς
568 2606 737 2686 ἐργασίαις
755 2602 811 2669 καλ
830 2613 901 2679 ταῖς
918 2597 1009 2687 παρὰ
1029 2608 1099 2669 τῶν
1118 2599 1267 2685 ἐχόντων
1286 2610 1333 2663 161

307 2693 498 2782 ἀφελείαις,
521 2695 604 2779 τούς
626 2701 662 2768 δὲ
686 2702 873 2787 νεωτέρους
894 2705 964 2765 τῶν
982 2694 1174 2766 ἀκολασιῶν
1196 2708 1269 2775 τοῖς

306 2795 541 2882 ἐπιτηδεύμασι
556 2799 611 2865 καὶ
624 2813 695 2878 ταῖς
709 2795 822 2867 αὑτῶν
833 2801 1050 2883 ἐπιμελείαις,
1063 2794 1144 2875 τούς
1154 2794 1192 2864 δὲ
1201 2819 1268 2862 πο-

306 2896 543 2979 λιτευομένους
562 2903 632 2963 τῶν
651 2902 855 2977 πλεονεξιῶν
873 2909 945 2975 ταῖς
959 2901 1132 2983 τιμωρίαις
1147 2898 1202 2964 καί
1219 2900 1268 2985 τῷ

307 2989 352 3079 μὴ
364 2990 552 3060 λανθάνειν
561 2993 642 3077 τούς
652 2994 864 3083 ἀδικοῦντας,
877 2993 959 3075 τούς
970 2996 1008 3065 δέ
1017 2999 1268 3085 πρεσβυτέρους

307 3096 376 3159 τῶν
386 3086 546 3176 ἀθνμιῶν
556 3107 627 3173 ταῖς
635 3112 746 3183 τιμαῖς
755 3103 1018 3175 ταλςπολιτιιιαῑς
1027 3098 1084 3164 καλ
1092 3110 1163 3174 ταῖς
1173 3088 1266 3179 παρὰ
1355 3133 1356 3148 1

307 3194 376 3257 τῶν
386 3195 561 3276 νεωτέρων
571 3203 776 3280 θεραπείαις.
792 3201 900 3265 καίτοι
909 3202 982 3275 πῶς
989 3190 1035 3263 ἀν
1040 3199 1173 3282 γένοιτο
1181 3192 1266 3262 ταύ-

309 3313 367 3374 της
379 3294 534 3369 πλείονος
547 3288 622 3372 ἀξία
637 3301 785 3364 πολιτεία
791 3300 874 3382 ,τῆς
884 3318 974 3362 οντω
985 3290 1122 3374 καλῶς’
1106 3292 1267 3361 απάντων
1354 3295 1355 3318 ’

261 3393 376 3549 “mv
389 3388 595 3473 πραγμάτων
610 3395 884 3508 έπιμεληθείσηςς

261 3480 455 3574 bow.
456 3485 472 3575 )
486 3484 628 3573 Περδὲ
585 3514 610 3573 μ
628 3513 650 3553 ν
662 3475 728 3554 οάν
737 3487 809 3555 τῶν
820 3486 902 3558 ποτδ
918 3474 1144 3561 καθεστῶτων
1153 3515 1194 3556 τα
1182 3486 1353 3576 μὲαο

308 3592 444 3652 πλεῖστα
455 3587 758 3676 διεληλύθαμεν”
736 3609 801 3657 οσα
809 3590 847 3660 δὲ
856 3588 1269 3678 παραλελοίπαμειχέκτῶν
1352 3569 1353 3654 λ

311 3684 536 3769 εἰρημένων,
515 3711 567 3753 οτι
577 3686 715 3757 κακεῑνα
726 3715 788 3757 τον
798 3717 905 3758 αυτον
914 3715 1043 3774 τροκον
1051 3688 1116 3775 εἶχε
1124 3714 1268 3769 τοντοις,
1351 3733 1352 3820 ρ
