2859 4334
272 377 337 443 288
614 376 731 434 INDEX
750 377 934 434 NOMINUM.

273 538 362 593 cteris
370 537 407 592 ad
416 535 535 592 Cnidum
548 539 691 620 reportata
702 537 750 605 (ob
1026 539 1064 596 Β.

272 625 355 678 qnam
369 609 512 678 Euagoras
529 609 646 664 ciuitate
665 609 750 664 dona
837 609 969 666 Bcterssis
981 609 1086 666 dicitur
1094 609 1286 666 Nicomachus

273 683 318 734 tus
337 681 447 735 etcum
461 677 574 734 Conone
593 681 688 734 statua
700 680 750 734 ho·
803 680 903 748 XVIII,
926 689 965 736 10.

273 753 386 805 noratur
399 753 451 814 est
470 749 517 817 IX,
531 757 574 808 84.
589 754 644 819 tt.)
663 751 749 804 Athe·
838 751 968 808 Boeotiae
988 751 1211 807 Lacedaemonii
1234 753 1285 806 bel-

271 821 414 878 niensibns
436 821 548 876 moenia
570 823 601 877 et
646 821 749 876 riscum
802 821 860 876 lum
889 823 1052 879 intulerunt.
1080 823 1115 888 V,
1140 830 1185 879 43.
1221 823 1285 876 The-

272 893 357 949 decns
370 892 501 949 restituit
521 891 555 960 V,
569 898 612 949 84.
671 893 748 961 1,ss.
802 892 869 946 bani
887 909 948 947 eam
968 894 1041 947 male
1067 893 1183 949 habent.
1217 894 1285 952 VIII,

272 962 318 1033 IX,
336 971 380 1020 88.
400 969 441 1019 88.
474 963 612 1046 Tempore
627 963 748 1032 Areopa
805 971 862 1018 115.
877 965 1004 1034 tempore
1012 963 1135 1018 Plataici
1143 965 1284 1034 proAthe-

271 1034 352 1158 {inci
371 1035 505 1088 ducentas
519 1036 646 1089 triremes
661 1033 749 1103 possi·
801 1033 939 1090 niensium
951 1051 1019 1104 agro
1029 1037 1200 1104 propugnat.
1217 1035 1285 1100 XIV,

290 1107 348 1173 ent,
367 1121 435 1175 pace
453 1104 590 1172 fruuntur,
610 1105 680 1158 mari
698 1104 749 1158 im·
803 1112 845 1161 88.

308 1178 383 1242 rant,
407 1175 552 1245 sociosque
575 1176 679 1230 multos
699 1175 748 1229 bs-
837 1175 1094 1232 Boeotoramnemc
1109 1176 1166 1230 nisi
1178 1177 1285 1231 Platae-

306 1250 347 1303 nt.
360 1247 455 1313 Vll,1.
476 1246 749 1302 FucruntThebanis
802 1263 882 1301 enses
923 1247 1145 1302 Atheniensibus
1190 1250 1285 1301 contra

271 1317 389 1384 auxilio,
422 1335 506 1387 quum
533 1317 749 1373 Lacedaemonii
802 1317 901 1372 Persas
919 1317 1055 1371 auxilium
1073 1317 1138 1372 fert
1164 1319 1228 1384 XII,
1246 1327 1284 1372 93.

272 1388 418 1444 Boeotiam
445 1390 556 1444 vntars
583 1391 750 1443 conarentur
802 1388 928 1442 Thebani
961 1387 1138 1457 quorundum
1175 1391 1286 1445 moenia

271 1459 358 1523 (bello
385 1460 565 1514 Corinthiaco
591 1459 748 1528 iterumque
804 1461 972 1526 everterunt,
991 1460 1129 1527 quosdam
1147 1461 1227 1529 agris
1245 1477 1283 1514 ex·

271 1529 347 1585 bello
356 1529 500 1597 Thebano)
515 1529 548 1596 V,
560 1537 604 1584 48.
621 1528 695 1598 XIV,
705 1536 748 1584 tt.
803 1530 943 1600 pulcrunt,
953 1530 1140 1599 omnibusque
1149 1531 1285 1601 imperare

271 1599 359 1656 Iidem
367 1599 593 1656 Lacedaemoniis
601 1616 749 1655 caussasa
804 1601 897 1656 conati
922 1603 994 1656 sunt.
1022 1600 1097 1665 XIV,
1120 1608 1165 1656 35.
1206 1602 1286 1670 Apud

271 1670 349 1741 lutis,
366 1689 451 1754 quum
470 1671 597 1726 Thebani
612 1671 749 1740 Pelopon·
803 1686 851 1726 eos
866 1669 1053 1726 Callimachus
1068 1674 1114 1725 est
1133 1689 1284 1727 commora-

270 1742 357 1797 nesiis
374 1742 463 1797 iuncti
477 1742 607 1814 Spartam
624 1744 749 1796 evertere
802 1742 862 1808 tus,
885 1759 970 1810 quum
990 1742 1113 1812 populus
1132 1743 1286 1798 Athenien-

272 1811 379 1868 vellent
421 1812 455 1882 V,
481 1821 524 1868 44.
561 1814 631 1868 Cum
663 1811 749 1876 Chiis,
803 1812 842 1868 sis
867 1812 1131 1868 ahacedaemouiis
1156 1817 1222 1869 erat
1243 1816 1286 1868 ob

271 1883 402 1948 Rhodiis,
426 1883 449 1937 B
501 1884 569 1939 ntiis
587 1899 688 1956 pacem
710 1883 749 1938 ie·
802 1900 903 1939 sessus.
922 1883 1022 1951 XVIII,
1042 1891 1084 1939 49.

272 1956 370 2009 cerunt
388 1972 412 2009 a.
432 1954 452 2009 C
475 1973 519 2010 .n
546 1961 605 2010 388,
627 1954 687 2023 XV,
706 1961 747 2009 68.
833 1954 1282 2010 Brasidmbsoednemoniussm-

272 2025 421 2095 Corcyram
445 2028 579 2095 ceperunt
600 2025 749 2080 'Iimotheo
802 2025 932 2096 phipclin
964 2025 1110 2080 obsidione
1145 2027 1279 2081 liberarii

272 2096 341 2151 duce
364 2096 424 2166 XV,
448 2103 506 2151 109.
536 2096 604 2151 item
627 2095 749 2164 Samum,
804 2097 850 2162 VI,
870 2104 912 2151 83.

271 2167 394 2236 Sestum,
428 2166 586 2233 Crithoten,
618 2166 749 2222 Potidae-
838 2167 950 2222 Busiris
995 2166 1071 2220 filius
1099 2167 1229 2238 Neptuni
1261 2173 1286 2222 et

271 2254 328 2302 sm,
352 2239 490 2294 'roronem
512 2237 572 2305 XV,
599 2245 747 2294 ros-ris.
803 2238 916 2306 Libyae.
935 2208 981 2304 XI,
998 2245 1038 2292 ιο.
1058 2244 1101 2291 35.
1121 2255 1244 2308 regnum
1260 2240 1286 2292 in

271 2307 748 2373 Chalcidenscsviccrunt.XV,113.
802 2310 934 2378 Aegypto
966 2308 1123 2363 constituit.
1163 2309 1212 2376 XI,
1249 2319 1284 2366 11.

271 2379 750 2449 Timotheumnihiiominnsmagna
802 2380 950 2448 Perpetem
976 2379 1082 2434 dicitur
1104 2379 1142 2433 ab
1167 2381 1285 2436 Hercule

291 2451 390 2506 ecunia
414 2450 577 2505 multanmt.
604 2450 663 2520 XV,
689 2458 748 2505 129.
803 2451 926 2520 occisus,
951 2449 1079 2504 ducentis
1106 2451 1185 2505 enim
1209 2453 1285 2506 annis
1348 2461 1349 2478 ¹

271 2469 340 2577 gum
353 2521 486 2592 Philippo
501 2537 600 2592 pacem
614 2520 748 2576 iecerunt.
803 2524 868 2576 aute
887 2537 951 2576 eum
972 2519 1033 2576 fuit
1059 2520 1106 2588 XI,
1126 2528 1172 2577 38,
1193 2529 1238 2578 37.
1264 2525 1285 2576 A

272 2592 305 2660 V,
328 2599 351 2647 7.
371 2600 394 2647 8.
802 2592 960 2661 Polycrate,
968 2591 1017 2660 qui
1025 2591 1223 2648 defensionem
1231 2594 1285 2648 eius

306 2664 495 2719 Athenodorus
501 2657 647 2733 Ἀθηναῖος
653 2663 692 2735 τῷ
702 2660 748 2732 γέ·
802 2663 961 2733 scripserat,
983 2661 1131 2716 dicebatur
1144 2662 1246 2718 Nilum
1258 2669 1286 2718 ut

270 2754 323 2860 i?
339 2730 750 2872 ,Vitiortttsttt
802 2733 1136 2874 {rripittttttsii
1157 2737 1259 2861 {⁰1⁹5ss
1261 2753 1286 2862 ’ἔ

270 2860 389 2999 gilarps),
421 2875 531 2929 urbium
563 2875 692 2930 conditor
719 2875 749 2928 in
803 2883 845 2931 ³1.
865 2874 1067 2930 Laudationem
1082 2874 1143 2929 sius
1162 2850 1287 2933 cointiuet

294 2946 396 3000 hracia.
425 2945 498 3010 VIII,
517 2953 560 2999 24.
803 2947 872 3001 crat.
899 2945 946 2999 XI.
972 2945 1079 3015 scripta
1105 2962 1131 3000 a.
1161 2955 1215 3003 891
1245 2949 1285 3004 rel

305 3018 393 3072 Athos
409 3032 490 3071 mons
503 3031 521 3069 a
534 3015 624 3072 Xerxe
642 3015 748 3086 perfos-
802 3016 899 3086 paullo
918 3019 991 3085 post.
1021 3021 1023 3025 ’

271 3105 325 3141 sus.
345 3088 392 3151 IV,
411 3093 453 3142 89.
837 3087 951 3142 Busiris
969 3085 1041 3140 urbs.
1059 3083 1161 3143 Ὓπόθ.
1186 3098 1228 3145 11.
1346 3117 1347 3136 2

305 3159 407 3213 Attica.
435 3157 508 3212 Urbs
529 3159 588 3210 eius
607 3159 631 3210 A
652 3157 741 3211 hidna
837 3157 981 3228 Byzantii,
991 3156 1061 3211 socii
1070 3156 1284 3216 Atheniensium

270 3228 304 3296 X,
320 3237 360 3284 19.
389 3228 479 3298 Prope
495 3228 619 3281 Atticam
632 3175 749 3282 ilnbcea
773 3295 785 3304 -
801 3228 879 3283 bello
899 3226 1092 3295 Corinthiaco,
1118 3246 1193 3298 pace
1214 3233 1285 3287 factu

270 3300 333 3354 sita.
353 3300 399 3364 IV,
416 3304 466 3355 108
507 3298 617 3353 Bellum
630 3298 671 3352 ibi
685 3315 749 3353 cum
803 3300 833 3352 in
860 3297 914 3352 fide
942 3301 1112 3354 manserunt.
1146 3301 1224 3369 XIV,
1247 3309 1284 3358 28.

272 3370 348 3425 Darii
368 3387 400 3425 co
421 3370 457 3424 iis
476 3369 512 3423 ab
529 3368 749 3424 Atheniensibus
802 3369 859 3422 Pax
873 3370 918 3423 est
931 3385 993 3424 cum
1004 3369 1040 3424 Iis
1053 3369 1138 3424 facta.
1159 3372 1237 3440 VIII,
1250 3381 1283 3428 16.

271 3443 388 3512 gestum.
447 3445 508 3509 ,88
538 3439 637 3494 Xerxis
650 3439 749 3509 copiae
804 3439 864 3504 XV,
883 3447 917 3495 63

271 3513 416 3566 terrestres
441 3510 471 3564 in
494 3526 556 3565 eam
582 3511 748 3582 irruperunt.
839 3511 1007 3582 Byzantium
1017 3511 1146 3566 Thebani
1157 3514 1283 3569 triremes

273 3583 318 3646 IV,
338 3589 379 3635 93.
804 3583 941 3636 miserunt
959 3582 993 3648 V,
1013 3589 1054 3637 53.
1079 3584 1108 3637 et
1135 3583 1193 3638 huc
1213 3585 1284 3639 navi·

305 3650 479 3714 Aatocratcr,
488 3651 619 3704 isocratis
627 3651 749 3720 discipu·
825 3655 921 3706 aturus
950 3656 1020 3714 erat,
1053 3653 1102 3721 qui
1130 3657 1282 3711 oratiomm

272 3719 314 3772 ius
324 3719 515 3773 etfamiliaris.
535 3717 624 3787 Epist.
635 3720 695 3787 VII,
709 3727 749 3776 10.
804 3670 890 3777 ivn.
911 3723 1004 3777 habet.
1024 3722 1110 3778 XVII.
1131 3730 1155 3780 8.
