<?xml version="1.0" encoding="UTF-8"?>
<!DOCTYPE html PUBLIC "-//W3C//DTD XHTML 1.0 Transitional//EN"
    "http://www.w3.org/TR/xhtml1/DTD/xhtml1-transitional.dtd">
<html xmlns="http://www.w3.org/1999/xhtml" xml:lang="en" lang="en">
 <head>
  <title>
</title>
<meta http-equiv="Content-Type" content="text/html;charset=utf-8" />
  <meta name='ocr-system' content='tesseract 3.04.00' />
  <meta name='ocr-capabilities' content='ocr_page ocr_carea ocr_par ocr_line ocrx_word'/>
</head>
<body>
  <div class='ocr_page' id='page_1' title='image "./orationes00isgoog_0250.png"; bbox 0 0 2859 4334; ppageno 0'>
   <div class='ocr_carea' id='block_1_1' title="bbox 269 377 955 469">
    <p class='ocr_par' dir='ltr' id='par_1_1' title="bbox 269 377 955 469">
     <span class='ocr_line' id='line_1_1' title="bbox 269 377 955 469; baseline 0.007 -29"><span class='ocrx_word' id='word_1_1' title='bbox 269 377 347 469; x_wconf 19' lang='grc' dir='ltr'><strong><em>,ισσ</em></strong></span> <span class='ocrx_word' id='word_1_2' title='bbox 572 384 955 459; x_wconf 65' lang='lat' dir='ltr'><strong>mmmm)</strong></span> 
     </span>
    </p>
   </div>
   <div class='ocr_carea' id='block_1_2' title="bbox 230 539 1288 3100">
    <p class='ocr_par' dir='ltr' id='par_1_2' title="bbox 230 539 1288 3100">
     <span class='ocr_line' id='line_1_2' title="bbox 284 539 1253 631; baseline 0.001 -21"><span class='ocrx_word' id='word_1_3' title='bbox 284 544 339 610; x_wconf 84' lang='grc' dir='ltr'><strong><em>ιιαλ</em></strong></span> <span class='ocrx_word' id='word_1_4' title='bbox 353 547 638 631; x_wconf 84' lang='grc' dir='ltr'><strong><em>Λακεδαιμονίους</em></strong></span> <span class='ocrx_word' id='word_1_5' title='bbox 654 540 710 611; x_wconf 76' lang='grc' dir='ltr'><strong><em>διὰ</em></strong></span> <span class='ocrx_word' id='word_1_6' title='bbox 724 549 823 611; x_wconf 88' lang='grc' dir='ltr'><strong><em>τοῦτο</em></strong></span> <span class='ocrx_word' id='word_1_7' title='bbox 844 539 1004 610; x_wconf 89' lang='grc' dir='ltr'><strong><em>κάλλιστα</em></strong></span> <span class='ocrx_word' id='word_1_8' title='bbox 1022 544 1253 631; x_wconf 84' lang='grc' dir='ltr'><strong><em>πολιτευομέ-</em></strong></span> 
     </span>
     <span class='ocr_line' id='line_1_3' title="bbox 283 640 1288 731; baseline 0.005 -22"><span class='ocrx_word' id='word_1_9' title='bbox 283 668 382 728; x_wconf 86' lang='grc' dir='ltr'><strong><em>νους,</em></strong></span> <span class='ocrx_word' id='word_1_10' title='bbox 400 640 451 710; x_wconf 86' lang='grc' dir='ltr'><strong><em>ὅτι</em></strong></span> <span class='ocrx_word' id='word_1_11' title='bbox 465 644 607 729; x_wconf 87' lang='grc' dir='ltr'><strong><em>μάλιστα</em></strong></span> <span class='ocrx_word' id='word_1_12' title='bbox 621 642 933 730; x_wconf 74' lang='grc' dir='ltr'><strong><em>δημοκρατούμενοι</em></strong></span> <span class='ocrx_word' id='word_1_13' title='bbox 946 643 1183 731; x_wconf 73' lang='grc' dir='ltr'><strong><em>τυγχάνουσιν.</em></strong></span> <span class='ocrx_word' id='word_1_14' title='bbox 1202 647 1252 714; x_wconf 84' lang='grc' dir='ltr'><strong><em>έν</em></strong></span> <span class='ocrx_word' id='word_1_15' title='bbox 1266 650 1288 704; x_wconf 84' lang='lat' dir='ltr'>b</span> 
     </span>
     <span class='ocr_line' id='line_1_4' title="bbox 283 738 1251 833; baseline 0.002 -24"><span class='ocrx_word' id='word_1_16' title='bbox 283 738 349 828; x_wconf 82' lang='grc' dir='ltr'><strong><em>γάρ</em></strong></span> <span class='ocrx_word' id='word_1_17' title='bbox 362 749 403 832; x_wconf 77' lang='grc' dir='ltr'><strong><em>τῇ</em></strong></span> <span class='ocrx_word' id='word_1_18' title='bbox 416 750 485 810; x_wconf 79' lang='grc' dir='ltr'><strong><em>τῶν</em></strong></span> <span class='ocrx_word' id='word_1_19' title='bbox 498 740 612 830; x_wconf 84' lang='grc' dir='ltr'><strong><em>άρχῦν</em></strong></span> <span class='ocrx_word' id='word_1_20' title='bbox 626 744 752 829; x_wconf 83' lang='grc' dir='ltr'><strong><em>αἱρέσει</em></strong></span> <span class='ocrx_word' id='word_1_21' title='bbox 762 745 818 810; x_wconf 82' lang='grc' dir='ltr'><strong><em>καί</em></strong></span> <span class='ocrx_word' id='word_1_22' title='bbox 828 749 874 832; x_wconf 79' lang='grc' dir='ltr'><strong><em>τῷ</em></strong></span> <span class='ocrx_word' id='word_1_23' title='bbox 886 748 948 833; x_wconf 83' lang='grc' dir='ltr'><strong><em>βίφ</em></strong></span> <span class='ocrx_word' id='word_1_24' title='bbox 957 749 1005 833; x_wconf 75' lang='grc' dir='ltr'><strong><em>τῷ</em></strong></span> <span class='ocrx_word' id='word_1_25' title='bbox 1015 741 1098 811; x_wconf 85' lang='grc' dir='ltr'><strong><em>καθ’</em></strong></span> <span class='ocrx_word' id='word_1_26' title='bbox 1111 739 1251 831; x_wconf 86' lang='grc' dir='ltr'><strong><em>ἡμέραν</em></strong></span> 
     </span>
     <span class='ocr_line' id='line_1_5' title="bbox 283 837 1249 929; baseline 0.002 -23"><span class='ocrx_word' id='word_1_27' title='bbox 283 840 339 907; x_wconf 83' lang='grc' dir='ltr'><strong><em>καλ</em></strong></span> <span class='ocrx_word' id='word_1_28' title='bbox 353 854 422 920; x_wconf 80' lang='grc' dir='ltr'><strong><em>τοις</em></strong></span> <span class='ocrx_word' id='word_1_29' title='bbox 435 838 549 921; x_wconf 75' lang='grc' dir='ltr'><strong><em>ἄλλοις</em></strong></span> <span class='ocrx_word' id='word_1_30' title='bbox 564 842 825 928; x_wconf 73' lang='grc' dir='ltr'><strong><em>ἐπιτηδεύμασιν</em></strong></span> <span class='ocrx_word' id='word_1_31' title='bbox 836 844 967 927; x_wconf 84' lang='grc' dir='ltr'><strong><em>ίδοιμεν</em></strong></span> <span class='ocrx_word' id='word_1_32' title='bbox 977 837 1023 909; x_wconf 80' lang='grc' dir='ltr'><strong><em>άν</em></strong></span> <span class='ocrx_word' id='word_1_33' title='bbox 1032 839 1113 929; x_wconf 90' lang='grc' dir='ltr'><strong><em>παρ’</em></strong></span> <span class='ocrx_word' id='word_1_34' title='bbox 1126 837 1249 920; x_wconf 79' lang='grc' dir='ltr'><strong><em>αύτοτς</em></strong></span> 
     </span>
     <span class='ocr_line' id='line_1_6' title="bbox 281 935 1247 1028; baseline 0.002 -22"><span class='ocrx_word' id='word_1_35' title='bbox 281 935 340 1017; x_wconf 82' lang='grc' dir='ltr'><strong><em>τάς</em></strong></span> <span class='ocrx_word' id='word_1_36' title='bbox 355 938 509 1025; x_wconf 88' lang='grc' dir='ltr'><strong><em>ίσότητας</em></strong></span> <span class='ocrx_word' id='word_1_37' title='bbox 523 942 578 1008; x_wconf 85' lang='grc' dir='ltr'><strong><em>καὶ</em></strong></span> <span class='ocrx_word' id='word_1_38' title='bbox 595 936 654 1021; x_wconf 81' lang='grc' dir='ltr'><strong><em>τάς</em></strong></span> <span class='ocrx_word' id='word_1_39' title='bbox 670 937 869 1027; x_wconf 83' lang='grc' dir='ltr'><strong><em>ὁμοιότητας</em></strong></span> <span class='ocrx_word' id='word_1_40' title='bbox 882 946 1014 1026; x_wconf 81' lang='grc' dir='ltr'><strong><em>μᾶλλον</em></strong></span> <span class='ocrx_word' id='word_1_41' title='bbox 1026 935 1050 1028; x_wconf 84' lang='grc' dir='ltr'><strong><em>ή</em></strong></span> <span class='ocrx_word' id='word_1_42' title='bbox 1064 937 1156 1026; x_wconf 72' lang='grc' dir='ltr'><strong><em>παρὰ</em></strong></span> <span class='ocrx_word' id='word_1_43' title='bbox 1170 953 1247 1019; x_wconf 68' lang='grc' dir='ltr'><strong><em>τοῖς</em></strong></span> 
     </span>
     <span class='ocr_line' id='line_1_7' title="bbox 282 1034 1243 1127; baseline 0.002 -22"><span class='ocrx_word' id='word_1_44' title='bbox 282 1035 395 1117; x_wconf 85' lang='grc' dir='ltr'><strong><em>άλλοις</em></strong></span> <span class='ocrx_word' id='word_1_45' title='bbox 410 1039 607 1125; x_wconf 79' lang='grc' dir='ltr'><strong><em>ἰσχυούσας·</em></strong></span> <span class='ocrx_word' id='word_1_46' title='bbox 629 1034 679 1120; x_wconf 76' lang='grc' dir='ltr'><strong><em>οἷς</em></strong></span> <span class='ocrx_word' id='word_1_47' title='bbox 693 1044 731 1109; x_wconf 88' lang='grc' dir='ltr'><strong><em>αλ</em></strong></span> <span class='ocrx_word' id='word_1_48' title='bbox 741 1040 805 1127; x_wconf 71' lang='grc' dir='ltr'><strong><em>μέν</em></strong></span> <span class='ocrx_word' id='word_1_49' title='bbox 818 1036 1005 1127; x_wconf 73' lang='grc' dir='ltr'><strong><em>ὀλιγαρχίαι</em></strong></span> <span class='ocrx_word' id='word_1_50' title='bbox 1021 1047 1243 1127; x_wconf 86' lang='grc' dir='ltr'><strong><em>πολεμοῦσιν,</em></strong></span> 
     </span>
     <span class='ocr_line' id='line_1_8' title="bbox 282 1138 1239 1226; baseline 0.002 -20"><span class='ocrx_word' id='word_1_51' title='bbox 282 1142 316 1206; x_wconf 81' lang='grc' dir='ltr'><strong><em>οἱ</em></strong></span> <span class='ocrx_word' id='word_1_52' title='bbox 328 1138 365 1206; x_wconf 71' lang='grc' dir='ltr'><strong><em>δέ</em></strong></span> <span class='ocrx_word' id='word_1_53' title='bbox 379 1144 488 1216; x_wconf 87' lang='grc' dir='ltr'><strong><em>καλῦς</em></strong></span> <span class='ocrx_word' id='word_1_54' title='bbox 503 1139 815 1226; x_wconf 79' lang='grc' dir='ltr'><strong><em>δημοκρατούμενοι</em></strong></span> <span class='ocrx_word' id='word_1_55' title='bbox 831 1139 998 1225; x_wconf 83' lang='grc' dir='ltr'><strong><em>χρύμενοι</em></strong></span> <span class='ocrx_word' id='word_1_56' title='bbox 1014 1143 1239 1210; x_wconf 89' lang='grc' dir='ltr'><strong><em>διατελοῦσιν.</em></strong></span> 
     </span>
     <span class='ocr_line' id='line_1_9' title="bbox 233 1234 1244 1325; baseline -0.001 -19"><span class='ocrx_word' id='word_1_57' title='bbox 233 1252 268 1306; x_wconf 73' lang='lat'><strong><em>62</em></strong></span> <span class='ocrx_word' id='word_1_58' title='bbox 366 1234 452 1316; x_wconf 83' lang='grc' dir='ltr'><strong><em>(κε’.)</em></strong></span> <span class='ocrx_word' id='word_1_59' title='bbox 477 1242 553 1304; x_wconf 86' lang='grc' dir='ltr'><strong><em>Τῦν</em></strong></span> <span class='ocrx_word' id='word_1_60' title='bbox 567 1244 686 1306; x_wconf 88' lang='grc' dir='ltr'><strong><em>τοίνυν</em></strong></span> <span class='ocrx_word' id='word_1_61' title='bbox 703 1234 818 1305; x_wconf 83' lang='grc' dir='ltr'><strong><em>ἄλλων</em></strong></span> <span class='ocrx_word' id='word_1_62' title='bbox 838 1236 971 1305; x_wconf 84' lang='grc' dir='ltr'><strong><em>πόλεων</em></strong></span> <span class='ocrx_word' id='word_1_63' title='bbox 989 1251 1061 1317; x_wconf 81' lang='grc' dir='ltr'><strong><em>ταῖς</em></strong></span> <span class='ocrx_word' id='word_1_64' title='bbox 1079 1241 1244 1325; x_wconf 80' lang='grc' dir='ltr'><strong><em>ἐπιφανε-</em></strong></span> 
     </span>
     <span class='ocr_line' id='line_1_10' title="bbox 281 1330 1276 1423; baseline -0.004 -22"><span class='ocrx_word' id='word_1_65' title='bbox 281 1332 416 1413; x_wconf 90' lang='grc' dir='ltr'><strong><em>στάταις</em></strong></span> <span class='ocrx_word' id='word_1_66' title='bbox 429 1335 485 1403; x_wconf 82' lang='grc' dir='ltr'><strong><em>καί</em></strong></span> <span class='ocrx_word' id='word_1_67' title='bbox 498 1341 682 1422; x_wconf 80' lang='grc' dir='ltr'><strong><em>μεγίσταις,</em></strong></span> <span class='ocrx_word' id='word_1_68' title='bbox 698 1330 744 1422; x_wconf 87' lang='grc' dir='ltr'><strong><em>ήν</em></strong></span> <span class='ocrx_word' id='word_1_69' title='bbox 758 1334 919 1416; x_wconf 74' lang='grc' dir='ltr'><strong><em>ἐξετάζειν</em></strong></span> <span class='ocrx_word' id='word_1_70' title='bbox 928 1341 1165 1423; x_wconf 75' lang='grc' dir='ltr'><strong><em>βουληθεῖμεν,</em></strong></span> <span class='ocrx_word' id='word_1_71' title='bbox 1181 1332 1242 1404; x_wconf 87' lang='grc' dir='ltr'><strong><em>εύ-</em></strong></span> <span class='ocrx_word' id='word_1_72' title='bbox 1256 1359 1276 1397; x_wconf 81' lang='grc' dir='ltr'><strong><em>α</em></strong></span> 
     </span>
     <span class='ocr_line' id='line_1_11' title="bbox 281 1427 1241 1521; baseline 0.002 -22"><span class='ocrx_word' id='word_1_73' title='bbox 281 1430 428 1519; x_wconf 89' lang='grc' dir='ltr'><strong><em>ρήσομεν</em></strong></span> <span class='ocrx_word' id='word_1_74' title='bbox 452 1430 511 1512; x_wconf 84' lang='grc' dir='ltr'><strong><em>τάς</em></strong></span> <span class='ocrx_word' id='word_1_75' title='bbox 533 1437 756 1521; x_wconf 76' lang='grc' dir='ltr'><strong><em>δημοκρατίας</em></strong></span> <span class='ocrx_word' id='word_1_76' title='bbox 779 1439 908 1520; x_wconf 84' lang='grc' dir='ltr'><strong><em>μάλλον</em></strong></span> <span class='ocrx_word' id='word_1_77' title='bbox 926 1427 949 1520; x_wconf 88' lang='grc' dir='ltr'><strong><em>ή</em></strong></span> <span class='ocrx_word' id='word_1_78' title='bbox 967 1431 1027 1512; x_wconf 78' lang='grc' dir='ltr'><strong><em>τὰς</em></strong></span> <span class='ocrx_word' id='word_1_79' title='bbox 1051 1430 1241 1520; x_wconf 82' lang='grc' dir='ltr'><strong><em>ὀλιγαρχίας</em></strong></span> 
     </span>
     <span class='ocr_line' id='line_1_12' title="bbox 281 1526 1239 1623; baseline 0.001 -24"><span class='ocrx_word' id='word_1_80' title='bbox 281 1531 536 1618; x_wconf 87' lang='grc' dir='ltr'><strong><em>συμφερούσας·</em></strong></span> <span class='ocrx_word' id='word_1_81' title='bbox 552 1526 1142 1623; x_wconf 80' lang='grc' dir='ltr'><strong><em>ἐπελκαλτήνὴμετέρανπολιτείαυ,ἡ</em></strong></span> <span class='ocrx_word' id='word_1_82' title='bbox 1151 1533 1239 1600; x_wconf 88' lang='grc' dir='ltr'><strong><em>πάν-</em></strong></span> 
     </span>
     <span class='ocr_line' id='line_1_13' title="bbox 280 1625 1240 1719; baseline 0.003 -21"><span class='ocrx_word' id='word_1_83' title='bbox 280 1656 333 1709; x_wconf 89' lang='grc' dir='ltr'><strong><em>τες</em></strong></span> <span class='ocrx_word' id='word_1_84' title='bbox 350 1632 554 1716; x_wconf 78' lang='grc' dir='ltr'><strong><em>ἐπιτιμῶσιν,</em></strong></span> <span class='ocrx_word' id='word_1_85' title='bbox 569 1625 615 1717; x_wconf 88' lang='grc' dir='ltr'><strong><em>ήν</em></strong></span> <span class='ocrx_word' id='word_1_86' title='bbox 629 1630 878 1719; x_wconf 75' lang='grc' dir='ltr'><strong><em>παραβάλωμεν</em></strong></span> <span class='ocrx_word' id='word_1_87' title='bbox 892 1628 1000 1719; x_wconf 83' lang='grc' dir='ltr'><strong><em>αύτὴν</em></strong></span> <span class='ocrx_word' id='word_1_88' title='bbox 1014 1629 1058 1719; x_wconf 86' lang='grc' dir='ltr'><strong><em>μή</em></strong></span> <span class='ocrx_word' id='word_1_89' title='bbox 1076 1629 1162 1716; x_wconf 80' lang='grc' dir='ltr'><strong><em>πρὸς</em></strong></span> <span class='ocrx_word' id='word_1_90' title='bbox 1176 1627 1240 1718; x_wconf 77' lang='grc' dir='ltr'><strong><em>τήν</em></strong></span> 
     </span>
     <span class='ocr_line' id='line_1_14' title="bbox 280 1727 1239 1817; baseline -0.001 -19"><span class='ocrx_word' id='word_1_91' title='bbox 280 1727 341 1798; x_wconf 86' lang='grc' dir='ltr'><strong><em>ὑπ’</em></strong></span> <span class='ocrx_word' id='word_1_92' title='bbox 354 1732 438 1817; x_wconf 80' lang='grc' dir='ltr'><strong><em>ἐμοῦ</em></strong></span> <span class='ocrx_word' id='word_1_93' title='bbox 451 1732 616 1817; x_wconf 71' lang='grc' dir='ltr'><strong><em>ῥηθεῖσαν</em></strong></span> <span class='ocrx_word' id='word_1_94' title='bbox 629 1728 715 1800; x_wconf 80' lang='grc' dir='ltr'><strong><em>άλλά</em></strong></span> <span class='ocrx_word' id='word_1_95' title='bbox 731 1727 816 1817; x_wconf 76' lang='grc' dir='ltr'><strong><em>πρὸς</em></strong></span> <span class='ocrx_word' id='word_1_96' title='bbox 826 1728 888 1817; x_wconf 83' lang='grc' dir='ltr'><strong><em>τήν</em></strong></span> <span class='ocrx_word' id='word_1_97' title='bbox 898 1728 964 1798; x_wconf 87' lang='grc' dir='ltr'><strong><em>ῦπό</em></strong></span> <span class='ocrx_word' id='word_1_98' title='bbox 977 1738 1047 1799; x_wconf 78' lang='grc' dir='ltr'><strong><em>τῶν</em></strong></span> <span class='ocrx_word' id='word_1_99' title='bbox 1057 1731 1239 1816; x_wconf 85' lang='grc' dir='ltr'><strong><em>τριάκοντα</em></strong></span> 
     </span>
     <span class='ocr_line' id='line_1_15' title="bbox 279 1824 1238 1917; baseline -0.003 -18"><span class='ocrx_word' id='word_1_100' title='bbox 279 1835 507 1914; x_wconf 79' lang='grc' dir='ltr'><strong><em>καταστᾶσαν,</em></strong></span> <span class='ocrx_word' id='word_1_101' title='bbox 534 1826 644 1909; x_wconf 80' lang='grc' dir='ltr'><strong><em>οὐδεὶς</em></strong></span> <span class='ocrx_word' id='word_1_102' title='bbox 664 1828 756 1908; x_wconf 85' lang='grc' dir='ltr'><strong><em>ὅστις</em></strong></span> <span class='ocrx_word' id='word_1_103' title='bbox 778 1825 841 1897; x_wconf 89' lang='grc' dir='ltr'><strong><em>οῦκ</em></strong></span> <span class='ocrx_word' id='word_1_104' title='bbox 861 1824 906 1895; x_wconf 84' lang='grc' dir='ltr'><strong><em>άν</em></strong></span> <span class='ocrx_word' id='word_1_105' title='bbox 925 1835 1131 1917; x_wconf 88' lang='grc' dir='ltr'><strong><em>θεοποίητον</em></strong></span> <span class='ocrx_word' id='word_1_106' title='bbox 1151 1827 1238 1897; x_wconf 84' lang='grc' dir='ltr'><strong><em>εδναι</em></strong></span> 
     </span>
     <span class='ocr_line' id='line_1_16' title="bbox 232 1926 1239 2016; baseline 0 -22"><span class='ocrx_word' id='word_1_107' title='bbox 232 1939 267 1994; x_wconf 76' lang='grc'><strong><em>63</em></strong></span> <span class='ocrx_word' id='word_1_108' title='bbox 281 1928 472 2013; x_wconf 83' lang='grc' dir='ltr'><strong><em>νομίσειεν.”</em></strong></span> <span class='ocrx_word' id='word_1_109' title='bbox 481 1926 568 2008; x_wconf 68' lang='grc' dir='ltr'><strong><em>(κά.)</em></strong></span> <span class='ocrx_word' id='word_1_110' title='bbox 581 1927 754 2015; x_wconf 83' lang='grc' dir='ltr'><strong><em>Βούλομαι</em></strong></span> <span class='ocrx_word' id='word_1_111' title='bbox 769 1926 802 1995; x_wconf 87' lang='grc' dir='ltr'><strong><em>δ’</em></strong></span> <span class='ocrx_word' id='word_1_112' title='bbox 811 1932 841 1996; x_wconf 86' lang='grc' dir='ltr'><strong><em>εί</em></strong></span> <span class='ocrx_word' id='word_1_113' title='bbox 856 1933 915 1996; x_wconf 84' lang='grc' dir='ltr'><strong><em>καί</em></strong></span> <span class='ocrx_word' id='word_1_114' title='bbox 922 1931 1011 2007; x_wconf 93' lang='grc' dir='ltr'><strong><em>τινές</em></strong></span> <span class='ocrx_word' id='word_1_115' title='bbox 1017 1955 1058 2015; x_wconf 91' lang='grc' dir='ltr'><strong><em>με</em></strong></span> <span class='ocrx_word' id='word_1_116' title='bbox 1067 1927 1239 2016; x_wconf 81' lang='grc' dir='ltr'><strong><em>φήσουσιν</em></strong></span> 
     </span>
     <span class='ocr_line' id='line_1_17' title="bbox 280 2023 1238 2114; baseline -0.001 -21"><span class='ocrx_word' id='word_1_117' title='bbox 280 2029 342 2107; x_wconf 69' lang='grc' dir='ltr'><strong><em>ἔξω</em></strong></span> <span class='ocrx_word' id='word_1_118' title='bbox 351 2033 409 2113; x_wconf 84' lang='grc' dir='ltr'><strong><em>τῆς</em></strong></span> <span class='ocrx_word' id='word_1_119' title='bbox 421 2024 617 2107; x_wconf 83' lang='grc' dir='ltr'><strong><em>ὑποθέσεως</em></strong></span> <span class='ocrx_word' id='word_1_120' title='bbox 628 2030 750 2114; x_wconf 87' lang='grc' dir='ltr'><strong><em>λέγειν,</em></strong></span> <span class='ocrx_word' id='word_1_121' title='bbox 765 2031 913 2113; x_wconf 77' lang='grc' dir='ltr'><strong><em>δηλῶσαι</em></strong></span> <span class='ocrx_word' id='word_1_122' title='bbox 919 2028 976 2095; x_wconf 86' lang='grc' dir='ltr'><strong><em>καλ</em></strong></span> <span class='ocrx_word' id='word_1_123' title='bbox 982 2031 1142 2110; x_wconf 75' lang='grc' dir='ltr'><strong><em>διελθεῖν,</em></strong></span> <span class='ocrx_word' id='word_1_124' title='bbox 1155 2023 1238 2093; x_wconf 82' lang='grc' dir='ltr'><strong><em>ὅσον</em></strong></span> 
     </span>
     <span class='ocr_line' id='line_1_18' title="bbox 279 2122 1238 2213; baseline -0.001 -22"><span class='ocrx_word' id='word_1_125' title='bbox 279 2122 364 2210; x_wconf 87' lang='grc' dir='ltr'><strong><em>αῦτη</em></strong></span> <span class='ocrx_word' id='word_1_126' title='bbox 379 2131 437 2211; x_wconf 77' lang='grc' dir='ltr'><strong><em>τῆς</em></strong></span> <span class='ocrx_word' id='word_1_127' title='bbox 449 2124 525 2193; x_wconf 86' lang='grc' dir='ltr'><strong><em>τότε</em></strong></span> <span class='ocrx_word' id='word_1_128' title='bbox 540 2126 726 2213; x_wconf 87' lang='grc' dir='ltr'><strong><em>διήνεγκεν,</em></strong></span> <span class='ocrx_word' id='word_1_129' title='bbox 741 2128 799 2192; x_wconf 78' lang='grc' dir='ltr'><strong><em>ἵνα</em></strong></span> <span class='ocrx_word' id='word_1_130' title='bbox 813 2126 927 2211; x_wconf 77' lang='grc' dir='ltr'><strong><em>μηδείς</em></strong></span> <span class='ocrx_word' id='word_1_131' title='bbox 941 2131 1053 2211; x_wconf 83' lang='grc' dir='ltr'><strong><em>οίηταί</em></strong></span> <span class='ocrx_word' id='word_1_132' title='bbox 1063 2151 1106 2211; x_wconf 93' lang='grc' dir='ltr'><strong><em>με</em></strong></span> <span class='ocrx_word' id='word_1_133' title='bbox 1119 2122 1161 2193; x_wconf 80' lang='grc' dir='ltr'><strong><em>τά</em></strong></span> <span class='ocrx_word' id='word_1_134' title='bbox 1176 2124 1238 2211; x_wconf 73' lang='grc' dir='ltr'><strong><em>μὲν</em></strong></span> 
     </span>
     <span class='ocr_line' id='line_1_19' title="bbox 278 2219 1268 2312; baseline 0.001 -23"><span class='ocrx_word' id='word_1_135' title='bbox 278 2219 498 2309; x_wconf 86' lang='grc' dir='ltr'><strong><em>άμαρτήματα</em></strong></span> <span class='ocrx_word' id='word_1_136' title='bbox 511 2230 573 2292; x_wconf 89' lang='grc' dir='ltr'><strong><em>τοῦ</em></strong></span> <span class='ocrx_word' id='word_1_137' title='bbox 589 2224 700 2312; x_wconf 91' lang='grc' dir='ltr'><strong><em>δήμου</em></strong></span> <span class='ocrx_word' id='word_1_138' title='bbox 714 2231 792 2294; x_wconf 88' lang='grc' dir='ltr'><strong><em>λίαν</em></strong></span> <span class='ocrx_word' id='word_1_139' title='bbox 806 2221 953 2310; x_wconf 85' lang='grc' dir='ltr'><strong><em>άιιριβῦς</em></strong></span> <span class='ocrx_word' id='word_1_140' title='bbox 968 2224 1139 2311; x_wconf 73' lang='grc' dir='ltr'><strong><em>ἐξετάζειν,</em></strong></span> <span class='ocrx_word' id='word_1_141' title='bbox 1155 2230 1187 2293; x_wconf 93' lang='grc' dir='ltr'><strong><em>εί</em></strong></span> <span class='ocrx_word' id='word_1_142' title='bbox 1200 2226 1268 2291; x_wconf 89' lang='grc' dir='ltr'><strong><em>δέδ</em></strong></span> 
     </span>
     <span class='ocr_line' id='line_1_20' title="bbox 278 2316 1239 2411; baseline 0.002 -22"><span class='ocrx_word' id='word_1_143' title='bbox 278 2350 310 2390; x_wconf 89' lang='grc' dir='ltr'><strong><em>τι</em></strong></span> <span class='ocrx_word' id='word_1_144' title='bbox 325 2318 430 2390; x_wconf 77' lang='grc' dir='ltr'><strong><em>καλὸν</em></strong></span> <span class='ocrx_word' id='word_1_145' title='bbox 446 2316 468 2409; x_wconf 85' lang='grc' dir='ltr'><strong><em>ἡ</em></strong></span> <span class='ocrx_word' id='word_1_146' title='bbox 482 2319 611 2409; x_wconf 88' lang='grc' dir='ltr'><strong><em>σεμνόν</em></strong></span> <span class='ocrx_word' id='word_1_147' title='bbox 624 2326 886 2409; x_wconf 87' lang='grc' dir='ltr'><strong><em>διαπέπρακται,</em></strong></span> <span class='ocrx_word' id='word_1_148' title='bbox 908 2329 1013 2391; x_wconf 88' lang='grc' dir='ltr'><strong><em>ταῦτα</em></strong></span> <span class='ocrx_word' id='word_1_149' title='bbox 1028 2321 1066 2391; x_wconf 74' lang='grc' dir='ltr'><strong><em>δέ</em></strong></span> <span class='ocrx_word' id='word_1_150' title='bbox 1078 2330 1239 2411; x_wconf 88' lang='grc' dir='ltr'><strong><em>παραλεί-</em></strong></span> 
     </span>
     <span class='ocr_line' id='line_1_21' title="bbox 278 2416 1239 2510; baseline -0.003 -19"><span class='ocrx_word' id='word_1_151' title='bbox 278 2446 364 2491; x_wconf 88' lang='grc' dir='ltr'><strong><em>πειν.</em></strong></span> <span class='ocrx_word' id='word_1_152' title='bbox 386 2426 477 2491; x_wconf 82' lang='grc' dir='ltr'><strong><em>ἔσται</em></strong></span> <span class='ocrx_word' id='word_1_153' title='bbox 490 2419 550 2491; x_wconf 91' lang='grc' dir='ltr'><strong><em>δ’ὁ</em></strong></span> <span class='ocrx_word' id='word_1_154' title='bbox 563 2422 662 2510; x_wconf 90' lang='grc' dir='ltr'><strong><em>λόγος</em></strong></span> <span class='ocrx_word' id='word_1_155' title='bbox 673 2422 752 2491; x_wconf 89' lang='grc' dir='ltr'><strong><em>οῦτε</em></strong></span> <span class='ocrx_word' id='word_1_156' title='bbox 762 2418 891 2509; x_wconf 81' lang='grc' dir='ltr'><strong><em>μακρὸς</em></strong></span> <span class='ocrx_word' id='word_1_157' title='bbox 902 2416 1159 2509; x_wconf 78' lang='grc' dir='ltr'><strong><em>οὔτ’άνωφελής</em></strong></span> <span class='ocrx_word' id='word_1_158' title='bbox 1168 2433 1239 2499; x_wconf 75' lang='grc' dir='ltr'><strong><em>τοῖς</em></strong></span> 
     </span>
     <span class='ocr_line' id='line_1_22' title="bbox 230 2514 1239 2610; baseline -0.007 -17"><span class='ocrx_word' id='word_1_159' title='bbox 230 2537 263 2593; x_wconf 74' lang='grc' dir='ltr'><strong><em>θλ</em></strong></span> <span class='ocrx_word' id='word_1_160' title='bbox 278 2517 474 2589; x_wconf 86' lang='grc' dir='ltr'><strong><em>άιιούουσιν.</em></strong></span> <span class='ocrx_word' id='word_1_161' title='bbox 503 2520 592 2610; x_wconf 61' lang='grc' dir='ltr'><strong><em>(κζ.)</em></strong></span> <span class='ocrx_word' id='word_1_162' title='bbox 608 2518 738 2609; x_wconf 81' lang='grc' dir='ltr'><strong><em>Ἐπειδή</em></strong></span> <span class='ocrx_word' id='word_1_163' title='bbox 754 2517 820 2607; x_wconf 79' lang='grc' dir='ltr'><strong><em>γάρ</em></strong></span> <span class='ocrx_word' id='word_1_164' title='bbox 834 2517 893 2599; x_wconf 79' lang='grc' dir='ltr'><strong><em>τὰς</em></strong></span> <span class='ocrx_word' id='word_1_165' title='bbox 907 2528 991 2599; x_wconf 86' lang='grc' dir='ltr'><strong><em>ναῦς</em></strong></span> <span class='ocrx_word' id='word_1_166' title='bbox 1005 2516 1065 2599; x_wconf 75' lang='grc' dir='ltr'><strong><em>τὰς</em></strong></span> <span class='ocrx_word' id='word_1_167' title='bbox 1078 2514 1239 2606; x_wconf 82' lang='grc' dir='ltr'><strong><em>περλἙλ-</em></strong></span> 
     </span>
     <span class='ocr_line' id='line_1_23' title="bbox 277 2618 1239 2709; baseline -0.005 -20"><span class='ocrx_word' id='word_1_168' title='bbox 277 2619 468 2709; x_wconf 89' lang='grc' dir='ltr'><strong><em>λήσποντον</em></strong></span> <span class='ocrx_word' id='word_1_169' title='bbox 482 2618 718 2707; x_wconf 75' lang='grc' dir='ltr'><strong><em>ἀπωλέσαμεν,</em></strong></span> <span class='ocrx_word' id='word_1_170' title='bbox 739 2624 794 2689; x_wconf 81' lang='grc' dir='ltr'><strong><em>καὶ</em></strong></span> <span class='ocrx_word' id='word_1_171' title='bbox 807 2634 879 2700; x_wconf 80' lang='grc' dir='ltr'><strong><em>ταῖς</em></strong></span> <span class='ocrx_word' id='word_1_172' title='bbox 893 2634 1083 2708; x_wconf 76' lang='grc' dir='ltr'><strong><em>συμφοραῖς</em></strong></span> <span class='ocrx_word' id='word_1_173' title='bbox 1096 2621 1239 2694; x_wconf 72' lang='grc' dir='ltr'><strong><em>ἐκείναις</em></strong></span> 
     </span>
     <span class='ocr_line' id='line_1_24' title="bbox 276 2714 1239 2807; baseline -0.005 -18"><span class='ocrx_word' id='word_1_174' title='bbox 276 2717 407 2807; x_wconf 79' lang='grc' dir='ltr'><strong><em>ἡπόλις</em></strong></span> <span class='ocrx_word' id='word_1_175' title='bbox 416 2722 602 2806; x_wconf 82' lang='grc' dir='ltr'><strong><em>περιέπεσε,</em></strong></span> <span class='ocrx_word' id='word_1_176' title='bbox 616 2726 667 2800; x_wconf 90' lang='grc' dir='ltr'><strong><em>τίς</em></strong></span> <span class='ocrx_word' id='word_1_177' title='bbox 677 2716 742 2788; x_wconf 83' lang='grc' dir='ltr'><strong><em>οῦκ</em></strong></span> <span class='ocrx_word' id='word_1_178' title='bbox 751 2718 822 2787; x_wconf 81' lang='grc' dir='ltr'><strong><em>οἶδε</em></strong></span> <span class='ocrx_word' id='word_1_179' title='bbox 831 2726 900 2787; x_wconf 79' lang='grc' dir='ltr'><strong><em>τῶν</em></strong></span> <span class='ocrx_word' id='word_1_180' title='bbox 910 2722 1148 2807; x_wconf 84' lang='grc' dir='ltr'><strong><em>πρεσβυτέραν</em></strong></span> <span class='ocrx_word' id='word_1_181' title='bbox 1157 2714 1239 2796; x_wconf 87' lang='grc' dir='ltr'><strong><em>τούς</em></strong></span> 
     </span>
     <span class='ocr_line' id='line_1_25' title="bbox 277 2813 1238 2905; baseline -0.003 -21"><span class='ocrx_word' id='word_1_182' title='bbox 277 2817 340 2905; x_wconf 68' lang='grc' dir='ltr'><strong><em>μέν</em></strong></span> <span class='ocrx_word' id='word_1_183' title='bbox 360 2814 562 2905; x_wconf 86' lang='grc' dir='ltr'><strong><em>δημοτικούς</em></strong></span> <span class='ocrx_word' id='word_1_184' title='bbox 582 2821 812 2904; x_wconf 80' lang='grc' dir='ltr'><strong><em>καλουμένους</em></strong></span> <span class='ocrx_word' id='word_1_185' title='bbox 827 2820 980 2903; x_wconf 76' lang='grc' dir='ltr'><strong><em>ἑτοίμους</em></strong></span> <span class='ocrx_word' id='word_1_186' title='bbox 999 2815 1099 2896; x_wconf 83' lang='grc' dir='ltr'><strong><em>ὄντας</em></strong></span> <span class='ocrx_word' id='word_1_187' title='bbox 1120 2813 1238 2883; x_wconf 84' lang='grc' dir='ltr'><strong><em>ὁτιοῦν</em></strong></span> 
     </span>
     <span class='ocr_line' id='line_1_26' title="bbox 277 2911 1238 3003; baseline -0.004 -20"><span class='ocrx_word' id='word_1_188' title='bbox 277 2913 417 2999; x_wconf 84' lang='grc' dir='ltr'><strong><em>πάσχειν</em></strong></span> <span class='ocrx_word' id='word_1_189' title='bbox 437 2911 523 2997; x_wconf 70' lang='grc' dir='ltr'><strong><em>ὑπὲρ</em></strong></span> <span class='ocrx_word' id='word_1_190' title='bbox 536 2922 599 2982; x_wconf 88' lang='grc' dir='ltr'><strong><em>τοῦ</em></strong></span> <span class='ocrx_word' id='word_1_191' title='bbox 612 2912 657 3003; x_wconf 87' lang='grc' dir='ltr'><strong><em>μή</em></strong></span> <span class='ocrx_word' id='word_1_192' title='bbox 674 2912 836 2984; x_wconf 75' lang='grc' dir='ltr'><strong><em>ποιεῖντὸ</em></strong></span> <span class='ocrx_word' id='word_1_193' title='bbox 851 2913 1159 3000; x_wconf 87' lang='grc' dir='ltr'><strong><em>προσταττόμενον,</em></strong></span> <span class='ocrx_word' id='word_1_194' title='bbox 1182 2914 1238 2979; x_wconf 66' lang='lat' dir='ltr'><strong><em>aaz</em></strong></span> 
     </span>
     <span class='ocr_line' id='line_1_27' title="bbox 277 3008 1263 3100; baseline -0.004 -20"><span class='ocrx_word' id='word_1_195' title='bbox 277 3008 392 3081; x_wconf 88' lang='grc' dir='ltr'><strong><em>δεινόν</em></strong></span> <span class='ocrx_word' id='word_1_196' title='bbox 411 3009 639 3100; x_wconf 81' lang='grc' dir='ltr'><strong><em>ἡγουμένους,</em></strong></span> <span class='ocrx_word' id='word_1_197' title='bbox 664 3024 697 3083; x_wconf 80' lang='grc' dir='ltr'><strong><em>ελ</em></strong></span> <span class='ocrx_word' id='word_1_198' title='bbox 705 3040 755 3093; x_wconf 88' lang='grc' dir='ltr'><strong><em>τις</em></strong></span> <span class='ocrx_word' id='word_1_199' title='bbox 770 3012 887 3094; x_wconf 76' lang='grc' dir='ltr'><strong><em>ὀφεται</em></strong></span> <span class='ocrx_word' id='word_1_200' title='bbox 901 3011 964 3100; x_wconf 87' lang='grc' dir='ltr'><strong><em>τὴν</em></strong></span> <span class='ocrx_word' id='word_1_201' title='bbox 978 3012 1078 3082; x_wconf 82' lang='grc' dir='ltr'><strong><em>πόλιν</em></strong></span> <span class='ocrx_word' id='word_1_202' title='bbox 1090 3009 1155 3100; x_wconf 83' lang='grc' dir='ltr'><strong><em>τήν</em></strong></span> <span class='ocrx_word' id='word_1_203' title='bbox 1167 3018 1263 3079; x_wconf 81' lang='grc' dir='ltr'><strong><em>τῶνε</em></strong></span> 
     </span>
    </p>
   </div>
   <div class='ocr_carea' id='block_1_3' title="bbox 225 3104 1305 3700">
    <p class='ocr_par' dir='ltr' id='par_1_3' title="bbox 270 3104 1238 3300">
     <span class='ocr_line' id='line_1_28' title="bbox 270 3104 1238 3200; baseline -0.003 -21"><span class='ocrx_word' id='word_1_204' title='bbox 270 3106 441 3198; x_wconf 79' lang='grc' dir='ltr'><strong><em>Ἑλλήνων</em></strong></span> <span class='ocrx_word' id='word_1_205' title='bbox 454 3108 614 3199; x_wconf 76' lang='grc' dir='ltr'><strong><em>άρξασαν,</em></strong></span> <span class='ocrx_word' id='word_1_206' title='bbox 629 3113 758 3199; x_wconf 88' lang='grc' dir='ltr'><strong><em>ταύτην</em></strong></span> <span class='ocrx_word' id='word_1_207' title='bbox 767 3107 831 3200; x_wconf 78' lang='grc' dir='ltr'><strong><em>ὑφ’</em></strong></span> <span class='ocrx_word' id='word_1_208' title='bbox 843 3114 966 3200; x_wconf 84' lang='grc' dir='ltr'><strong><em>έτέροις</em></strong></span> <span class='ocrx_word' id='word_1_209' title='bbox 976 3104 1095 3197; x_wconf 87' lang='grc' dir='ltr'><strong><em>οῦσαν,</em></strong></span> <span class='ocrx_word' id='word_1_210' title='bbox 1108 3105 1190 3187; x_wconf 87' lang='grc' dir='ltr'><strong><em>τοῦς</em></strong></span> <span class='ocrx_word' id='word_1_211' title='bbox 1201 3110 1238 3176; x_wconf 72' lang='grc' dir='ltr'><strong><em>δὲ</em></strong></span> 
     </span>
     <span class='ocr_line' id='line_1_29' title="bbox 275 3208 1236 3300; baseline -0.002 -20"><span class='ocrx_word' id='word_1_212' title='bbox 275 3217 334 3300; x_wconf 84' lang='grc' dir='ltr'><strong><em>τῆς</em></strong></span> <span class='ocrx_word' id='word_1_213' title='bbox 353 3208 544 3297; x_wconf 87' lang='grc' dir='ltr'><strong><em>ὀλιγαρχίας</em></strong></span> <span class='ocrx_word' id='word_1_214' title='bbox 564 3213 840 3300; x_wconf 79' lang='grc' dir='ltr'><strong><em>ἐπιθυμήσαντας</em></strong></span> <span class='ocrx_word' id='word_1_215' title='bbox 862 3215 998 3300; x_wconf 75' lang='grc' dir='ltr'><strong><em>ἑτοίμως</em></strong></span> <span class='ocrx_word' id='word_1_216' title='bbox 1017 3212 1072 3282; x_wconf 85' lang='grc' dir='ltr'><strong><em>καλ</em></strong></span> <span class='ocrx_word' id='word_1_217' title='bbox 1091 3208 1132 3279; x_wconf 81' lang='grc' dir='ltr'><strong><em>τά</em></strong></span> <span class='ocrx_word' id='word_1_218' title='bbox 1148 3216 1236 3295; x_wconf 88' lang='grc' dir='ltr'><strong><em>τείχη</em></strong></span> 
     </span>
    </p>

    <p class='ocr_par' dir='ltr' id='par_1_4' title="bbox 225 3307 1305 3700">
     <span class='ocr_line' id='line_1_30' title="bbox 225 3307 1237 3400; baseline -0.005 -21"><span class='ocrx_word' id='word_1_219' title='bbox 225 3321 261 3379; x_wconf 74' lang='grc'><strong><em>65</em></strong></span> <span class='ocrx_word' id='word_1_220' title='bbox 275 3316 525 3397; x_wconf 80' lang='grc' dir='ltr'><strong><em>καθαιροῦντος</em></strong></span> <span class='ocrx_word' id='word_1_221' title='bbox 534 3313 589 3379; x_wconf 85' lang='grc' dir='ltr'><strong><em>καλ</em></strong></span> <span class='ocrx_word' id='word_1_222' title='bbox 597 3307 661 3398; x_wconf 85' lang='grc' dir='ltr'><strong><em>τήν</em></strong></span> <span class='ocrx_word' id='word_1_223' title='bbox 670 3314 829 3382; x_wconf 88' lang='grc' dir='ltr'><strong><em>δουλείαν</em></strong></span> <span class='ocrx_word' id='word_1_224' title='bbox 838 3309 1085 3400; x_wconf 74' lang='grc' dir='ltr'><strong><em>ῦπαμένονταςς</em></strong></span> <span class='ocrx_word' id='word_1_225' title='bbox 1096 3312 1152 3380; x_wconf 79' lang='grc' dir='ltr'><strong><em>καί</em></strong></span> <span class='ocrx_word' id='word_1_226' title='bbox 1160 3309 1237 3378; x_wconf 86' lang='grc' dir='ltr'><strong><em>τότε</em></strong></span> 
     </span>
     <span class='ocr_line' id='line_1_31' title="bbox 274 3405 1237 3502; baseline 0.012 -24"><span class='ocrx_word' id='word_1_227' title='bbox 274 3415 353 3499; x_wconf 75' lang='grc' dir='ltr'><strong><em>μέν,</em></strong></span> <span class='ocrx_word' id='word_1_228' title='bbox 369 3409 425 3481; x_wconf 83' lang='grc' dir='ltr'><strong><em>ὅτε</em></strong></span> <span class='ocrx_word' id='word_1_229' title='bbox 438 3407 476 3480; x_wconf 86' lang='grc' dir='ltr'><strong><em>τό</em></strong></span> <span class='ocrx_word' id='word_1_230' title='bbox 492 3418 623 3500; x_wconf 84' lang='grc' dir='ltr'><strong><em>πλῆθος</em></strong></span> <span class='ocrx_word' id='word_1_231' title='bbox 635 3405 680 3500; x_wconf 89' lang='grc' dir='ltr'><strong><em>ἡν</em></strong></span> <span class='ocrx_word' id='word_1_232' title='bbox 694 3414 817 3500; x_wconf 91' lang='grc' dir='ltr'><strong><em>κύριον</em></strong></span> <span class='ocrx_word' id='word_1_233' title='bbox 830 3421 900 3483; x_wconf 86' lang='grc' dir='ltr'><strong><em>τῦν</em></strong></span> <span class='ocrx_word' id='word_1_234' title='bbox 912 3415 1137 3502; x_wconf 80' lang='grc' dir='ltr'><strong><em>πραγμάτων,</em></strong></span> <span class='ocrx_word' id='word_1_235' title='bbox 1150 3409 1237 3499; x_wconf 66' lang='grc' dir='ltr'><strong><em>ἡμᾶς</em></strong></span> 
     </span>
     <span class='ocr_line' id='line_1_32' title="bbox 273 3507 1305 3601; baseline -0.001 -22"><span class='ocrx_word' id='word_1_236' title='bbox 273 3508 333 3591; x_wconf 83' lang='grc' dir='ltr'><strong><em>τάς</em></strong></span> <span class='ocrx_word' id='word_1_237' title='bbox 345 3517 414 3580; x_wconf 80' lang='grc' dir='ltr'><strong><em>τῶν</em></strong></span> <span class='ocrx_word' id='word_1_238' title='bbox 427 3509 541 3580; x_wconf 84' lang='grc' dir='ltr'><strong><em>άλλων</em></strong></span> <span class='ocrx_word' id='word_1_239' title='bbox 555 3508 754 3599; x_wconf 85' lang='grc' dir='ltr'><strong><em>άκροπόλεις</em></strong></span> <span class='ocrx_word' id='word_1_240' title='bbox 764 3520 1017 3601; x_wconf 90' lang='grc' dir='ltr'><strong><em>φρουροῦντας,</em></strong></span> <span class='ocrx_word' id='word_1_241' title='bbox 1032 3509 1145 3600; x_wconf 77' lang='grc' dir='ltr'><strong><em>ἐπειδή</em></strong></span> <span class='ocrx_word' id='word_1_242' title='bbox 1159 3507 1190 3577; x_wconf 91' lang='grc' dir='ltr'><strong><em>δ’</em></strong></span> <span class='ocrx_word' id='word_1_243' title='bbox 1204 3511 1240 3577; x_wconf 82' lang='grc' dir='ltr'><strong><em>ολ</em></strong></span> <span class='ocrx_word' id='word_1_244' title='bbox 1256 3522 1305 3578; x_wconf 76' lang='grc' dir='ltr'><strong><em>ισλ</em></strong></span> 
     </span>
     <span class='ocr_line' id='line_1_33' title="bbox 272 3607 1236 3700; baseline 0.005 -22"><span class='ocrx_word' id='word_1_245' title='bbox 272 3608 455 3694; x_wconf 83' lang='grc' dir='ltr'><strong><em>τριάκοντα</em></strong></span> <span class='ocrx_word' id='word_1_246' title='bbox 469 3616 661 3700; x_wconf 79' lang='grc' dir='ltr'><strong><em>παρέλαβον</em></strong></span> <span class='ocrx_word' id='word_1_247' title='bbox 674 3607 738 3698; x_wconf 84' lang='grc' dir='ltr'><strong><em>τήν</em></strong></span> <span class='ocrx_word' id='word_1_248' title='bbox 753 3617 935 3691; x_wconf 84' lang='grc' dir='ltr'><strong><em>πολιτείαν,</em></strong></span> <span class='ocrx_word' id='word_1_249' title='bbox 959 3608 1040 3686; x_wconf 88' lang='grc' dir='ltr'><strong><em>τοῦς</em></strong></span> <span class='ocrx_word' id='word_1_250' title='bbox 1055 3614 1236 3695; x_wconf 75' lang='grc' dir='ltr'><strong><em>πολεμίους</em></strong></span> 
     </span>
    </p>
   </div>
   <div class='ocr_carea' id='block_1_4' title="bbox 0 0 1434 4334">
    <p class='ocr_par' dir='ltr' id='par_1_5' title="bbox 0 0 1434 4334">
     <span class='ocr_line' id='line_1_34' title="bbox 0 0 1434 4334; baseline 0 3"><span class='ocrx_word' id='word_1_251' title='bbox 0 0 1434 4334; x_wconf 95' lang='lat' dir='ltr'><strong><em> </em></strong></span> 
     </span>
    </p>
   </div>
  </div>
 </body>
</html>
