2859 4334
313 383 377 446 κιο
598 387 916 446 ιῑοκνκνονε
937 390 1001 464 (τι)

314 547 351 613 ἐκ
363 547 525 633 βασάνων
546 544 624 633 μήτ’
648 551 684 613 ἐκ
705 546 889 630 μαρτύρων
905 543 979 613 οἶόν
994 543 1024 613 τ’
1042 546 1126 615 εἶναι
1141 557 1268 634 γνῶναι

315 647 389 727 περὶ
404 641 528 727 αὐτῶν,
552 642 627 714 ἀλλ’
647 643 778 730 ἀνάγκη
795 647 830 711 ἐκ
845 654 1032 731 τεκμηρίων
1050 650 1105 716 καὶ
1117 645 1205 734 ἡμᾶς
1221 655 1250 716 δι

315 743 452 811 δάσκειν
464 743 521 813 καί
531 741 620 831 ἀμᾶς
630 741 784 829 δικάζειν,
794 741 949 830 ὁπότεροι
956 739 1087 830 τάληθῆ
1100 750 1269 832 λέγουσιν.

282 858 299 909 5
400 842 466 926 (ε’.)
489 841 590 929 Οἶμαι
604 840 645 929 δη
661 840 790 920 πάντας
803 845 936 926 είδέναι,
951 843 1002 911 ὅτι
1012 839 1155 930 μάλιστα
1168 868 1270 912 συκο-

315 956 455 1028 φαντεῑν
470 944 694 1029 ἐπιχειροῦσιν
708 946 743 1009 οί
755 943 866 1026 λέγειν
880 943 942 1027 μὲν
956 945 1071 1027 δεινολ,
1083 949 1217 1028 ἔχοντες
1234 943 1268 1009 δὲ

314 1043 437 1129 μηδὲν,
451 1040 530 1120 τοῦς
546 1040 737 1120 ἀδυνάτους
752 1043 815 1127 μὲν
837 1047 958 1126 εἰπεῖν,
979 1039 1119 1118 ίκανοῦς
1133 1043 1171 1108 δὲ
1188 1043 1269 1126 χρή·
1284 1055 1319 1104 εοι

314 1167 400 1227 ματα
414 1149 531 1208 τελεῖν.
555 1145 677 1218 Νικίας
694 1147 812 1208 τοίνυν
823 1138 988 1207 Εὐθύνου
999 1148 1100 1209 πλείω
1115 1143 1181 1226 μὲν
1194 1147 1268 1226 ἔχει,

312 1234 730 1328 ἦττονδὲδῦναταιλέγειν·
740 1238 823 1308 ὥστε
831 1237 969 1308 οῦκέστι
977 1236 1015 1306 δι’
1023 1235 1269 1328 ὅτιάνέπήρθη

277 1361 294 1412 6
311 1337 434 1418 ἀδίκως
445 1336 497 1407 ἐπ’
513 1338 701 1409 Εὐθύνοον
715 1343 837 1408 ἐλθεῖν.
862 1334 945 1406 ἀλλά
960 1334 1029 1424 μὴν
1046 1340 1100 1406 καὶ
1116 1341 1148 1418 ἐξ
1165 1338 1269 1407 αὐτοῦ

314 1439 357 1508 ἀν
376 1467 426 1518 τις
445 1447 505 1507 τοῦ
526 1440 718 1526 πράγματος
731 1447 845 1526 γνοίη,
865 1436 915 1506 ὄτι
931 1435 1018 1505 πολύ
1033 1445 1163 1553 μᾶλλομ
1184 1437 1269 1516 είκός

315 1530 358 1624 ἦν
371 1537 556 1606 Εῦθύνονν
566 1540 742 1625 λαβόντα’
725 1565 740 1605 ε
742 1545 936 1623 ξαρνεῖσθαι
945 1531 1098 1622 ἢΝικίαν
1109 1564 1155 1622 μη
1145 1536 1269 1604 δόντα

315 1643 494 1735 αίτιάσθαι.
526 1637 683 1724 δῆλον
643 1666 721 1724 γαρ,
738 1637 789 1706 ὅτι
804 1639 926 1714 πάντες
942 1639 1116 1719 κέρδους“
1095 1663 1174 1704 ενεκ
1173 1634 1270 1704 ’ἀδι-

315 1729 442 1804 καῦσιν.
473 1763 492 1802 ο
492 1730 640 1824 ίμὲν
598 1763 662 1804 ουν
680 1735 942 1820 ἀποστεροῦντες
966 1760 1078 1818 ωυπερ
1095 1736 1173 1801 ἕνεκ
1172 1733 1270 1801 ’ἀδι-

315 1843 435 1903 κοῦσιν
470 1842 620 1922 ἔχουσιν,
635 1841 670 1905 οί
680 1835 714 1903 δ’
730 1837 949 1920 ἐγκαλοῦντες
962 1830 1037 1899 οὐδ’
1056 1837 1087 1900 εί
1101 1832 1292 1918 λήψεσθαιλ)

282 1959 297 2014 η
314 1938 493 2019 μέλλουσιν
509 1944 629 2002 ίσασιν.
672 1936 736 2016 (ζ’.)
751 1930 843 2018 Πρὸς
862 1937 898 2000 δὲ
912 1933 1060 2017 τούτοις,
1080 1929 1270 2000 ἀκαταστά-

314 2059 378 2109 τως
399 2033 543 2117 ἐχόντων
562 2039 630 2102 τῶν
648 2036 686 2101 ἐν
705 2041 746 2121 τῇ
766 2033 860 2101 πόλει
878 2033 930 2099 καί
948 2035 1052 2098 δικῶν
1072 2027 1136 2097 οῦκ
1157 2028 1269 2097 οὐσῶν

315 2139 361 2221 τῷ
374 2131 437 2217 μὲν
457 2131 557 2200 οὐδὲν
577 2122 620 2218 ἦν
636 2135 740 2201 πλέον
762 2135 974 2218 ἐγκαλοῦντι,
997 2138 1042 2220 τῷ
1058 2132 1093 2198 δὲ
1109 2129 1214 2198 οὐδὲν
1227 2123 1270 2216 ἦν

316 2235 389 2309 δέος
409 2229 660 2314 ἀποστεροῦντι.
700 2231 784 2299 ὥστε
809 2228 950 2316 τὸνμὲν
976 2228 1077 2298 οῦδὲν
1104 2223 1149 2316 ἦν
1180 2241 1270 2298 θαυ-

315 2325 459 2415 μαστῦν,
495 2328 550 2397 ὅτε
576 2333 630 2398 καί
663 2337 696 2399 οί
718 2328 799 2417 μετά
825 2329 1008 2416 μαρτύρων
1034 2331 1269 2415 δανεισάμενοι

317 2430 533 2514 ἐξηρνοῦντο,
555 2429 628 2496 τότε
649 2426 790 2514 ἀμόνος
806 2425 896 2510 παρά
913 2429 1022 2513 μόνον
1043 2435 1164 2516 ἐλαβεν
1185 2428 1271 2497 ἀπο-

315 2533 487 2613 στερῆσαι·
501 2525 560 2594 τδν
574 2527 608 2594 δ’
618 2527 681 2596 οῦκ
693 2525 791 2615 είκός,
804 2527 858 2596 ὅτε
870 2524 943 2596 οὐδ’
959 2523 1008 2606 οἷς
1018 2533 1154 2607 δικαίως
1166 2528 1272 2615 ἀφεί-

316 2634 390 2692 λετο
407 2619 481 2692 οἷόν
495 2623 526 2692 τ’
546 2619 590 2711 ἦν
604 2629 821 2711 πράττεσθαι,
836 2627 910 2694 τότε
928 2625 1050 2705 ἀδίκως
1063 2629 1294 2714 ἐγκαλοῦντας

316 2731 452 2792 οἴεσθαί
470 2752 501 2791 τι
517 2727 693 2811 λήψεσθαι.

281 2849 299 2900 s
398 2824 471 2909 ιη’.)
485 2821 556 2892 Ἔτι
581 2823 614 2890 δ’
635 2831 666 2893 εί
683 2826 737 2892 καὶ
760 2823 865 2909 μηδὲν
879 2820 983 2890 αὐτὸν
998 2824 1164 2906 ἐκώλυεν,
1185 2823 1271 2893 ἀλλά

317 2925 371 2989 καὶ
386 2925 464 3010 ἐξῆν
490 2928 544 2992 καὶ
570 2925 725 3011 ἐβούλετο
742 2936 984 3007 συκοφαντεῖν,
1012 2919 1056 3000 ὡς
1078 2920 1140 2990 οῦκ
1156 2918 1202 2989 ἀν
1218 2924 1271 2990 ἐπ’

317 3018 507 3088 Εὐθύνοον
533 3017 636 3109 ἦλθε,
665 3024 785 3111 ῥηίδιον
811 3029 949 3107 γνῶναι.
984 3027 1017 3090 σί
1040 3019 1105 3106 γάρ
1131 3032 1271 3090 τοιαῦτα

316 3120 474 3202 πράττειν
489 3122 733 3207 ἐπιθυμοῦντες
744 3119 806 3187 οῦκ
819 3119 883 3186 ἀπὸ
896 3129 965 3187 ταῖν
983 3129 1092 3205 φίλων
1110 3119 1269 3208 ἄρχονται

316 3217 399 3286 ἀλλά
415 3218 496 3304 μετά
511 3221 641 3287 τούτων
656 3224 706 3287 ἐπὶ
719 3219 797 3298 τοῦς
809 3219 933 3299 ἀλλους
944 3226 1105 3306 ἔρχονται,
1122 3223 1174 3290 καὶ
1188 3225 1269 3290 τοῦ·

317 3345 383 3395 τοις
404 3320 620 3404 ἐγκαλοῦσιν,
648 3317 708 3397 οῦς
726 3316 769 3388 ἀν
783 3317 861 3406 μήτ’
876 3322 1098 3446 αἰσχύνωνται
1113 3323 1196 3435 μήτε
1213 3327 1270 3390 δε-

316 3421 428 3501 δίωσι,
449 3417 503 3484 καλ
518 3413 577 3496 οῦς
591 3413 635 3485 ἀν
650 3416 751 3504 ὁρωσι
768 3426 950 3496 πλουσίους
965 3424 1044 3505 μὲν,
1066 3419 1211 3507 ἐρήμους
1235 3421 1271 3488 δὲ

281 3520 370 3584 ’λκαί
390 3513 579 3595 ἀδυνάτους
600 3518 767 3601 πράττειν.
804 3521 880 3602 (θ.)
908 3519 1058 3588 Εὐθύνω
1075 3530 1194 3596 τοίνυν
1208 3520 1266 3588 τά·
1278 3527 1291 3579 d

316 3621 432 3682 ιαντία
442 3617 573 3681 τούτων
586 3614 742 3701 ὑπάρχει
759 3615 898 3695 ἀνεψιὰς
908 3615 974 3702 γάρ
989 3646 1037 3685 ων
1049 3627 1174 3686 Νικίου
1185 3646 1266 3703 τνγ-
1345 3635 1346 3674 ἰ

1345 3717 1346 3760 ι
