2859 4334
434 414 856 476 ΠΝΑΑΘΗΝΑΙΚΟΣ.
1077 408 1119 473 45

166 577 369 659 παρέδωκεν,
385 569 447 641 ούκ
462 578 535 659 ἐχω,
550 579 643 651 τίνας
657 574 815 649 ἐπαίνους
831 568 934 640 είπύν
948 568 1061 651 ἀξίους
1075 566 1118 638 ἀν

167 685 238 759 είην
259 670 400 759 είρηκδς
419 680 475 759 τῆς
496 675 634 740 ἐκείνων
657 675 813 749 διανοίας.
847 673 968 749 ολτινες
989 669 1119 753 ἀπειροι

166 778 341 841 πολιτειῶν
363 769 472 857 ὄντες,
500 768 543 837 ού
560 771 742 857 διήμαρτον
764 769 958 855 αἱρούμενοι
973 778 1030 853 τῆς
1051 767 1147 837 ὑπδδ

166 870 301 938 πάντων
314 865 358 937 ἀν
373 866 635 955 ὁμολογηθείσης
649 866 690 935 ού
705 868 813 953 μόνον
827 866 912 937 εἶναι
926 869 1118 956 κοινοτάτης

166 974 221 1039 καὶ
247 969 454 1053 δικαιοτάτης
477 966 635 1036 ἀλλὰκαὶ
658 968 921 1055 σνμφορωτάτης
943 968 1044 1036 άπασι
1066 973 1121 1036 καὶ

103 1084 146 1138 131
166 1084 234 1149 τοίς
249 1070 430 1155 χρωμένοις
445 1067 588 1154 ἡδίστης.
612 1067 853 1152 κατεστήσαντο
871 1065 935 1153 γάρ
951 1073 1121 1154 δημοκρα-

167 1176 243 1236 τίαν
260 1165 302 1235 ού
317 1166 379 1254 τήν
401 1174 472 1257 είκή
489 1170 750 1252 πολιτευομένην
771 1167 825 1233 καὶ
846 1172 1045 1251 νομίζουσαν
1059 1166 1121 1253 τήν

167 1274 229 1354 μὲν
242 1266 424 1335 ἀκολασίαν
439 1269 637 1349 ἐλευθερίαν
652 1263 752 1347 εἶναι,
769 1263 830 1349 τήν
846 1262 876 1330 δ’
892 1268 1043 1343 ἐξουσίαν
1056 1262 1075 1331 ὅ
1089 1293 1120 1331 τι

166 1365 325 1454 βούλεταί
341 1392 391 1443 τις
411 1380 520 1433 ποιεῖν
542 1360 775 1450 εὐδαιμονίαν,
797 1361 880 1431 ἀλλά
897 1364 957 1449 τήν
971 1378 1121 1442 τοίςτοι-

167 1466 279 1543 ούτοις
295 1466 356 1549 μὲν
376 1467 593 1550 ἐπιτιμωσαν,
616 1461 848 1551 ἀριστοκρατίᾳ
872 1466 908 1529 δὲ
929 1466 1146 1549 χρωμένηνρ

166 1561 211 1651 ήν
225 1568 259 1631 οί
271 1563 333 1649 μὲν
345 1566 460 1631 πολλοὶ
473 1562 728 1649 χρησιμωτάτην
741 1555 849 1629 οὖσαν
861 1562 972 1646 ὥσπερ
983 1562 1044 1649 τήν
1055 1561 1120 1630 ἀπὸ

167 1671 236 1731 τῶν
248 1661 442 1748 τιμημάτων
457 1665 494 1729 ἐν
508 1677 578 1741 ταῖς
593 1668 772 1739 πολιτείαις
786 1659 1002 1747 ἀριθμοῦσιν,
1019 1658 1060 1729 ού
1076 1658 1120 1727 δι’

167 1759 318 1848 ἀμαθίαν
336 1758 554 1847 ἀγνοοῦντες,
573 1758 657 1830 ἀλλά
673 1757 728 1827 διά
745 1758 781 1826 τό
796 1764 901 1847 μηδὲν
917 1759 1042 1827 πώποτ’
1060 1759 1122 1830 αύ-

101 1878 150 1930 131
165 1876 235 1939 τοῖς
255 1867 393 1946 μελῆσαι
416 1869 483 1927 τῶν
504 1860 658 1929 δεόντων.
699 1859 794 1946 (νβ’.)
814 1857 894 1946 Ἐμοὶ
913 1862 948 1928 δὲ
967 1864 1051 1945 φημὶ
1066 1859 1124 1938 τάς

167 1962 230 2048 μὲν
241 1962 330 2038 ίδίας
339 1968 407 2027 των
419 1968 594 2028 πολιτειῶν
603 1974 690 2045 τρεῖς
698 1957 782 2026 εἶναι
793 1958 909 2045 μόνας,
917 1955 1119 2045 ὀλιγαρχίαν,

168 2065 409 2147 δημοκρατίαν,
433 2067 635 2146 μοναρχίαν,
654 2066 721 2126 τῶν
737 2055 768 2125 δ’
785 2060 822 2125 ἐν
836 2056 970 2135 ταύταις
985 2059 1121 2126 οίκούν·
1140 2078 1188 2131 1611

167 2188 238 2228 των
252 2159 325 2228 ὅσοι
342 2162 403 2244 μὲν
420 2160 582 2228 είοόθασιν
597 2161 648 2227 ἐπὶ
662 2156 721 2237 τάς
736 2155 837 2242 ἀρχάς
852 2158 1053 2225 καθιστάναι
1068 2162 1122 2225 καί

167 2258 228 2339 τὰς
241 2258 342 2337 άλλας
353 2260 488 2345 πράξεις
498 2256 578 2337 τούς
592 2258 818 2335 ἱκανωτάτους
832 2264 900 2323 των
910 2264 1058 2325 πολιτῶν
1068 2262 1119 2324 καὶ

167 2358 247 2437 τούς
265 2360 444 2444 μέλλοντας
461 2356 579 2444 ἀριστα
596 2361 650 2426 καί
669 2356 860 2424 δικαιότατα
877 2362 946 2423 τῶν
968 2359 1123 2444 πραγμά·

169 2484 237 2525 των
251 2457 491 2543 ἐπιστατήσειν,
507 2458 648 2533 τούτους
659 2452 721 2540 μὲν
737 2456 772 2521 ἐν
786 2449 929 2531 ἁπάσαις
944 2468 1014 2532 ταῖς
1029 2463 1123 2521 πολι-

167 2563 271 2631 τείαις
284 2560 393 2631 καλαῖς
407 2554 555 2640 οίκήσειν
570 2556 624 2621 καί
638 2549 723 2633 πρός
738 2558 826 2634 σφᾶς
841 2548 964 2630 αύτούς
975 2549 1123 2634 καὶπρὸς

102 2670 150 2722 133
166 2649 248 2731 τούς
267 2649 407 2730 ἀλλους·
430 2650 509 2731 τούς
526 2652 561 2719 δὲ
578 2667 645 2731 τοῖς
662 2652 888 2733 θρασυτάτοις
905 2654 959 2717 καὶ
976 2677 1124 2737 πονηρο-

168 2750 280 2827 τάτοις
300 2752 351 2816 ἐπὶ
372 2756 476 2816 ταῦτα
497 2755 705 2835 χρωμένους,
731 2749 868 2815 καὶτῶν
887 2748 949 2834 μὲν
968 2758 1008 2839 πή
1028 2750 1150 2818 πόλειο

169 2846 414 2932 συμφερόντων
425 2851 530 2933 μηδὲν
542 2854 789 2933 φροντίζουσιν,
801 2845 886 2931 ὑπὲρ
897 2847 932 2914 δέ
943 2853 1001 2933 τῆς
1012 2844 1124 2915 αὑτῶν

169 2951 360 3025 πλεονεξίας
373 2949 515 3031 ἑτοίμοις
526 2938 626 3014 ούσιν
637 2943 753 3013 ὁτιοῦν
763 2944 912 3030 πάσχειν,
928 2942 986 3022 τάς
997 2945 1033 3012 δὲ
1044 2946 1124 3011 τού-

168 3069 238 3111 των
259 3044 371 3121 πόλεις
391 3042 513 3130 ὁμοίως
528 3046 724 3131 οἰκήσεσθαι
738 3058 807 3121 ταῖς
821 3050 890 3109 τῶν
904 3045 1124 3127 προεστώτων

169 3148 360 3227 πονηρίαις·
384 3140 463 3219 τούς
478 3145 513 3210 δὲ
529 3139 612 3228 μήθ’
636 3141 725 3210 οὕτω
739 3137 823 3227 μήθ’
839 3137 883 3218 ὡς
897 3142 1062 3226 πρότερον
1077 3140 1123 3210 εί·

169 3268 247 3326 πον,
261 3239 336 3311 ἀλλ’
350 3242 431 3310 όταν
442 3248 505 3329 μὲν
515 3252 687 3330 θαρρῶσι,
699 3242 837 3320 τούτους
847 3242 990 3328 μάλιστα
1000 3250 1123 3329 τιμῶν-

168 3368 228 3419 τας
242 3339 321 3419 τούς
336 3338 420 3425 πρός
433 3341 532 3428 χάριν
546 3347 719 3426 λέγοντας,
735 3339 817 3407 όταν
832 3340 867 3407 δὲ
883 3345 1055 3423 δείσωσιν,
1073 3343 1124 3409 ἐπὶ

169 3438 249 3517 τούς
268 3446 459 3526 βελτίστους
474 3443 528 3507 καὶ
550 3440 826 3526 φρονιμωτάτους
843 3439 1123 3526 καταφεύγοντας,
1136 3476 1151 3512 ο

168 3537 249 3619 τούς
274 3539 310 3605 δὲ
330 3537 505 3618 τοιούτους
526 3537 667 3619 ἐναλλὰξ
681 3540 755 3607 τοτὲ
769 3540 832 3623 μὲν
845 3552 972 3624 χεῖρον,
998 3540 1070 3608 τοτὲ
1089 3542 1124 3609 δὲ
1226 3598 1227 3601 ε

100 3657 150 3709 134
168 3642 300 3721 βέλτιον
315 3636 462 3721 πράξειν.
493 3637 587 3724 (vy'.)
605 3642 650 3705 Αί
662 3640 724 3722 μὲν
739 3628 802 3703 ούν
817 3637 937 3721 φύσεις
950 3640 1005 3704 καί
1018 3639 1122 3705 δυνά-
