2859 4334
530 439 796 492 6110062612.

364 575 452 630 Orat.
471 573 545 631 vm.
564 576 602 631 δι
621 575 714 632 Ρωοι.
734 577 773 647 (ρ.
789 579 950 646 162-206.)

295 665 490 720 ΤΙΙΟΘΕΣΙΣ
506 665 663 719 ΑΔΗΛΟῬ
680 665 759 720 ΤΟῬ
776 663 1016 718 ΓΡΑΨΛΝΤΟΣ.

222 765 401 860 Πεμφθεὶς
389 787 405 824 ο
398 766 517 856 Χάρης
534 764 809 854 καταδουλώσασθαι
824 763 878 858 τὴν
888 762 1061 854 Ἀμφίπολιν,
1079 761 1162 855 6616

158 840 330 926 νομοομένην
345 860 399 895 κατ
398 833 575 896 ’ἐκεῖνον
546 859 597 895 τον
611 836 713 910 χρόνον
727 839 776 894 καλ
790 835 862 895 καθ’
878 833 984 909 έαοτὴν
987 835 1163 924 γινομένην.

158 906 189 973 ός
205 913 262 965 τῶν
280 912 528 999 Λακεδαιμονίων
535 909 586 998 μέν
605 911 700 973 κακῶς
718 908 908 998 διακειμένων
926 906 997 979 μετά
1015 905 1052 964 τά
1070 913 1161 964 Λευκ-

156 979 240 1068 τριυά,
260 984 317 1036 τεόν
329 976 484 1068 Ἀθηναίων
499 976 528 1036 δ’
543 977 676 1037 ἀσθενῶν
691 973 842 1050 ὄντων,
808 1001 892 1044 ουτος
904 983 1027 1065 νομίζων
1041 974 1165 1064 6616666

156 1048 240 1138 οότὴν
261 1048 310 1109 ὅτε
330 1048 367 1122 66
384 1071 454 1136 ποτε
473 1054 580 1144 λαβεῖν,
598 1052 648 1108 καλ
665 1053 772 1122 μάλλον
784 1023 958 1126 60666606
975 1047 1027 1120 τὴν
1040 1045 1162 1138 ἀρχαίαν

93 1167 94 1178 .
154 1121 273 1193 δόναμιν
291 1124 474 1192 περιποιῆσαι
492 1129 550 1185 τοις
564 1117 737 1207 Ἀθηναίοις,
761 1118 929 1207 ἐπεχείρησε
942 1125 1023 1186 Χίοις
1039 1122 1091 1178 καλ
1104 1117 1162 1177 Ρο-

153 1195 219 1256 δίοις
237 1194 289 1248 καλ
307 1201 366 1256 τοῖς
383 1198 491 1256 λοιποῖς
509 1189 672 1279 συμμάχοις.
705 1165 768 1249 είτα
787 1187 929 1278 ἐπίνοι’
911 1211 964 1279 αντ
966 1190 1095 1264 ἔστησαν,
1114 1192 1164 1247 καλ

152 1260 259 1334 ἡττήθη
304 1261 320 1319 ό
343 1261 441 1332 Χάρης
464 1258 553 1327 οὕτως
575 1258 645 1320 τόστι
671 1261 772 1320 λοιπόν
795 1259 885 1319 αότόν
909 1258 1044 1350 ἀπορεῖν,
1067 1265 1098 1318 τί
1119 1265 1164 1317 δεῖ

154 1335 349 1474 2360‘266
361 1325 1002 1492 65266635’1332600‘6225662?
1016 1306 1163 1460 ‘6666

155 1473 178 1528 οί
181 1449 338 1559 Ἀθηναῖοι
356 1472 531 1563 6606666666
548 1473 654 1566 ᾔτησαν
669 1473 804 1546 σπονδάς,
817 1476 872 1564 καλ
884 1471 975 1539 εόθος
992 1473 1023 1564 ολ
1033 1479 1102 1531 Χῖοι
1113 1476 1163 1530 καὶ

154 1543 250 1602 Ρόδιοι
269 1543 322 1601 σὺν
341 1555 400 1610 τοῖς
416 1543 511 1632 ἀλλοις
529 1547 693 1634 συνέθεντο.
726 1549 777 1602 καλ
794 1541 878 1609 οότός
896 1542 1002 1604 έοτιν
990 1566 1007 1600 ο
1025 1565 1161 1633 συμμαχι-

155 1613 197 1700 κός
214 1615 347 1702 πόλεμος.
381 1620 448 1672 Νῦν
462 1609 514 1672 οὖν
528 1615 676 1706 πρόκειται
690 1614 824 1701 ἐκκλησία
837 1618 967 1686 περὶτοῦ
980 1615 1164 1672 καταθέσθαι

156 1683 198 1772 τόν
215 1685 353 1758 πόλεμον,
371 1689 420 1743 καλ
438 1683 620 1775 666666161‘
608 1707 623 1743 ο
638 1686 804 1774 Ἰσοκράτης
826 1684 1035 1774 συμβουλεύων,
1058 1683 1097 1750 άς
1119 1689 1165 1742 δεῖ

157 1755 186 1880 μέγ
204 1764 455 1846 πολυπραγμονειυ
474 1753 536 1814 ἀλλ’
556 1756 716 1829 ἡσυχάζειν.
753 1760 802 1845 καλ
824 1762 930 1847 μερίζει
952 1755 1003 1815 τόν
1020 1755 1105 1848 λόγον
1122 1757 1164 1843 είς

158 1829 216 1898 666,
237 1827 273 1883 ἓν
294 1827 393 1918 μέν
365 1850 396 1915 66
416 1830 466 1884 καλ
482 1827 549 1914 τούς
566 1834 654 1894 Χίους
672 1832 722 1886 καλ
739 1827 807 1893 τοὺς
823 1828 925 1915 ἄλλους
943 1825 1027 1885 έάοαι
1045 1825 1163 1884 αὐτονό-

158 1919 227 1980 μους,
243 1897 280 1954 ἓν
300 1898 332 1954 66
351 1898 383 1954 τό
403 1897 533 1956 έάοαι“
492 1921 555 1984 την
573 1899 591 1971 6
611 1904 729 1971 εμονίαν
747 1900 799 1990 τὴν
818 1898 890 1956 κατά
909 1897 1065 1956 θάλατταν
1089 1895 1162 1955 κατά

157 1972 234 2025 τοῦτο
254 1967 338 2026 δέ
308 1990 341 2024 το
361 1970 445 2054 μέρος
467 1970 579 2059 λέγεται
597 1968 797 2059 Αριστει’δης’
783 1979 940 2057 επαφεῖναι
961 1970 1011 2027 τόν
1017 1966 1164 2054 ἀντιρρη-

157 2039 229 2094 τικόν
243 2042 301 2124 τῆς
319 2039 440 2126 είρηνης
477 2039 570 2097 Καὶ
547 2065 574 2130 η
598 2042 650 2110 μέν
675 2039 816 2105 ὑπόθεσις
838 2039 925 2111 αότη,
948 2038 1106 2128 κεφάλαιον
1131 2039 1163 2125 δέ

157 2113 201 2166 τοῦ
218 2109 306 2196 λόγου
321 2109 352 2165 τό
367 2111 522 2184 συμφέρον,
540 2110 557 2183 6
578 2113 610 2170 66
630 2111 724 2176 στάσις
741 2112 933 2182 πραγματική
953 2109 1096 2185 συμβουλὴ
1109 2109 1164 2180 γάρ

157 2183 266 2270 περὶ
233 2203 285 2270 τηε
303 2181 424 2252 είοόιοι

219 2249 290 2308 Ἐάν
309 2253 342 2309 δέ
361 2273 429 2338 ποτε
448 2252 635 2338 ἀναγκασθῇς
647 2251 747 2310 κοινόν
760 2257 909 2323 προοίμιον
924 2254 1025 2323 είπειν,
1043 2250 1106 2339 τὴν
1113 2273 1164 2308 κα-

157 2321 301 2411 τασκευὴν
311 2321 389 2380 αάτιό
408 2325 485 2379 ίδίοιν
502 2322 636 2395 πρόσαγε,
655 2321 693 2387 τός
710 2320 743 2380 έν
755 2325 827 2409 τῷδε
843 2345 881 2396 τῳ
867 2326 960 2392 περὶ
974 2296 1106 2395 6666669'
1102 2329 1164 2379 166·

158 2393 272 2478 κράτους
287 2391 304 2464 6
319 2381 480 2481 κατασκευὴ
494 2395 554 2451 ἰδία
568 2393 738 2481 προσετέθη,
752 2389 826 2451 ὅπου
840 2382 920 2479 φησί,
938 2395 1024 2484 ,περὶ
1035 2392 1164 2480 μεγάλων

157 2460 273 2536 ἥκομεν·
293 2467 358 2552 περὶ
376 2462 430 2536 γάρ
450 2465 571 2549 πολέμου
591 2467 639 2522 καλ
658 2463 799 2552 είρῄνηςέι
831 2438 977 2522 κάλλιστόν
997 2463 1029 2520 66
1049 2462 1081 2520 ἐν
1099 2462 1163 2520 τοό-

157 2556 210 2598 τοις
223 2533 316 2590 καλ
288 2556 319 2592 το
334 2538 384 2607 τῆς
397 2533 534 2624 μεθόδου,
548 2537 576 2592 εί
587 2535 797 2628 μεθοδεόοιμεν
812 2531 886 2592 αότα
876 2532 1163 2606 ἐπισημαινόμενοι,

159 2606 182 2660 εί
193 2607 242 2661 καλ
256 2607 345 2661 πᾶσιν
364 2603 505 2670 είωθάς
493 2628 508 2662 ο
527 2606 609 2678 λόγος
627 2610 680 2677 εἴη.

368 2730 451 2785 Orat
468 2731 514 2787 lx.
534 2731 723 2802 Εκορονσο.
742 2736 780 2802 (ρ.
795 2734 957 2800 206-226)

288 2820 484 2875 ΤΠΟΘΕΣΙΣ
498 2822 722 2876 ΛΝΩΝΤΜΟΤ
742 2820 1028 2876 ΓΡΑΜΜΛΤΙΚΟΤ.

221 2902 335 2972 Ἰστέον,
349 2899 393 2992 ότι
410 2903 460 2991 τόν
478 2903 563 2977 λόγον
584 2909 684 2964 τοῦτον
707 2907 833 2994 6666666
851 2904 1010 2993 Ἰσοκράτης
1028 2904 1098 2976 πρός
1114 2905 1165 2963 τόν

162 2975 301 3033 Νικοκλέα
315 2973 385 3047 μετά
399 2996 451 3066 την
464 2977 674 3064 παραίνεσιν
645 2999 696 3050 την
712 2976 783 3065 πρός
796 2975 894 3067 66666.
926 2975 1020 3063 πόθεν
1034 2979 1067 3036 66
1081 2981 1164 3034 τοῦτο

161 3051 255 3119 δήλους
258 3045 401 3133 λέγομεν,
438 3043 538 3130 ἐπειδὴ
562 3045 647 3112 οὗτός
666 3047 801 3136 φανερόν
816 3047 900 3136 ἡμῖν
906 3051 991 3134 16666
1014 3052 1167 3120 καθίστησι

161 3116 265 3188 περὶ
237 3138 270 3172 το
289 3117 367 3180 τέλος
383 3119 434 3172 τοῦ
452 3115 536 3204 λόγου
554 3119 656 3176 τούτου
674 3120 765 3206 λέγων
785 3115 841 3175 ότι
859 3115 902 3208 66
921 3122 982 3176 νόν
1000 3120 1037 3176 σέ
1056 3139 1164 3204 παρα-

161 3186 342 3274 γελεόομαι
356 3187 567 3256 σπουδάζειν
579 3191 657 3261 περὶ
671 3189 733 3261 τὴν
747 3185 1165 3280 ἀριτὴνάλλάκαλπάλαι,

161 3254 266 3314 όέστιν
286 3255 317 3314 έν
335 3267 398 3321 ταῖς
414 3259 623 3347 παραινέσεων.
659 3264 770 3348 πρῶτον
794 3254 846 3316 οόν
867 3261 993 3331 ἔγραψεν
1015 3259 1092 3335 αὐτῷ
1115 3259 1166 3347 τᾲς

161 3326 338 3415 παραινέσεις
356 3326 426 3414 μετά
444 3327 495 3386 τόν
517 3333 568 3388 τοῦ
587 3329 693 3402 πατρὸς
709 3329 850 3416 θάνατον,
873 3331 935 3388 εἶτα
958 3318 1093 3419 δεύτερον
1115 3330 1165 3416 τόν

162 3397 309 3485 ἐπιτάφιον
326 3401 436 3470 τοῦτον,
455 3403 503 3457 ἵνα
521 3401 607 3458 πλέον
626 3404 676 3458 καλ
689 3400 738 3459 διά
757 3399 858 3460 τούτου
872 3399 975 3463 τόνους
988 3398 1065 3477 αὐτῷ

161 3472 243 3541 τιμάν
260 3443 473 3560 τόνΕόαγόόου
491 3470 629 3529 θάνατον.
665 3473 793 3557 λέγουσι
797 3472 831 3529 δέ
848 3492 932 3561 τινες,
950 3468 995 3527 ότι
1016 3461 1066 3529 καὶ
1087 3494 1164 3542 τρια-

162 3561 245 3629 κοντα
253 3539 400 3596 τάλαντα<
386 3541 458 3611 υπέρ
469 3541 570 3599 τοότου
580 3541 704 3612 ἐδέξατο.
721 3541 853 3634 Ζητὴοειε
864 3540 922 3599 δ”
902 3564 939 3599 αν
949 3564 992 3606 τις
1001 3541 1033 3600 έν
1042 3565 1081 3618 τῳ
1067 3544 1164 3630 λόγω

162 3633 256 3700 τουτω,
261 3609 310 3668 δια
319 3615 350 3667 τί
356 3609 535 3700 ἐπιταφιΗου
519 3617 655 3678 οντοςκοιλ
664 3636 714 3671 του
701 3611 907 3702 έπιταφίοο’
889 3601 1079 3678 απαιτοόντος
1086 3613 1164 3682 παρὰ

162 3682 193 3768 τά
213 3667 419 3771 έγκωμιωστικά
437 3682 531 3742 πάντα
550 3684 694 3773 κεφάλαια
716 3684 803 3741 πλέον
825 3683 858 3740 τό
879 3705 909 3742 τε
932 3684 1107 3772 θρηνητικὸν
1133 3683 1164 3742 έν

162 3775 192 3827 τη
210 3751 280 3827 ἀρχῇ
297 3751 394 3811 κοιλ
366 3775 399 3810 το
416 3753 655 3826 παραμυθητικόν
673 3753 705 3814 έν
724 3757 762 3831 τῷ
781 3755 864 3828 τέλει,
882 3753 961 3813 έν
927 3777 983 3826 γαρ
997 3754 1095 3827 μόνοις
1106 3764 1165 3818 τοῖς
