2859 4334
291 409 355 473 110
586 413 969 494 ιεοιεειιεονεμ)

290 577 420 658 ξάντων
440 580 510 653 πῶς
534 570 575 642 ού
595 570 657 659 χρὴ
679 582 824 659 θαρρεῖν
844 572 1051 661 ποιούμενον
1067 573 1129 663 την
1149 594 1263 662 στρα·
1340 486 1342 616 έ

289 677 382 742 τείαν
395 673 539 760 ταύτηνς

245 788 281 844 93
377 770 474 858 (λθ’,)
496 773 561 840 Καὶ
575 772 688 858 μηδεὶς
699 769 855 861 ὑπολάβῃ
869 799 910 859 με
924 773 1109 860 βούλεσθαι
1120 782 1261 860 λαθεῖν,
1286 787 1335 844 101

289 868 491 940 ὅτιτούτων
512 876 586 940 ἐνια
605 873 763 957 πέφρακα
782 868 843 938 τόν
866 869 973 940 αύτδν
992 871 1121 958 τρόπον
1146 869 1260 960 όνπερ

289 969 464 1056 πρότερον.
493 968 628 1050 έτιστάς
641 968 707 1057 γάρ
726 972 779 1039 ἐπὶ
799 967 858 1050 τὰς
871 967 976 1050 αύτάς
998 976 1148 1051 διανοίας
1162 972 1256 1040 είλό-
1344 986 1345 1080 η

288 1094 357 1156 μην
371 1067 416 1156 μὴ
433 1084 553 1138 πονεῖν
564 1069 762 1157 γλιχόμενος
775 1066 815 1137 τά
831 1072 1046 1156 δεδηλωμένα
1060 1071 1258 1149 καλύςότέ·
1344 1095 1345 1110 ’

288 1193 356 1252 ρως
372 1174 492 1237 εἰπεῖν·
514 1165 645 1256 καὶγὰρ
658 1173 689 1236 εί
697 1171 760 1254 μέν
776 1170 933 1248 ἐπίδειξιν
944 1169 1147 1255 ἐποιούμην,
1159 1169 1257 1236 ἐπει·
1345 1152 1346 1246 δ

239 1279 275 1332 94
289 1264 408 1352 ρόμην
421 1260 465 1333 άν
478 1264 610 1334 ἅπαντα
624 1262 813 1334 τὰτοιαῦτα
825 1265 1033 1353 διαφεύγειν,
1049 1269 1102 1334 σοὶ
1114 1265 1151 1336 δέ
1162 1287 1255 1354 συμ-
1346 1320 1347 1376 η

287 1365 464 1452 βουλεύων
478 1361 591 1451 μωρὸς
603 1359 648 1432 άν
662 1356 722 1450 ἦν,
740 1371 770 1432 εἰ
783 1366 860 1450 περὶ
873 1362 936 1451 τὴν
951 1367 1041 1445 λέξιν
1058 1371 1162 1434 πλείω
1170 1365 1254 1452 χρό-

286 1491 351 1533 νον
362 1467 532 1554 διέτριβον
541 1460 564 1552 ἢ
573 1467 649 1551 περὶ
660 1461 720 1543 τάς
730 1465 876 1550 πράξεις,
889 1469 937 1533 ἐτι
950 1462 983 1533 δ’
996 1471 1027 1534 εί
1035 1464 1115 1545 τούς
1126 1465 1253 1544 ἄλλους
1347 1486 1348 1528 ι

285 1565 378 1653 ὁρῶν
398 1579 466 1646 τοῖς
491 1568 581 1652 ἐμοῖς
600 1566 796 1652 χρωμένους
816 1560 917 1643 αὐτὸς
938 1564 1043 1651 μόνος
1063 1562 1281 1654 άπειχόμηνδ
1348 1653 1349 1670 ¹

286 1672 353 1732 τῶν
366 1660 427 1733 ὑπ’
446 1666 529 1750 ἐμοῦ
542 1663 708 1750 πρότερον
724 1666 921 1749 εἰρημένων.
944 1678 1014 1744 τοῖς
1028 1666 1090 1751 μέν
1112 1659 1177 1733 οὖν
1197 1672 1252 1734 οδ-

285 1768 387 1843 κείοις
401 1759 504 1848 τυχόν
518 1757 564 1830 άν
577 1768 782 1849 χρησαίμην,
800 1757 844 1849 ἢν
855 1762 990 1851 σφόδρα
1004 1769 1183 1852 κατεπείγη
1193 1767 1251 1832 καὶ

285 1865 404 1950 πρέπη,
416 1869 485 1929 τῶν
495 1857 528 1927 δ’
540 1857 726 1944 ἀλλοτρίων
738 1857 840 1928 οὐδέν
849 1855 894 1927 άν
905 1864 1163 1947 προσδεξαίμην,
1180 1859 1250 1929 03⁶-

285 1984 348 2044 περ
365 1956 440 2026 οὐδ’
460 1961 497 2027 ἐν
511 1966 558 2050 τῷ
573 1961 780 2045 παρελθόντι
793 1957 915 2050 χρόνῳ.

237 2074 271 2134 95
372 2057 446 2146 (μ’.)
473 2064 586 2126 Ταῦτα
605 2059 669 2146 μὲν
689 2051 756 2127 ούν
772 2056 895 2137 οὕτως·
925 2063 1020 2127 δοκεῖ
1036 2060 1075 2127 δέ
1088 2085 1146 2146 μοι
1166 2057 1251 2145 μετά

284 2163 389 2223 ταῦτα
399 2159 474 2240 περὶ
485 2163 543 2242 τῆς
553 2162 767 2243 παρασκευῆς
778 2160 971 2225 διαλεκτέον
983 2155 1069 2225 εἶναι
1083 2165 1141 2244 τῆς
1150 2184 1185 2226 τε
1196 2161 1250 2226 σοὶ

283 2258 510 2344 γενησομένης
525 2259 581 2324 καί
594 2263 651 2344 τῆς
666 2260 806 2334 ἐκείνοις
820 2253 1025 2342 ὑπαρξάσης.
1047 2254 1084 2326 τό
1100 2258 1163 2344 μέν
1177 2265 1250 2328 τοί-

283 2380 350 2422 νυν
366 2352 599 2440 μέγιστον,σύ
614 2355 676 2440 μέν
690 2351 941 2440 τούςἝλληνας
956 2353 1079 2437 εὔνους
1089 2359 1188 2440 ἕξεις,
1204 2356 1277 2445 ἥνο

283 2476 346 2539 περ
366 2451 529 2540 ε’θελήσης
551 2454 702 2540 ἐμμεῖναι
723 2466 791 2532 τοῖς
812 2453 1033 2539 περὶτούτων
1049 2459 1247 2542 εἰρημένοις,

283 2553 406 2622 ἐκεῖνοι
426 2549 464 2620 δέ
478 2548 535 2620 διά
555 2549 614 2631 τάς
632 2554 808 2639 δεκαρχίας
820 2548 880 2632 τοὶς
901 2554 955 2622 ἐπὶ
969 2558 1247 2642 Λακεδαιμονίων

280 2645 326 2728 οἱς
357 2644 432 2716 οἷόν
461 2671 500 2716 τε
520 2647 822 2737 δυσμενεστάτους.
858 2649 1007 2735 ἡγοῦντο
1030 2647 1098 2738 γάρ
1123 2649 1246 2736 Κύρου

279 2749 342 2838 μέν
359 2749 417 2819 καὶ
435 2746 614 2836 Κλεάρχου
631 2748 926 2837 κατορθωσάντων
942 2754 1073 2837 μᾶλλον
1094 2753 1143 2818 ἐτι
1160 2753 1246 2818 δου-

279 2848 430 2938 λεύσειν,
454 2852 619 2938 βασιλέως
635 2849 675 2920 δὲ
696 2851 926 2939 κρατήσαντος
946 2843 1246 2937 άπαλλαγήσεσθαι

278 2954 348 3020 τῶν
365 2955 479 3023 κακῶν
497 2956 567 3020 τῶν
584 2953 779 3041 παρόντων·
798 2948 882 3040 ὅπερ
900 2951 957 3019 καὶ
974 2951 1158 3020 συνέπεσεν
1175 2947 1240 3020 αύ-

226 3070 260 3122 ῖσ
277 3068 360 3134 τοῖς.
378 3051 517 3139 καὶμὴν
529 3053 587 3120 καὶ
600 3053 804 3139 στρατιώτας
817 3052 861 3123 σύ
875 3051 938 3141 μὲν
953 3053 987 3134 έξ
1001 3052 1134 3140 ἑτοίμου
1145 3051 1246 3140 λήψει

277 3154 481 3241 τοσούτους,
505 3151 607 3234 ὅσους
630 3149 674 3222 άν
691 3156 883 3244 βουληθῇς·
907 3151 999 3223 ούτω
1021 3152 1088 3241 γάρ
1115 3159 1181 3240 ἔχει
1202 3153 1280 3222 τάᾱ

279 3271 336 3351 τῆς
353 3260 511 3340 Ἑλλάδος
529 3259 613 3328 ὥστε
631 3261 716 3349 ῥᾷον
736 3256 821 3326 εἶναι
837 3263 999 3342 συστῆσαι
1018 3255 1246 3341 στρατόπεδον

280 3368 393 3443 μεῖζον
408 3363 463 3430 καὶ
481 3374 633 3447 κρεῖττον
647 3361 683 3427 έκ
699 3365 769 3427 τῶν
782 3356 1013 3442 πλανωμένων
1026 3349 1048 3441 ἢ
1062 3361 1132 3422 τῶν
1145 3361 1245 3422 πολι-

280 3463 488 3546 τευομένων·
515 3460 553 3527 έν
569 3460 709 3538 ἐκείνοις
724 3456 762 3526 δέ
782 3470 851 3535 τοῖς
866 3454 1003 3543 χρόνοις
1017 3451 1079 3522 ούκ
1095 3444 1140 3540 ἦν
1154 3454 1242 3532 ξενι-

281 3556 345 3628 κόν
365 3556 484 3645 ούδδν,
511 3555 591 3627 ὥστ’
616 3554 881 3644 άναγκαζόμευοι
903 3560 1093 3641 ξενολογεῖν
1116 3554 1154 3620 ἐκ
1174 3555 1245 3618 τόν

281 3666 415 3728 πόλεων
427 3657 530 3726 πλέον
542 3653 728 3744 ιἰνύλισκον
746 3653 865 3734 εἰςτὰς
882 3657 1060 3742 διδομένας
1073 3664 1142 3730 τοῖς
1157 3656 1236 3718 συλ-
