2859 4334
322 366 365 428 w
600 370 920 428 λΣΟΚΡΑΤΟΤΣ
936 374 998 435 (141

322 526 489 614 ἀρμοστού
504 534 714 605 καθεστῶτος
729 530 783 594 καὶ
798 535 951 613 φρουρᾶς
963 526 1104 614 ἐνούσης
1117 531 1170 597 καὶ
1182 538 1271 613 τηλι-

280 638 310 691 14
323 629 449 695 κούτου
471 631 717 716 στρατεύματος
738 629 835 710 ὄντος
860 638 1060 714 Θεσπιᾶσιν,
1085 629 1147 717 ὑφ’
1163 624 1212 698 ύν
1232 628 1276 697 ού

322 727 429 811 μόνον
443 722 487 793 ἀν
502 734 629 795 θᾶττον
647 724 670 813 ἢ
687 736 845 817 Θηβαίων
860 731 1094 815 διεφθάρημεν
1117 728 1199 799 ἀλλὰ
1219 734 1275 797 καὶ

323 826 546 910 δικαιότερον·
580 828 721 905 τούτους
746 828 807 912 μὲν
839 825 903 912 γάρ
937 829 1070 914 εἰρήνης
1096 828 1203 914 ,ούσης
1235 826 1277 893 ού

323 931 469 1010 προσῆκε
496 941 714 1011 μνησικακεῖν
742 929 817 1009 περὶ
840 934 909 993 τῶν
930 928 1004 994 τότε
1030 932 1299 1013 γεγενημένων(

323 1026 443 1091 ἐκείνοι
460 1020 492 1090 δ’
509 1026 546 1090 έν
556 1032 601 1114 τῷ
614 1028 746 1115 πολέμῳ
757 1028 980 1108 προδοθέντες
991 1028 1125 1105 εἰκότως
1137 1024 1181 1094 ἀν
1197 1024 1272 1107 παρ’

279 1143 310 1196 15
324 1122 420 1210 ἡμῶν
444 1121 506 1211 τὴν
532 1132 691 1212 μεγίστην
716 1130 814 1211 δίκην
839 1126 1038 1212 ἐλάμβανον.
1070 1124 1217 1213 ἡγουμαι
1242 1124 1273 1190 δ’

323 1221 410 1308 ὑμᾶς
425 1220 488 1289 ούκ
504 1221 657 1310 ἀγνοεῖν,
680 1222 731 1291 ὅτι
752 1226 869 1293 πολλοὶ
888 1226 943 1291 καλ
956 1230 1024 1290 τῶν
1035 1224 1268 1311 ἀλλωνἙλλή-

323 1350 393 1391 νων
409 1336 478 1400 τοις
494 1323 556 1405 μὲν
570 1323 699 1408 σώμασι
718 1320 788 1409 μετ’
802 1326 940 1390 ἐκείνων
947 1320 1154 1392 ἀκολουθεῖν
1167 1322 1274 1411 ἠναγ-

322 1423 473 1503 κάζοντο,
487 1434 557 1497 ταῖς
572 1417 604 1487 δ’
624 1419 770 1500 εύνοίαις
783 1418 864 1507 μεθ’
889 1419 984 1507 ὑμῶν
1003 1416 1098 1508 ἦσαν.
1122 1423 1182 1502 οὓς
1200 1432 1272 1492 τίνα

322 1518 383 1605 χρὴ
411 1524 606 1601 προσδοκᾶν
630 1519 770 1604 γνύμηυ
793 1523 896 1603 ἕξειν,
921 1515 964 1605 ἢν
985 1518 1194 1606 ἀκούσωσιν,
1223 1520 1274 1589 ὅτι

322 1626 463 1706 Θηβαῖοι
488 1614 548 1684 τδν
573 1622 680 1703 δῆμον
705 1616 766 1685 τὸν
790 1616 978 1705 Ἀθηναίων
992 1630 1207 1707 πεπείκασιν,
1231 1618 1275 1697 ὡς

322 1715 462 1794 οὐδενός
479 1720 546 1784 ἐστι
562 1720 716 1802 φειστέον
724 1724 793 1784 τῶν
805 1715 871 1784 ὑπὸ
887 1722 1161 1804 Λακεδαιμονίοις
1175 1745 1275 1803 γενο-

279 1833 308 1886 16
323 1821 451 1903 μένων;
472 1813 570 1901 ὁγὰρ
585 1817 715 1883 τούτων
730 1815 828 1901 λόγος
849 1814 950 1885 ούδὲν
966 1816 1037 1887 ἀλλ’
1057 1814 1078 1904 ἢ
1094 1827 1193 1886 τοῦτο
1207 1821 1298 1903 ητα-11

322 1917 456 2002 νήσεται
473 1916 676 2001 δυνάμενος·
699 1914 741 1983 ού
755 1915 820 2001 γάρ
832 1921 920 1984 ίδίαν
935 1924 1137 2002 κατηγορίαν
1155 1918 1274 1985 ποιού-

322 2040 418 2102 μενοι
433 2013 517 2081 κατά
540 2024 597 2101 τῆς
617 2016 746 2093 πόλεως
770 2023 826 2100 τῆς
847 2013 1005 2100 ἡμετέρας
1022 2013 1274 2084 ἀπολωλέκασιν

323 2112 439 2201 αὐτὴν,
455 2112 530 2184 ἀλλ’
546 2112 590 2200 ἣν
608 2112 733 2201 ὁμοίως
748 2118 803 2183 καί
821 2112 893 2181 κατ’
912 2117 1049 2183 ἐκείνων
1070 2117 1205 2194 ἕξουσιν
1228 2122 1275 2183 εί-

324 2230 408 2282 πείν.
432 2212 517 2297 ὑπὲρ
541 2207 589 2281 ύν
612 2216 838 2301 βουλεύεσθαι
859 2211 920 2299 χρὴ
943 2216 997 2280 καὶ
1013 2229 1168 2295 σκοπεῖν,
1184 2212 1274 2291 ὅπως

323 2312 368 2400 μὴ
384 2310 463 2392 τούς
482 2314 648 2396 πρότερον
669 2319 850 2398 μισοῦντας
873 2310 935 2398 τὴν
955 2309 1060 2398 ἀρχὴν
1081 2310 1143 2397 τὴν
1165 2320 1274 2379 Λακε-

323 2416 505 2499 δαιμονίων
520 2411 540 2500 ἡ
557 2413 686 2480 τούτων
702 2410 800 2499 ὕβρις
815 2412 981 2491 διαλλάξει
997 2412 1052 2479 καὶ
1067 2414 1198 2497 ποιήσει
1212 2410 1274 2499 τὴν

324 2514 462 2579 ἐκείνων
478 2520 666 2597 συμμαχίαν
683 2509 797 2577 αὑτων
813 2516 960 2595 νομίζειν
972 2508 1056 2577 εἶναι
1072 2517 1249 2595 σωτηρίαν.

277 2626 306 2679 17
409 2611 483 2693 (θ’.)
504 2608 725 2695 Ἐνθυμεῑσθε
740 2608 770 2676 δ’
791 2608 842 2676 ὅτι
863 2606 924 2675 τδν
938 2608 1085 2691 πόλεμον
1099 2606 1274 2676 ἀνείλεσθε

327 2705 386 2774 τὸν
403 2702 649 2789 ύπογυιύτατου
665 2699 727 2789 ούχ
742 2699 829 2789 ύπέρ
841 2706 901 2789 τῆς
915 2699 1078 2787 ὑμετέρας
1092 2699 1168 2767 οὐδ’
1184 2700 1295 2785 ύπδρε

327 2813 386 2895 τῆς
403 2813 472 2875 τῶν
492 2805 676 2892 συμμάχων
694 2807 901 2887 ἐλευθερίας,
920 2798 1023 2869 ἀτασι
1038 2801 1103 2886 γὰρ
1122 2800 1274 2888 ύπῐηρχευ

328 2908 425 2995 ύμῖν,
439 2905 516 2975 ἀλλ’
528 2906 616 2993 ύπὲρ
630 2910 697 2973 τῶν
711 2904 802 2992 παρά
817 2902 897 2982 τούς
912 2900 1034 2990 ὅρκους
1043 2905 1099 2970 καὶ
1113 2902 1172 2981 τοὶς
1187 2924 1272 2971 συν-

327 3009 436 3098 θήκας
459 3014 519 3095 τῆς
542 3004 746 3094 αὐτονομίας
769 3002 1080 3089 ἀποστερουμένων.
1116 2999 1195 3090 ὃδὴ
1217 3004 1273 3071 καί

329 3112 467 3179 πάντων
485 3106 734 3196 σχετλιώτατον,
754 3115 785 3176 εί
801 3105 861 3183 τὰς
880 3106 1005 3188 πόλεις,
1024 3100 1064 3183 ἃς
1082 3098 1145 3172 αύκ
1164 3103 1274 3194 ᾤεσθε

330 3218 404 3281 δεῖν
422 3215 696 3297 Λακεδαιμονίοις
715 3206 909 3292 δουλεύειν,
927 3206 1051 3285 ταύτας
1070 3206 1319 3289 περιόψεσθεθλθ

329 3316 396 3381 νῦν
410 3311 479 3381 ύπδ
491 3319 651 3398 Θηβαίων
665 3307 914 3395 ἀπολλυμένας·
932 3314 968 3377 οἳ
979 3306 1144 3375 τοσούτου
1158 3308 1273 3375 δέουσι

291 3430 321 3480 18
330 3425 504 3502 μιμεῖσθαι
517 3410 579 3499 τὴν
594 3410 763 3499 πραότητα
777 3408 839 3497 τὴν
853 3407 1031 3496 ύμετέραν,
1045 3405 1131 3477 ὥσθ’
1149 3403 1273 3476 δδοκεῑ

331 3517 468 3583 πάντων
493 3513 685 3582 δεινότατον
712 3510 816 3596 εἶναι,
846 3507 1073 3595 δοριαλώτους
1103 3509 1273 3595 γενέσθαι,

330 3622 429 3684 τούτο
460 3630 609 3701 κρεῖττον
638 3604 682 3699 ἦν
711 3610 793 3700 ἡμῖν
820 3620 945 3679 παθεῖν
971 3608 1040 3679 ύπδ
1066 3610 1190 3698 ταύτης
1216 3616 1274 3697 τῆς
