<?xml version="1.0" encoding="UTF-8"?>
<!DOCTYPE html PUBLIC "-//W3C//DTD XHTML 1.0 Transitional//EN"
    "http://www.w3.org/TR/xhtml1/DTD/xhtml1-transitional.dtd">
<html xmlns="http://www.w3.org/1999/xhtml" xml:lang="en" lang="en">
 <head>
  <title>
</title>
<meta http-equiv="Content-Type" content="text/html;charset=utf-8" />
  <meta name='ocr-system' content='tesseract 3.04.00' />
  <meta name='ocr-capabilities' content='ocr_page ocr_carea ocr_par ocr_line ocrx_word'/>
</head>
<body>
  <div class='ocr_page' id='page_1' title='image "./orationes00isgoog_0452.png"; bbox 0 0 2859 4334; ppageno 0'>
   <div class='ocr_carea' id='block_1_1' title="bbox 461 407 1143 471">
    <p class='ocr_par' dir='ltr' id='par_1_1' title="bbox 461 407 1143 471">
     <span class='ocr_line' id='line_1_1' title="bbox 461 407 1143 471; baseline 0.004 -5"><span class='ocrx_word' id='word_1_1' title='bbox 461 410 872 470; x_wconf 79' lang='grc' dir='ltr'><em>ΠΑΝΑΘΗΝΑΙΚΟΣ.</em></span> <span class='ocrx_word' id='word_1_2' title='bbox 1102 407 1143 471; x_wconf 66' lang='grc'><strong><em>79</em></strong></span> 
     </span>
    </p>
   </div>
   <div class='ocr_carea' id='block_1_2' title="bbox 73 566 1215 3739">
    <p class='ocr_par' dir='ltr' id='par_1_2' title="bbox 112 566 1170 1056">
     <span class='ocr_line' id='line_1_2' title="bbox 112 566 1143 661; baseline -0.008 -18"><span class='ocrx_word' id='word_1_3' title='bbox 112 589 168 643; x_wconf 67' lang='grc' dir='ltr'><strong><em>θῶ</em></strong></span> <span class='ocrx_word' id='word_1_4' title='bbox 186 573 356 659; x_wconf 77' lang='grc' dir='ltr'><strong><em>βούλευόν</em></strong></span> <span class='ocrx_word' id='word_1_5' title='bbox 368 597 424 658; x_wconf 92' lang='grc' dir='ltr'><strong><em>μοι</em></strong></span> <span class='ocrx_word' id='word_1_6' title='bbox 433 585 555 654; x_wconf 79' lang='grc' dir='ltr'><strong><em>ποιεῖν,</em></strong></span> <span class='ocrx_word' id='word_1_7' title='bbox 570 566 656 655; x_wconf 85' lang='grc' dir='ltr'><strong><em>άπερ</em></strong></span> <span class='ocrx_word' id='word_1_8' title='bbox 667 571 793 650; x_wconf 80' lang='grc' dir='ltr'><strong><em>ἐκεῖνος</em></strong></span> <span class='ocrx_word' id='word_1_9' title='bbox 803 572 1001 661; x_wconf 77' lang='grc' dir='ltr'><strong><em>παρῄνεσεν.</em></strong></span> <span class='ocrx_word' id='word_1_10' title='bbox 1023 567 1065 637; x_wconf 92' lang='grc' dir='ltr'><strong><em>ού</em></strong></span> <span class='ocrx_word' id='word_1_11' title='bbox 1076 566 1143 657; x_wconf 75' lang='grc' dir='ltr'><strong><em>μὴν</em></strong></span> 
     </span>
     <span class='ocr_line' id='line_1_3' title="bbox 189 668 1143 760; baseline 0 -22"><span class='ocrx_word' id='word_1_12' title='bbox 189 669 265 739; x_wconf 75' lang='grc' dir='ltr'><strong><em>οὐδ’</em></strong></span> <span class='ocrx_word' id='word_1_13' title='bbox 289 671 353 757; x_wconf 85' lang='grc' dir='ltr'><strong><em>έγά</em></strong></span> <span class='ocrx_word' id='word_1_14' title='bbox 378 668 549 755; x_wconf 79' lang='grc' dir='ltr'><strong><em>παρεστός</em></strong></span> <span class='ocrx_word' id='word_1_15' title='bbox 570 670 741 755; x_wconf 75' lang='grc' dir='ltr'><strong><em>ἐσιώπων,</em></strong></span> <span class='ocrx_word' id='word_1_16' title='bbox 766 668 841 739; x_wconf 79' lang='grc' dir='ltr'><strong><em>ἀλλ’</em></strong></span> <span class='ocrx_word' id='word_1_17' title='bbox 864 672 1006 760; x_wconf 76' lang='grc' dir='ltr'><strong><em>ἐπῄνεσα</em></strong></span> <span class='ocrx_word' id='word_1_18' title='bbox 1026 670 1088 759; x_wconf 80' lang='grc' dir='ltr'><strong><em>τήν</em></strong></span> <span class='ocrx_word' id='word_1_19' title='bbox 1108 696 1143 738; x_wconf 89' lang='grc' dir='ltr'><strong><em>τε</em></strong></span> 
     </span>
     <span class='ocr_line' id='line_1_4' title="bbox 189 768 1170 858; baseline 0 -21"><span class='ocrx_word' id='word_1_20' title='bbox 189 774 298 857; x_wconf 89' lang='grc' dir='ltr'><strong><em>φύσιν</em></strong></span> <span class='ocrx_word' id='word_1_21' title='bbox 317 769 423 838; x_wconf 86' lang='grc' dir='ltr'><strong><em>αύτού</em></strong></span> <span class='ocrx_word' id='word_1_22' title='bbox 437 773 492 837; x_wconf 81' lang='grc' dir='ltr'><strong><em>καλ</em></strong></span> <span class='ocrx_word' id='word_1_23' title='bbox 505 768 568 856; x_wconf 78' lang='grc' dir='ltr'><strong><em>την</em></strong></span> <span class='ocrx_word' id='word_1_24' title='bbox 583 772 788 856; x_wconf 82' lang='grc' dir='ltr'><strong><em>ἐπιμέλειαν,</em></strong></span> <span class='ocrx_word' id='word_1_25' title='bbox 810 775 885 858; x_wconf 77' lang='grc' dir='ltr'><strong><em>περὶ</em></strong></span> <span class='ocrx_word' id='word_1_26' title='bbox 900 772 935 840; x_wconf 74' lang='grc' dir='ltr'><strong><em>δὲ</em></strong></span> <span class='ocrx_word' id='word_1_27' title='bbox 950 780 1018 839; x_wconf 81' lang='grc' dir='ltr'><strong><em>των</em></strong></span> <span class='ocrx_word' id='word_1_28' title='bbox 1031 770 1170 845; x_wconf 72' lang='grc' dir='ltr'><strong><em>άλλωνᾱ</em></strong></span> 
     </span>
     <span class='ocr_line' id='line_1_5' title="bbox 189 862 1145 959; baseline 0.001 -21"><span class='ocrx_word' id='word_1_29' title='bbox 189 870 292 940; x_wconf 77' lang='grc' dir='ltr'><strong><em>οὐδὲν</em></strong></span> <span class='ocrx_word' id='word_1_30' title='bbox 307 872 523 959; x_wconf 80' lang='grc' dir='ltr'><strong><em>ἐφθεγξάμην</em></strong></span> <span class='ocrx_word' id='word_1_31' title='bbox 538 862 587 937; x_wconf 73' lang='grc' dir='ltr'><strong><em>τόν</em></strong></span> <span class='ocrx_word' id='word_1_32' title='bbox 604 868 705 956; x_wconf 71' lang='grc' dir='ltr'><strong><em>εἶπεν,</em></strong></span> <span class='ocrx_word' id='word_1_33' title='bbox 722 867 803 940; x_wconf 82' lang='grc' dir='ltr'><strong><em>οὔθ’</em></strong></span> <span class='ocrx_word' id='word_1_34' title='bbox 817 869 861 950; x_wconf 80' lang='grc' dir='ltr'><strong><em>ὡς</em></strong></span> <span class='ocrx_word' id='word_1_35' title='bbox 873 876 966 958; x_wconf 82' lang='grc' dir='ltr'><strong><em>ἐτυχε</em></strong></span> <span class='ocrx_word' id='word_1_36' title='bbox 978 887 1048 951; x_wconf 76' lang='grc' dir='ltr'><strong><em>ταῖς</em></strong></span> <span class='ocrx_word' id='word_1_37' title='bbox 1059 870 1145 939; x_wconf 83' lang='grc' dir='ltr'><strong><em>ὑπο-</em></strong></span> 
     </span>
     <span class='ocr_line' id='line_1_6' title="bbox 189 965 1144 1056; baseline 0.001 -19"><span class='ocrx_word' id='word_1_38' title='bbox 189 978 297 1048; x_wconf 88' lang='grc' dir='ltr'><strong><em>νοίαις</em></strong></span> <span class='ocrx_word' id='word_1_39' title='bbox 306 979 365 1056; x_wconf 79' lang='grc' dir='ltr'><strong><em>τῆς</em></strong></span> <span class='ocrx_word' id='word_1_40' title='bbox 376 973 455 1056; x_wconf 79' lang='grc' dir='ltr'><strong><em>ἐμῆς</em></strong></span> <span class='ocrx_word' id='word_1_41' title='bbox 465 973 626 1054; x_wconf 77' lang='grc' dir='ltr'><strong><em>διανοίας,</em></strong></span> <span class='ocrx_word' id='word_1_42' title='bbox 637 965 716 1035; x_wconf 77' lang='grc' dir='ltr'><strong><em>οὔθ’</em></strong></span> <span class='ocrx_word' id='word_1_43' title='bbox 728 966 772 1047; x_wconf 83' lang='grc' dir='ltr'><strong><em>ὡς</em></strong></span> <span class='ocrx_word' id='word_1_44' title='bbox 783 974 973 1056; x_wconf 81' lang='grc' dir='ltr'><strong><em>διήμαρτεν,</em></strong></span> <span class='ocrx_word' id='word_1_45' title='bbox 982 970 1055 1039; x_wconf 79' lang='grc' dir='ltr'><strong><em>ἀλλ’</em></strong></span> <span class='ocrx_word' id='word_1_46' title='bbox 1066 981 1144 1039; x_wconf 84' lang='grc' dir='ltr'><strong><em>είωυ</em></strong></span> 
     </span>
    </p>

    <p class='ocr_par' dir='ltr' id='par_1_3' title="bbox 85 1066 1073 1158">
     <span class='ocr_line' id='line_1_7' title="bbox 85 1066 1073 1158; baseline 0.002 -21"><span class='ocrx_word' id='word_1_47' title='bbox 85 1145 88 1154; x_wconf 53' lang='grc'><strong><em>,</em></strong></span> <span class='ocrx_word' id='word_1_48' title='bbox 189 1068 295 1137; x_wconf 77' lang='grc' dir='ltr'><strong><em>αὐτόν</em></strong></span> <span class='ocrx_word' id='word_1_49' title='bbox 310 1068 417 1149; x_wconf 77' lang='grc' dir='ltr'><strong><em>οὕτως</em></strong></span> <span class='ocrx_word' id='word_1_50' title='bbox 431 1076 528 1157; x_wconf 77' lang='grc' dir='ltr'><strong><em>ἔχειν,</em></strong></span> <span class='ocrx_word' id='word_1_51' title='bbox 545 1066 657 1151; x_wconf 75' lang='grc' dir='ltr'><strong><em>ὥσπερ</em></strong></span> <span class='ocrx_word' id='word_1_52' title='bbox 673 1066 774 1147; x_wconf 84' lang='grc' dir='ltr'><strong><em>αὐτὸς</em></strong></span> <span class='ocrx_word' id='word_1_53' title='bbox 788 1067 893 1136; x_wconf 85' lang='grc' dir='ltr'><strong><em>αὑτόν</em></strong></span> <span class='ocrx_word' id='word_1_54' title='bbox 908 1073 1073 1158; x_wconf 77' lang='grc' dir='ltr'><strong><em>διέθηκεν.</em></strong></span> 
     </span>
    </p>

    <p class='ocr_par' dir='ltr' id='par_1_4' title="bbox 73 1158 1172 1657">
     <span class='ocr_line' id='line_1_8' title="bbox 73 1158 1143 1256; baseline 0 -20"><span class='ocrx_word' id='word_1_55' title='bbox 73 1192 78 1210; x_wconf 41' lang='grc' dir='ltr'><strong><em>ί</em></strong></span> <span class='ocrx_word' id='word_1_56' title='bbox 110 1190 168 1244; x_wconf 76' lang='lat'><strong><em>266</em></strong></span> <span class='ocrx_word' id='word_1_57' title='bbox 275 1169 367 1256; x_wconf 80' lang='grc' dir='ltr'><strong><em>(ρδ.)</em></strong></span> <span class='ocrx_word' id='word_1_58' title='bbox 388 1169 470 1254; x_wconf 84' lang='grc' dir='ltr'><strong><em>Περὶ</em></strong></span> <span class='ocrx_word' id='word_1_59' title='bbox 486 1172 547 1254; x_wconf 83' lang='grc' dir='ltr'><strong><em>μέν</em></strong></span> <span class='ocrx_word' id='word_1_60' title='bbox 561 1160 626 1235; x_wconf 88' lang='grc' dir='ltr'><strong><em>ούν</em></strong></span> <span class='ocrx_word' id='word_1_61' title='bbox 642 1158 691 1234; x_wconf 78' lang='grc' dir='ltr'><strong><em>ύν</em></strong></span> <span class='ocrx_word' id='word_1_62' title='bbox 706 1165 898 1254; x_wconf 81' lang='grc' dir='ltr'><strong><em>ὑπεθέμην,</em></strong></span> <span class='ocrx_word' id='word_1_63' title='bbox 916 1173 1039 1248; x_wconf 81' lang='grc' dir='ltr'><strong><em>ίκανως</em></strong></span> <span class='ocrx_word' id='word_1_64' title='bbox 1055 1175 1143 1255; x_wconf 77' lang='grc' dir='ltr'><strong><em>εἰρῆ-</em></strong></span> 
     </span>
     <span class='ocr_line' id='line_1_9' title="bbox 189 1267 1145 1357; baseline -0.003 -17"><span class='ocrx_word' id='word_1_65' title='bbox 189 1284 272 1340; x_wconf 79' lang='grc' dir='ltr'><strong><em>σθαι</em></strong></span> <span class='ocrx_word' id='word_1_66' title='bbox 295 1277 435 1357; x_wconf 82' lang='grc' dir='ltr'><strong><em>νομίζω·</em></strong></span> <span class='ocrx_word' id='word_1_67' title='bbox 463 1267 588 1355; x_wconf 77' lang='grc' dir='ltr'><strong><em>τὸγὰρ</em></strong></span> <span class='ocrx_word' id='word_1_68' title='bbox 610 1267 877 1355; x_wconf 77' lang='grc' dir='ltr'><strong><em>ἀναμιμνήσκειν</em></strong></span> <span class='ocrx_word' id='word_1_69' title='bbox 902 1268 982 1337; x_wconf 87' lang='grc' dir='ltr'><strong><em>καθ’</em></strong></span> <span class='ocrx_word' id='word_1_70' title='bbox 1005 1271 1145 1337; x_wconf 83' lang='grc' dir='ltr'><strong><em>ἕκαστον</em></strong></span> 
     </span>
     <span class='ocr_line' id='line_1_10' title="bbox 188 1365 1144 1457; baseline -0.001 -19"><span class='ocrx_word' id='word_1_71' title='bbox 188 1378 258 1439; x_wconf 81' lang='grc' dir='ltr'><strong><em>τῶν</em></strong></span> <span class='ocrx_word' id='word_1_72' title='bbox 274 1372 459 1457; x_wconf 78' lang='grc' dir='ltr'><strong><em>εἰρημένων</em></strong></span> <span class='ocrx_word' id='word_1_73' title='bbox 474 1365 516 1435; x_wconf 89' lang='grc' dir='ltr'><strong><em>ού</em></strong></span> <span class='ocrx_word' id='word_1_74' title='bbox 530 1370 647 1451; x_wconf 80' lang='grc' dir='ltr'><strong><em>πρέπει</em></strong></span> <span class='ocrx_word' id='word_1_75' title='bbox 666 1383 735 1446; x_wconf 75' lang='grc' dir='ltr'><strong><em>τοῖς</em></strong></span> <span class='ocrx_word' id='word_1_76' title='bbox 755 1369 867 1453; x_wconf 89' lang='grc' dir='ltr'><strong><em>λόγοις</em></strong></span> <span class='ocrx_word' id='word_1_77' title='bbox 881 1382 949 1446; x_wconf 73' lang='grc' dir='ltr'><strong><em>τοῖς</em></strong></span> <span class='ocrx_word' id='word_1_78' title='bbox 965 1368 1144 1447; x_wconf 87' lang='grc' dir='ltr'><strong><em>τοιούτοις·</em></strong></span> 
     </span>
     <span class='ocr_line' id='line_1_11' title="bbox 188 1464 1172 1559; baseline -0.002 -22"><span class='ocrx_word' id='word_1_79' title='bbox 188 1472 353 1559; x_wconf 81' lang='grc' dir='ltr'><strong><em>βούλομαι</em></strong></span> <span class='ocrx_word' id='word_1_80' title='bbox 372 1470 408 1537; x_wconf 80' lang='grc' dir='ltr'><strong><em>δέ</em></strong></span> <span class='ocrx_word' id='word_1_81' title='bbox 423 1473 641 1553; x_wconf 76' lang='grc' dir='ltr'><strong><em>διαλεχθῆναι</em></strong></span> <span class='ocrx_word' id='word_1_82' title='bbox 659 1470 735 1551; x_wconf 78' lang='grc' dir='ltr'><strong><em>περὶ</em></strong></span> <span class='ocrx_word' id='word_1_83' title='bbox 753 1473 820 1535; x_wconf 74' lang='grc' dir='ltr'><strong><em>τῶν</em></strong></span> <span class='ocrx_word' id='word_1_84' title='bbox 836 1472 904 1555; x_wconf 79' lang='grc' dir='ltr'><strong><em>ίδίηι</em></strong></span> <span class='ocrx_word' id='word_1_85' title='bbox 919 1492 976 1552; x_wconf 92' lang='grc' dir='ltr'><strong><em>μοι</em></strong></span> <span class='ocrx_word' id='word_1_86' title='bbox 993 1469 1067 1552; x_wconf 80' lang='grc' dir='ltr'><strong><em>περὶ</em></strong></span> <span class='ocrx_word' id='word_1_87' title='bbox 1085 1464 1172 1535; x_wconf 82' lang='grc' dir='ltr'><strong><em>τόνε</em></strong></span> 
     </span>
     <span class='ocr_line' id='line_1_12' title="bbox 189 1564 1146 1657; baseline -0.005 -18"><span class='ocrx_word' id='word_1_88' title='bbox 189 1571 292 1657; x_wconf 90' lang='grc' dir='ltr'><strong><em>λόγον</em></strong></span> <span class='ocrx_word' id='word_1_89' title='bbox 309 1570 579 1657; x_wconf 85' lang='grc' dir='ltr'><strong><em>συμβεβηκότων.</em></strong></span> <span class='ocrx_word' id='word_1_90' title='bbox 603 1566 667 1653; x_wconf 81' lang='grc' dir='ltr'><strong><em>έγύ</em></strong></span> <span class='ocrx_word' id='word_1_91' title='bbox 682 1564 748 1653; x_wconf 83' lang='grc' dir='ltr'><strong><em>γάρ</em></strong></span> <span class='ocrx_word' id='word_1_92' title='bbox 765 1566 992 1653; x_wconf 78' lang='grc' dir='ltr'><strong><em>ἐνεστησάμην</em></strong></span> <span class='ocrx_word' id='word_1_93' title='bbox 1007 1567 1069 1652; x_wconf 80' lang='grc' dir='ltr'><strong><em>μέν</em></strong></span> <span class='ocrx_word' id='word_1_94' title='bbox 1083 1564 1146 1634; x_wconf 88' lang='grc' dir='ltr'><strong><em>αύ-</em></strong></span> 
     </span>
    </p>

    <p class='ocr_par' dir='ltr' id='par_1_5' title="bbox 110 1664 1215 2448">
     <span class='ocr_line' id='line_1_13' title="bbox 110 1664 1215 1757; baseline -0.004 -20"><span class='ocrx_word' id='word_1_95' title='bbox 110 1690 168 1745; x_wconf 79' lang='lat'><strong><em>267</em></strong></span> <span class='ocrx_word' id='word_1_96' title='bbox 188 1669 250 1737; x_wconf 87' lang='grc' dir='ltr'><strong><em>τόν</em></strong></span> <span class='ocrx_word' id='word_1_97' title='bbox 265 1673 320 1755; x_wconf 79' lang='grc' dir='ltr'><strong><em>ἔτη</em></strong></span> <span class='ocrx_word' id='word_1_98' title='bbox 334 1666 499 1755; x_wconf 74' lang='grc' dir='ltr'><strong><em>γεγονώς,</em></strong></span> <span class='ocrx_word' id='word_1_99' title='bbox 523 1665 584 1735; x_wconf 84' lang='grc' dir='ltr'><strong><em>ὅσα</em></strong></span> <span class='ocrx_word' id='word_1_100' title='bbox 600 1692 662 1751; x_wconf 89' lang='grc' dir='ltr'><strong><em>περ</em></strong></span> <span class='ocrx_word' id='word_1_101' title='bbox 679 1670 715 1734; x_wconf 88' lang='grc' dir='ltr'><strong><em>ἐν</em></strong></span> <span class='ocrx_word' id='word_1_102' title='bbox 732 1664 815 1757; x_wconf 78' lang='grc' dir='ltr'><strong><em>ἀρχῇ</em></strong></span> <span class='ocrx_word' id='word_1_103' title='bbox 829 1681 1007 1753; x_wconf 78' lang='grc' dir='ltr'><strong><em>προεῖπον·</em></strong></span> <span class='ocrx_word' id='word_1_104' title='bbox 1030 1665 1095 1754; x_wconf 77' lang='grc' dir='ltr'><strong><em>ἤδη</em></strong></span> <span class='ocrx_word' id='word_1_105' title='bbox 1110 1668 1146 1734; x_wconf 85' lang='grc' dir='ltr'><strong><em>δέ</em></strong></span> <span class='ocrx_word' id='word_1_106' title='bbox 1163 1688 1215 1743; x_wconf 75' lang='lat'><strong><em>289</em></strong></span> 
     </span>
     <span class='ocr_line' id='line_1_14' title="bbox 189 1765 1146 1856; baseline -0.005 -20"><span class='ocrx_word' id='word_1_107' title='bbox 189 1778 258 1836; x_wconf 77' lang='grc' dir='ltr'><strong><em>τῶν</em></strong></span> <span class='ocrx_word' id='word_1_108' title='bbox 266 1765 413 1856; x_wconf 79' lang='grc' dir='ltr'><strong><em>ἦμισέων</em></strong></span> <span class='ocrx_word' id='word_1_109' title='bbox 424 1770 676 1854; x_wconf 89' lang='grc' dir='ltr'><strong><em>γεγραμμένων,</em></strong></span> <span class='ocrx_word' id='word_1_110' title='bbox 688 1770 927 1854; x_wconf 86' lang='grc' dir='ltr'><strong><em>ἐπιγενομένου</em></strong></span> <span class='ocrx_word' id='word_1_111' title='bbox 933 1793 989 1854; x_wconf 92' lang='grc' dir='ltr'><strong><em>μοι</em></strong></span> <span class='ocrx_word' id='word_1_112' title='bbox 1001 1768 1146 1851; x_wconf 82' lang='grc' dir='ltr'><strong><em>νοσήμα-</em></strong></span> 
     </span>
     <span class='ocr_line' id='line_1_15' title="bbox 188 1863 1146 1955; baseline -0.002 -20"><span class='ocrx_word' id='word_1_113' title='bbox 188 1895 245 1946; x_wconf 91' lang='grc' dir='ltr'><strong><em>τος</em></strong></span> <span class='ocrx_word' id='word_1_114' title='bbox 260 1871 407 1955; x_wconf 76' lang='grc' dir='ltr'><strong><em>ῥηθῆναι</em></strong></span> <span class='ocrx_word' id='word_1_115' title='bbox 422 1869 484 1952; x_wconf 74' lang='grc' dir='ltr'><strong><em>μὲν</em></strong></span> <span class='ocrx_word' id='word_1_116' title='bbox 498 1863 561 1933; x_wconf 87' lang='grc' dir='ltr'><strong><em>ούκ</em></strong></span> <span class='ocrx_word' id='word_1_117' title='bbox 576 1864 780 1951; x_wconf 80' lang='grc' dir='ltr'><strong><em>εὐπρεποῦς,</em></strong></span> <span class='ocrx_word' id='word_1_118' title='bbox 797 1871 989 1952; x_wconf 79' lang='grc' dir='ltr'><strong><em>δυναμένου</em></strong></span> <span class='ocrx_word' id='word_1_119' title='bbox 1003 1864 1035 1934; x_wconf 81' lang='grc' dir='ltr'><strong><em>δ’</em></strong></span> <span class='ocrx_word' id='word_1_120' title='bbox 1048 1864 1146 1933; x_wconf 83' lang='grc' dir='ltr'><strong><em>άυαι·</em></strong></span> 
     </span>
     <span class='ocr_line' id='line_1_16' title="bbox 190 1962 1146 2052; baseline -0.002 -18"><span class='ocrx_word' id='word_1_121' title='bbox 190 1981 263 2052; x_wconf 79' lang='grc' dir='ltr'><strong><em>ρεῑν</em></strong></span> <span class='ocrx_word' id='word_1_122' title='bbox 270 1962 311 2032; x_wconf 94' lang='grc' dir='ltr'><strong><em>ού</em></strong></span> <span class='ocrx_word' id='word_1_123' title='bbox 323 1965 429 2051; x_wconf 91' lang='grc' dir='ltr'><strong><em>μόνον</em></strong></span> <span class='ocrx_word' id='word_1_124' title='bbox 439 1962 519 2043; x_wconf 87' lang='grc' dir='ltr'><strong><em>τούς</em></strong></span> <span class='ocrx_word' id='word_1_125' title='bbox 530 1968 777 2051; x_wconf 83' lang='grc' dir='ltr'><strong><em>πρεσβυτέρους</em></strong></span> <span class='ocrx_word' id='word_1_126' title='bbox 788 1962 1146 2052; x_wconf 78' lang='grc' dir='ltr'><strong><em>έντρισλνῆτέτταρσιν</em></strong></span> 
     </span>
     <span class='ocr_line' id='line_1_17' title="bbox 190 2060 1146 2154; baseline -0.001 -23"><span class='ocrx_word' id='word_1_127' title='bbox 190 2064 328 2154; x_wconf 80' lang='grc' dir='ltr'><strong><em>ἡμέραις</em></strong></span> <span class='ocrx_word' id='word_1_128' title='bbox 349 2061 433 2131; x_wconf 83' lang='grc' dir='ltr'><strong><em>άλλά</em></strong></span> <span class='ocrx_word' id='word_1_129' title='bbox 454 2066 509 2131; x_wconf 76' lang='grc' dir='ltr'><strong><em>καὶ</em></strong></span> <span class='ocrx_word' id='word_1_130' title='bbox 530 2070 599 2130; x_wconf 82' lang='grc' dir='ltr'><strong><em>των</em></strong></span> <span class='ocrx_word' id='word_1_131' title='bbox 618 2060 836 2147; x_wconf 69' lang='grc' dir='ltr'><strong><em>ἀκμαζόντων</em></strong></span> <span class='ocrx_word' id='word_1_132' title='bbox 855 2064 1016 2149; x_wconf 85' lang='grc' dir='ltr'><strong><em>πολλούς,</em></strong></span> <span class='ocrx_word' id='word_1_133' title='bbox 1039 2064 1146 2154; x_wconf 86' lang='grc' dir='ltr'><strong><em>τούτφ</em></strong></span> 
     </span>
     <span class='ocr_line' id='line_1_18' title="bbox 191 2160 1147 2251; baseline -0.003 -18"><span class='ocrx_word' id='word_1_134' title='bbox 191 2170 331 2233; x_wconf 79' lang='grc' dir='ltr'><strong><em>διατελῶ</em></strong></span> <span class='ocrx_word' id='word_1_135' title='bbox 341 2161 406 2246; x_wconf 90' lang='grc' dir='ltr'><strong><em>τρί’</em></strong></span> <span class='ocrx_word' id='word_1_136' title='bbox 417 2169 472 2250; x_wconf 88' lang='grc' dir='ltr'><strong><em>ἐτη</em></strong></span> <span class='ocrx_word' id='word_1_137' title='bbox 484 2165 686 2250; x_wconf 81' lang='grc' dir='ltr'><strong><em>μαχόμενος,</em></strong></span> <span class='ocrx_word' id='word_1_138' title='bbox 699 2160 788 2230; x_wconf 81' lang='grc' dir='ltr'><strong><em>οὕτω</em></strong></span> <span class='ocrx_word' id='word_1_139' title='bbox 800 2165 994 2248; x_wconf 80' lang='grc' dir='ltr'><strong><em>φιλοπόνως</em></strong></span> <span class='ocrx_word' id='word_1_140' title='bbox 1004 2166 1147 2251; x_wconf 75' lang='grc' dir='ltr'><strong><em>ἑκάστην</em></strong></span> 
     </span>
     <span class='ocr_line' id='line_1_19' title="bbox 190 2259 1144 2351; baseline -0.004 -19"><span class='ocrx_word' id='word_1_141' title='bbox 190 2264 253 2351; x_wconf 80' lang='grc' dir='ltr'><strong><em>τὴν</em></strong></span> <span class='ocrx_word' id='word_1_142' title='bbox 268 2263 396 2351; x_wconf 83' lang='grc' dir='ltr'><strong><em>ἡμέραν</em></strong></span> <span class='ocrx_word' id='word_1_143' title='bbox 411 2263 540 2349; x_wconf 87' lang='grc' dir='ltr'><strong><em>διάγων</em></strong></span> <span class='ocrx_word' id='word_1_144' title='bbox 555 2261 640 2331; x_wconf 77' lang='grc' dir='ltr'><strong><em>ὥστε</em></strong></span> <span class='ocrx_word' id='word_1_145' title='bbox 656 2261 736 2341; x_wconf 86' lang='grc' dir='ltr'><strong><em>τούς</em></strong></span> <span class='ocrx_word' id='word_1_146' title='bbox 754 2264 881 2341; x_wconf 77' lang='grc' dir='ltr'><strong><em>εἰδότας</em></strong></span> <span class='ocrx_word' id='word_1_147' title='bbox 895 2265 949 2331; x_wconf 80' lang='grc' dir='ltr'><strong><em>καὶ</em></strong></span> <span class='ocrx_word' id='word_1_148' title='bbox 963 2261 1042 2342; x_wconf 88' lang='grc' dir='ltr'><strong><em>τούς</em></strong></span> <span class='ocrx_word' id='word_1_149' title='bbox 1056 2259 1144 2347; x_wconf 83' lang='grc' dir='ltr'><strong><em>παρά</em></strong></span> 
     </span>
     <span class='ocr_line' id='line_1_20' title="bbox 191 2358 1146 2448; baseline -0.004 -16"><span class='ocrx_word' id='word_1_150' title='bbox 191 2365 321 2432; x_wconf 89' lang='grc' dir='ltr'><strong><em>τούτων</em></strong></span> <span class='ocrx_word' id='word_1_151' title='bbox 335 2364 619 2446; x_wconf 80' lang='grc' dir='ltr'><strong><em>πυνθανομένους</em></strong></span> <span class='ocrx_word' id='word_1_152' title='bbox 630 2363 760 2447; x_wconf 82' lang='grc' dir='ltr'><strong><em>μᾶλλόν</em></strong></span> <span class='ocrx_word' id='word_1_153' title='bbox 771 2388 810 2448; x_wconf 88' lang='grc' dir='ltr'><strong><em>με</em></strong></span> <span class='ocrx_word' id='word_1_154' title='bbox 821 2362 1008 2448; x_wconf 73' lang='grc' dir='ltr'><strong><em>θαυμάζειν</em></strong></span> <span class='ocrx_word' id='word_1_155' title='bbox 1019 2360 1073 2429; x_wconf 86' lang='grc' dir='ltr'><strong><em>διά</em></strong></span> <span class='ocrx_word' id='word_1_156' title='bbox 1084 2358 1146 2447; x_wconf 79' lang='grc' dir='ltr'><strong><em>τὴν</em></strong></span> 
     </span>
    </p>

    <p class='ocr_par' dir='ltr' id='par_1_6' title="bbox 112 2458 1172 3044">
     <span class='ocr_line' id='line_1_21' title="bbox 112 2458 1146 2550; baseline -0.005 -16"><span class='ocrx_word' id='word_1_157' title='bbox 112 2480 174 2534; x_wconf 73' lang='lat'><strong><em>268</em></strong></span> <span class='ocrx_word' id='word_1_158' title='bbox 189 2472 369 2549; x_wconf 76' lang='grc' dir='ltr'><strong><em>καρτερίαν</em></strong></span> <span class='ocrx_word' id='word_1_159' title='bbox 389 2463 515 2549; x_wconf 86' lang='grc' dir='ltr'><strong><em>ταύτην</em></strong></span> <span class='ocrx_word' id='word_1_160' title='bbox 531 2458 554 2548; x_wconf 79' lang='grc' dir='ltr'><strong><em>ἦ</em></strong></span> <span class='ocrx_word' id='word_1_161' title='bbox 574 2461 619 2529; x_wconf 90' lang='grc' dir='ltr'><strong><em>δι’</em></strong></span> <span class='ocrx_word' id='word_1_162' title='bbox 637 2460 659 2529; x_wconf 77' lang='grc' dir='ltr'><strong><em>ά</em></strong></span> <span class='ocrx_word' id='word_1_163' title='bbox 673 2462 839 2547; x_wconf 88' lang='grc' dir='ltr'><strong><em>πρότερον</em></strong></span> <span class='ocrx_word' id='word_1_164' title='bbox 855 2464 1058 2550; x_wconf 83' lang='grc' dir='ltr'><strong><em>έπηνούμην.</em></strong></span> <span class='ocrx_word' id='word_1_165' title='bbox 1082 2462 1146 2549; x_wconf 80' lang='grc' dir='ltr'><strong><em>ἤδη</em></strong></span> 
     </span>
     <span class='ocr_line' id='line_1_22' title="bbox 191 2558 1172 2649; baseline 0 -19"><span class='ocrx_word' id='word_1_166' title='bbox 191 2564 223 2630; x_wconf 92' lang='grc' dir='ltr'><strong><em>δ’</em></strong></span> <span class='ocrx_word' id='word_1_167' title='bbox 239 2560 457 2647; x_wconf 75' lang='grc' dir='ltr'><strong><em>ἀπειρηκότος</em></strong></span> <span class='ocrx_word' id='word_1_168' title='bbox 479 2564 533 2628; x_wconf 84' lang='grc' dir='ltr'><strong><em>καλ</em></strong></span> <span class='ocrx_word' id='word_1_169' title='bbox 554 2558 689 2646; x_wconf 79' lang='grc' dir='ltr'><strong><em>διάτὴν</em></strong></span> <span class='ocrx_word' id='word_1_170' title='bbox 710 2562 816 2628; x_wconf 91' lang='grc' dir='ltr'><strong><em>νόσον</em></strong></span> <span class='ocrx_word' id='word_1_171' title='bbox 837 2567 892 2628; x_wconf 78' lang='grc' dir='ltr'><strong><em>καὶ</em></strong></span> <span class='ocrx_word' id='word_1_172' title='bbox 912 2559 967 2627; x_wconf 83' lang='grc' dir='ltr'><strong><em>διά</em></strong></span> <span class='ocrx_word' id='word_1_173' title='bbox 981 2560 1019 2628; x_wconf 88' lang='grc' dir='ltr'><strong><em>τό</em></strong></span> <span class='ocrx_word' id='word_1_174' title='bbox 1040 2567 1172 2649; x_wconf 81' lang='grc' dir='ltr'><strong><em>γῆραςο</em></strong></span> 
     </span>
     <span class='ocr_line' id='line_1_23' title="bbox 191 2658 1147 2746; baseline -0.002 -17"><span class='ocrx_word' id='word_1_175' title='bbox 191 2670 259 2729; x_wconf 80' lang='grc' dir='ltr'><strong><em>τῶν</em></strong></span> <span class='ocrx_word' id='word_1_176' title='bbox 280 2662 556 2728; x_wconf 76' lang='grc' dir='ltr'><strong><em>ἐπισκοπούντων</em></strong></span> <span class='ocrx_word' id='word_1_177' title='bbox 573 2660 662 2738; x_wconf 87' lang='grc' dir='ltr'><strong><em>τινές</em></strong></span> <span class='ocrx_word' id='word_1_178' title='bbox 684 2686 726 2745; x_wconf 88' lang='grc' dir='ltr'><strong><em>με</em></strong></span> <span class='ocrx_word' id='word_1_179' title='bbox 752 2661 807 2728; x_wconf 82' lang='grc' dir='ltr'><strong><em>καὶ</em></strong></span> <span class='ocrx_word' id='word_1_180' title='bbox 821 2661 981 2738; x_wconf 79' lang='grc' dir='ltr'><strong><em>πολλάκις</em></strong></span> <span class='ocrx_word' id='word_1_181' title='bbox 996 2658 1147 2746; x_wconf 81' lang='grc' dir='ltr'><strong><em>άνεγνω-</em></strong></span> 
     </span>
     <span class='ocr_line' id='line_1_24' title="bbox 190 2756 1146 2846; baseline -0.001 -19"><span class='ocrx_word' id='word_1_182' title='bbox 190 2761 300 2827; x_wconf 82' lang='grc' dir='ltr'><strong><em>πότων</em></strong></span> <span class='ocrx_word' id='word_1_183' title='bbox 319 2757 357 2826; x_wconf 88' lang='grc' dir='ltr'><strong><em>τό</em></strong></span> <span class='ocrx_word' id='word_1_184' title='bbox 381 2761 480 2846; x_wconf 90' lang='grc' dir='ltr'><strong><em>μέρος</em></strong></span> <span class='ocrx_word' id='word_1_185' title='bbox 500 2766 563 2826; x_wconf 84' lang='grc' dir='ltr'><strong><em>τοῦ</em></strong></span> <span class='ocrx_word' id='word_1_186' title='bbox 583 2759 688 2845; x_wconf 92' lang='grc' dir='ltr'><strong><em>λόγου</em></strong></span> <span class='ocrx_word' id='word_1_187' title='bbox 708 2756 745 2826; x_wconf 87' lang='grc' dir='ltr'><strong><em>τό</em></strong></span> <span class='ocrx_word' id='word_1_188' title='bbox 768 2762 999 2845; x_wconf 91' lang='grc' dir='ltr'><strong><em>γεγραμμένον</em></strong></span> <span class='ocrx_word' id='word_1_189' title='bbox 1014 2760 1146 2828; x_wconf 88' lang='grc' dir='ltr'><strong><em>ἐδέοντό</em></strong></span> 
     </span>
     <span class='ocr_line' id='line_1_25' title="bbox 190 2855 1146 2945; baseline 0.003 -21"><span class='ocrx_word' id='word_1_190' title='bbox 190 2884 257 2945; x_wconf 91' lang='grc' dir='ltr'><strong><em>μου</em></strong></span> <span class='ocrx_word' id='word_1_191' title='bbox 275 2861 330 2926; x_wconf 79' lang='grc' dir='ltr'><strong><em>καλ</em></strong></span> <span class='ocrx_word' id='word_1_192' title='bbox 350 2858 603 2944; x_wconf 81' lang='grc' dir='ltr'><strong><em>συνεβούλευον</em></strong></span> <span class='ocrx_word' id='word_1_193' title='bbox 622 2855 666 2944; x_wconf 77' lang='grc' dir='ltr'><strong><em>μὴ</em></strong></span> <span class='ocrx_word' id='word_1_194' title='bbox 688 2867 880 2924; x_wconf 77' lang='grc' dir='ltr'><strong><em>καταλιπεῖν</em></strong></span> <span class='ocrx_word' id='word_1_195' title='bbox 895 2856 999 2925; x_wconf 80' lang='grc' dir='ltr'><strong><em>αὐτόν</em></strong></span> <span class='ocrx_word' id='word_1_196' title='bbox 1011 2857 1146 2945; x_wconf 71' lang='grc' dir='ltr'><strong><em>ἡμιτελῆ</em></strong></span> 
     </span>
     <span class='ocr_line' id='line_1_26' title="bbox 190 2955 1165 3044; baseline 0.001 -20"><span class='ocrx_word' id='word_1_197' title='bbox 190 2955 269 3044; x_wconf 87' lang='grc' dir='ltr'><strong><em>μηδ’</em></strong></span> <span class='ocrx_word' id='word_1_198' title='bbox 292 2956 511 3042; x_wconf 89' lang='grc' dir='ltr'><strong><em>άδιέργαστον</em></strong></span> <span class='ocrx_word' id='word_1_199' title='bbox 535 2957 619 3024; x_wconf 84' lang='grc' dir='ltr'><strong><em>άλλά</em></strong></span> <span class='ocrx_word' id='word_1_200' title='bbox 640 2964 785 3044; x_wconf 78' lang='grc' dir='ltr'><strong><em>πονῆσαι</em></strong></span> <span class='ocrx_word' id='word_1_201' title='bbox 806 2955 929 3041; x_wconf 84' lang='grc' dir='ltr'><strong><em>μικρὸν</em></strong></span> <span class='ocrx_word' id='word_1_202' title='bbox 949 2958 1073 3044; x_wconf 81' lang='grc' dir='ltr'><strong><em>χρόνον</em></strong></span> <span class='ocrx_word' id='word_1_203' title='bbox 1093 2960 1165 3026; x_wconf 75' lang='grc' dir='ltr'><strong><em>καὶ.</em></strong></span> 
     </span>
    </p>

    <p class='ocr_par' dir='ltr' id='par_1_7' title="bbox 112 3054 1174 3641">
     <span class='ocr_line' id='line_1_27' title="bbox 112 3054 1148 3143; baseline 0.002 -21"><span class='ocrx_word' id='word_1_204' title='bbox 112 3078 174 3135; x_wconf 75' lang='lat'><strong><em>269</em></strong></span> <span class='ocrx_word' id='word_1_205' title='bbox 190 3062 367 3143; x_wconf 86' lang='grc' dir='ltr'><strong><em>προσέχειν</em></strong></span> <span class='ocrx_word' id='word_1_206' title='bbox 380 3072 449 3136; x_wconf 78' lang='grc' dir='ltr'><strong><em>τοῖς</em></strong></span> <span class='ocrx_word' id='word_1_207' title='bbox 463 3066 590 3134; x_wconf 80' lang='grc' dir='ltr'><strong><em>λοιποῖς</em></strong></span> <span class='ocrx_word' id='word_1_208' title='bbox 606 3058 665 3124; x_wconf 86' lang='grc' dir='ltr'><strong><em>τόν</em></strong></span> <span class='ocrx_word' id='word_1_209' title='bbox 676 3065 770 3123; x_wconf 80' lang='grc' dir='ltr'><strong><em>νοῦν.</em></strong></span> <span class='ocrx_word' id='word_1_210' title='bbox 790 3054 850 3141; x_wconf 86' lang='grc' dir='ltr'><strong><em>ούχ</em></strong></span> <span class='ocrx_word' id='word_1_211' title='bbox 864 3054 985 3142; x_wconf 85' lang='grc' dir='ltr'><strong><em>ὁμοίως</em></strong></span> <span class='ocrx_word' id='word_1_212' title='bbox 997 3058 1032 3123; x_wconf 76' lang='grc' dir='ltr'><strong><em>δὲ</em></strong></span> <span class='ocrx_word' id='word_1_213' title='bbox 1044 3060 1148 3124; x_wconf 89' lang='grc' dir='ltr'><strong><em>διελέ-</em></strong></span> 
     </span>
     <span class='ocr_line' id='line_1_28' title="bbox 190 3150 1147 3242; baseline -0.001 -20"><span class='ocrx_word' id='word_1_214' title='bbox 190 3182 290 3241; x_wconf 88' lang='grc' dir='ltr'><strong><em>γοντο</em></strong></span> <span class='ocrx_word' id='word_1_215' title='bbox 301 3159 377 3242; x_wconf 80' lang='grc' dir='ltr'><strong><em>περὶ</em></strong></span> <span class='ocrx_word' id='word_1_216' title='bbox 384 3157 513 3225; x_wconf 89' lang='grc' dir='ltr'><strong><em>τούτων</em></strong></span> <span class='ocrx_word' id='word_1_217' title='bbox 523 3171 591 3235; x_wconf 81' lang='grc' dir='ltr'><strong><em>τοῖς</em></strong></span> <span class='ocrx_word' id='word_1_218' title='bbox 597 3154 867 3241; x_wconf 88' lang='grc' dir='ltr'><strong><em>άφοσιουμένοις,</em></strong></span> <span class='ocrx_word' id='word_1_219' title='bbox 879 3150 953 3221; x_wconf 79' lang='grc' dir='ltr'><strong><em>ἀλλ’</em></strong></span> <span class='ocrx_word' id='word_1_220' title='bbox 966 3158 1147 3241; x_wconf 77' lang='grc' dir='ltr'><strong><em>ὑπερεπαι-</em></strong></span> 
     </span>
     <span class='ocr_line' id='line_1_29' title="bbox 193 3248 1174 3343; baseline -0.004 -21"><span class='ocrx_word' id='word_1_221' title='bbox 193 3263 331 3334; x_wconf 83' lang='grc' dir='ltr'><strong><em>νοῦντες</em></strong></span> <span class='ocrx_word' id='word_1_222' title='bbox 343 3258 405 3342; x_wconf 81' lang='grc' dir='ltr'><strong><em>μὲν</em></strong></span> <span class='ocrx_word' id='word_1_223' title='bbox 416 3254 455 3324; x_wconf 81' lang='grc' dir='ltr'><strong><em>τά</em></strong></span> <span class='ocrx_word' id='word_1_224' title='bbox 472 3261 700 3343; x_wconf 77' lang='grc' dir='ltr'><strong><em>γεγραμμένα,</em></strong></span> <span class='ocrx_word' id='word_1_225' title='bbox 715 3262 854 3323; x_wconf 82' lang='grc' dir='ltr'><strong><em>τοιαῦτα</em></strong></span> <span class='ocrx_word' id='word_1_226' title='bbox 867 3257 901 3321; x_wconf 78' lang='grc' dir='ltr'><strong><em>δέ</em></strong></span> <span class='ocrx_word' id='word_1_227' title='bbox 917 3255 1084 3339; x_wconf 86' lang='grc' dir='ltr'><strong><em>λέγοντες,</em></strong></span> <span class='ocrx_word' id='word_1_228' title='bbox 1100 3248 1174 3323; x_wconf 81' lang='grc' dir='ltr'><strong><em>ύνο</em></strong></span> 
     </span>
     <span class='ocr_line' id='line_1_30' title="bbox 192 3352 1145 3443; baseline -0.002 -20"><span class='ocrx_word' id='word_1_229' title='bbox 192 3365 225 3423; x_wconf 83' lang='grc' dir='ltr'><strong><em>εί</em></strong></span> <span class='ocrx_word' id='word_1_230' title='bbox 232 3381 318 3433; x_wconf 91' lang='grc' dir='ltr'><strong><em>τινες</em></strong></span> <span class='ocrx_word' id='word_1_231' title='bbox 329 3354 457 3441; x_wconf 78' lang='grc' dir='ltr'><strong><em>ἤκουον</em></strong></span> <span class='ocrx_word' id='word_1_232' title='bbox 468 3358 549 3443; x_wconf 78' lang='grc' dir='ltr'><strong><em>μήτε</em></strong></span> <span class='ocrx_word' id='word_1_233' title='bbox 561 3356 723 3442; x_wconf 83' lang='grc' dir='ltr'><strong><em>συνήθεις</em></strong></span> <span class='ocrx_word' id='word_1_234' title='bbox 731 3355 809 3441; x_wconf 77' lang='grc' dir='ltr'><strong><em>ἡμῖν</em></strong></span> <span class='ocrx_word' id='word_1_235' title='bbox 819 3356 914 3433; x_wconf 91' lang='grc' dir='ltr'><strong><em>ὅντες</em></strong></span> <span class='ocrx_word' id='word_1_236' title='bbox 922 3352 998 3441; x_wconf 81' lang='grc' dir='ltr'><strong><em>μήτ’</em></strong></span> <span class='ocrx_word' id='word_1_237' title='bbox 1009 3354 1145 3421; x_wconf 88' lang='grc' dir='ltr'><strong><em>εύνοιαν</em></strong></span> 
     </span>
     <span class='ocr_line' id='line_1_31' title="bbox 190 3449 1145 3542; baseline -0.003 -20"><span class='ocrx_word' id='word_1_238' title='bbox 190 3460 355 3541; x_wconf 87' lang='grc' dir='ltr'><strong><em>μηδεμίαν</em></strong></span> <span class='ocrx_word' id='word_1_239' title='bbox 375 3462 520 3542; x_wconf 75' lang='grc' dir='ltr'><strong><em>ἔχοντες,</em></strong></span> <span class='ocrx_word' id='word_1_240' title='bbox 542 3454 605 3523; x_wconf 89' lang='grc' dir='ltr'><strong><em>ούκ</em></strong></span> <span class='ocrx_word' id='word_1_241' title='bbox 626 3462 716 3523; x_wconf 81' lang='grc' dir='ltr'><strong><em>ἔστιν</em></strong></span> <span class='ocrx_word' id='word_1_242' title='bbox 733 3456 822 3534; x_wconf 67' lang='grc' dir='ltr'><strong><em>ὅπως</em></strong></span> <span class='ocrx_word' id='word_1_243' title='bbox 838 3454 899 3522; x_wconf 89' lang='grc' dir='ltr'><strong><em>ούκ</em></strong></span> <span class='ocrx_word' id='word_1_244' title='bbox 915 3449 958 3521; x_wconf 84' lang='grc' dir='ltr'><strong><em>άν</em></strong></span> <span class='ocrx_word' id='word_1_245' title='bbox 976 3452 1145 3541; x_wconf 82' lang='grc' dir='ltr'><strong><em>ὑπέλαβον</em></strong></span> 
     </span>
     <span class='ocr_line' id='line_1_32' title="bbox 190 3554 1144 3641; baseline -0.002 -20"><span class='ocrx_word' id='word_1_246' title='bbox 190 3554 269 3632; x_wconf 83' lang='grc' dir='ltr'><strong><em>τούς</em></strong></span> <span class='ocrx_word' id='word_1_247' title='bbox 289 3556 351 3640; x_wconf 76' lang='grc' dir='ltr'><strong><em>μέν</em></strong></span> <span class='ocrx_word' id='word_1_248' title='bbox 373 3562 576 3641; x_wconf 78' lang='grc' dir='ltr'><strong><em>φενακιζειν,</em></strong></span> <span class='ocrx_word' id='word_1_249' title='bbox 599 3557 655 3641; x_wconf 74' lang='grc' dir='ltr'><strong><em>ἐμὲ</em></strong></span> <span class='ocrx_word' id='word_1_250' title='bbox 669 3556 706 3623; x_wconf 75' lang='grc' dir='ltr'><strong><em>δὲ</em></strong></span> <span class='ocrx_word' id='word_1_251' title='bbox 723 3555 931 3639; x_wconf 85' lang='grc' dir='ltr'><strong><em>διεφθάρθαι</em></strong></span> <span class='ocrx_word' id='word_1_252' title='bbox 950 3559 1004 3622; x_wconf 80' lang='grc' dir='ltr'><strong><em>καὶ</em></strong></span> <span class='ocrx_word' id='word_1_253' title='bbox 1019 3556 1144 3621; x_wconf 85' lang='grc' dir='ltr'><strong><em>παντά-</em></strong></span> 
     </span>
    </p>

    <p class='ocr_par' dir='ltr' id='par_1_8' title="bbox 114 3652 1146 3739">
     <span class='ocr_line' id='line_1_33' title="bbox 114 3652 1146 3739; baseline -0.002 -16"><span class='ocrx_word' id='word_1_254' title='bbox 114 3672 170 3727; x_wconf 75' lang='lat'>‘27⁰</span> <span class='ocrx_word' id='word_1_255' title='bbox 193 3674 295 3719; x_wconf 88' lang='grc' dir='ltr'><strong><em>πασιυ</em></strong></span> <span class='ocrx_word' id='word_1_256' title='bbox 311 3652 394 3720; x_wconf 68' lang='grc' dir='ltr'><strong><em>εἶναι</em></strong></span> <span class='ocrx_word' id='word_1_257' title='bbox 406 3653 532 3736; x_wconf 88' lang='grc' dir='ltr'><strong><em>μωρόν,</em></strong></span> <span class='ocrx_word' id='word_1_258' title='bbox 549 3662 579 3723; x_wconf 86' lang='grc' dir='ltr'><strong><em>εί</em></strong></span> <span class='ocrx_word' id='word_1_259' title='bbox 590 3661 740 3737; x_wconf 88' lang='grc' dir='ltr'><strong><em>πείσομαι</em></strong></span> <span class='ocrx_word' id='word_1_260' title='bbox 755 3670 823 3733; x_wconf 79' lang='grc' dir='ltr'><strong><em>τοῖς</em></strong></span> <span class='ocrx_word' id='word_1_261' title='bbox 834 3658 1033 3739; x_wconf 88' lang='grc' dir='ltr'><strong><em>λεγομένοις.</em></strong></span> <span class='ocrx_word' id='word_1_262' title='bbox 1058 3654 1146 3721; x_wconf 81' lang='grc' dir='ltr'><strong><em>οὕτω</em></strong></span> 
     </span>
    </p>
   </div>
   <div class='ocr_carea' id='block_1_3' title="bbox 0 0 1438 4334">
    <p class='ocr_par' dir='ltr' id='par_1_9' title="bbox 0 0 1438 4334">
     <span class='ocr_line' id='line_1_34' title="bbox 0 0 1438 4334; baseline 0 0"><span class='ocrx_word' id='word_1_263' title='bbox 0 0 1438 4334; x_wconf 95' lang='lat' dir='ltr'><strong><em> </em></strong></span> 
     </span>
    </p>
   </div>
  </div>
 </body>
</html>
