2859 4334
311 322 374 387 170
580 330 901 387 ιεοιινινονῑ
922 329 988 405 (ιι)

311 483 423 569 ὀρθῶς
438 489 491 553 καλ
505 486 699 571 πρεπόντως
714 493 904 570 προεστῶτα
918 494 975 571 τῆς
988 484 1118 570 ἡλικίας
1132 492 1187 555 καὶ
1202 514 1266 553 κα-

309 582 373 671 λὴν
394 583 498 670 ἀρχὴν
519 592 579 651 τοῦ
601 592 678 671 βίον
699 587 903 671 ποιούμενον
924 584 1029 653 αὑτοῦ
1051 588 1220 669 πρότερον
1246 584 1267 671 ἢ

310 690 377 749 τῶν
392 680 497 749 αὑτοῦ
515 683 720 768 ποιήσασθαι
734 681 796 768 τὴν
811 686 1015 769 ἐπιμέλειαν,
1030 686 1084 750 καὶ
1099 684 1144 769 μὴ
1159 684 1268 751 σπεύ-

310 786 382 847 δειν
390 776 475 864 μηδὲ
486 784 594 864 ζητεῖν
606 780 727 862 ἑτέρων
750 779 880 866 όρχειν,
911 786 991 864 πρὶν
1011 777 1055 848 ἄν
1079 789 1137 869 τῆς
1158 780 1268 849 αὑτοῦ

311 883 460 955 διανοίας
474 879 561 967 λόβη
571 873 631 944 τόν
643 880 918 965 έπιστατησοντα,
936 876 1016 965 μηδ’
1032 876 1122 947 οὕτω
1135 888 1268 965 χαίρειν

310 980 393 1061 μηδὲ
404 978 486 1060 μέγα
497 990 638 1059 φρονεῖν
649 978 700 1043 ἐπὶ
715 992 783 1053 τοῑς
794 976 908 1054 ἄλλοις
918 975 1058 1063 ἀγαθοῖς
1073 976 1118 1057 ὡς
1133 982 1184 1047 ἐπὶ
1196 994 1268 1057 τοίς

311 1078 347 1142 έν
362 1083 401 1161 ιη’
423 1081 510 1161 ψυχῇ
532 1072 586 1140 διὰ
607 1072 669 1161 τὴν
691 1082 845 1142 παιδείαν
860 1079 1117 1162 ε’γγιγνομένοις.
1156 1085 1265 1146 καίτοι

310 1172 389 1252 τούς
403 1174 542 1263 τοιούτῳ
557 1182 704 1263 λογισμῷ
719 1179 941 1259 κεχρημένους
954 1184 1023 1254 πῶς
1037 1174 1100 1244 ούιι
1117 1179 1268 1245 §namst-

310 1284 391 1340 σθαι
408 1271 469 1358 χρὴ
487 1279 614 1356 μᾶλλον
634 1268 655 1359 ἦ
670 1277 850 1357 ψέγεσθαι,
875 1277 929 1340 καὶ
943 1280 1137 1359 νομίζεσθαι
1153 1282 1268 1362 βελτί-

311 1388 409 1448 στους
431 1368 513 1437 εἶναι
530 1371 584 1437 καὶ
599 1372 897 1454 σωφρονεστάτους
911 1378 979 1437 τῶν
994 1369 1201 1457 ἡλικιωτῦνς
1346 1371 1347 1396 ³

244 1482 290 1537 291
395 1470 560 1555 Θαυμόζω
579 1467 610 1535 δ’
636 1468 708 1535 ὅσοι
723 1469 878 1555 τούςμὲν
894 1471 994 1554 φύσει
1011 1470 1144 1549 δεινούς
1166 1471 1268 1550 ὄντας
1346 1465 1347 1472 ¹

312 1576 416 1637 εἰπεῖν
428 1566 715 1653 εὐδαιμονίζουσιν
729 1566 773 1648 ὡς
783 1567 918 1653 ἀγαθοῦ
929 1571 983 1637 καὶ
995 1579 1101 1639 καλοῦ
1112 1573 1267 1657 πρόγμα-
1346 1649 1347 1652 ¹

310 1696 365 1745 τος
377 1668 489 1746 αύτοῑς
499 1670 764 1755 συμβεβηκότος,
780 1666 858 1747 τούς
870 1670 907 1736 δέ
916 1670 1089 1747 τοιούτους
1102 1673 1266 1754 γενέσθαι
1346 1723 1347 1730 1

310 1770 537 1852 βουλομένους
557 1772 770 1849 λοιδοροῦσιν
787 1764 831 1844 ὡς
852 1765 971 1834 όδίιιου
986 1770 1040 1835 καὶ
1060 1774 1168 1836 κακοῦ
1185 1793 1266 1834 παι·
1346 1785 1347 1836 ι

312 1866 473 1949 δεύματος
488 1866 746 1950 ἐπιθυμοῦντας.
784 1874 891 1933 καίτοι
905 1873 939 1932 τί
951 1874 1018 1933 τῶν
1034 1867 1135 1950 φύσει
1149 1875 1267 1935 καλῶν

312 1964 419 2031 ὄντων
434 1965 551 2050 μελέτῃ
576 1964 805 2048 κατεργασθδν
822 1962 959 2048 αἰσχρόν
985 1958 1004 2049 ἦ
1026 1964 1132 2031 ιιαιιόν
1156 1967 1267 2042 έστιν;

311 2060 412 2129 οὐδὲν
432 2059 497 2148 γὰρ
519 2060 705 2149 εὑρήσομεν
727 2069 896 2147 τοιοῦτον,
917 2059 991 2129 ἀλλ’
1011 2069 1049 2130 ἔν
1062 2088 1101 2151 γε
1119 2078 1190 2142 τοῖς
1205 2062 1268 2131 ἄλ·
1346 2133 1348 2150 ,

311 2171 380 2241 λοις
405 2165 608 2248 ἐπαινοῦμεν
632 2160 711 2241 τούς
730 2177 801 2240 ταῖς
818 2167 1030 2248 φιλοπονίαις
1054 2177 1124 2239 ταῖς
1151 2160 1267 2240 αὑτῶν
1346 2163 1347 2166 ’

310 2260 442 2346 αγαθόν
451 2288 482 2327 τι
493 2262 678 2347 κτήσασθαι
690 2262 899 2346 δυνηθέντας
911 2256 1070 2347 μᾶλλονῆ
1082 2258 1162 2342 τούς
1173 2260 1267 2348 παρὰ
1346 2185 1348 2324 δ

243 2386 293 2441 292
309 2367 377 2426 τῶι
407 2359 587 2445 προγόνων
615 2361 886 2447 παραλαβόντας,
915 2362 1065 2440 είιιότως
1098 2366 1266 2447 συμφέρει
1285 2372 1321 2428 ιιι

310 2457 373 2622 γὰρ
396 2462 450 2527 έπί
468 2466 586 2525 τετῶν
606 2458 750 2527 ἅλλων“
734 2484 893 2526 απαντων
906 2462 959 2526 και
980 2455 1111 2545 μάλιστ’
1128 2460 1182 2527 έπλ
1197 2468 1268 2527 τῶν
1346 2441 1348 2520 λ

311 2558 420 2644 λόγοιν
438 2584 482 2643 μη
498 2555 556 2636 τὰς
567 2555 725 2678 εύτνχίας
745 2556 829 2626 ἄλλα
847 2556 905 2637 τὰς
925 2561 1110 2643 ἐπιμελείας
1129 2557 1268 2626 εύδοια-

309 2673 393 2744 μεῖν.
416 2659 495 2725 ολ
461 2684 522 2744 μεν
536 2682 600 2743 γαρ
616 2660 717 2743 φύσει
733 2660 788 2726 καὶ
801 2660 884 2745 τύχη
900 2660 1002 2725 δεινοι
1018 2657 1196 2742 γενόμενοι
1211 2661 1268 2727 λέ-
1346 2685 1347 2748 3

309 2783 383 2845 γειν
398 2754 439 2824 ού
453 2754 536 2842 πρὸς
551 2754 587 2824 τό
606 2760 778 2843 βέλτιστον
794 2755 1060 2843 ἀποβλέπουσιν,
1081 2754 1194 2826 ἄλλ’
1174 2784 1268 2836 οπως
1346 2763 1348 2832 λ

309 2883 353 2923 αν
368 2854 529 2941 τύχωσιν,
550 2854 638 2922 οὕτω
652 2864 797 2941 χρῆσθαι
811 2870 879 2933 τοῖς
900 2854 1011 2941 λόγοις
1032 2855 1212 2923 εἰώθασιν·
1234 2860 1269 2924 οί
1346 2867 1348 2938 J

310 2956 346 3023 δὲ
361 2962 544 3042 φιλοσοφιμ
559 2957 614 3022 καὶ
634 2961 781 3043 λογισμφ
802 2980 864 3039 την
884 2952 1030 3040 δύναμιν
1051 2954 1179 3039 ταύτην
1203 2962 1267 3023 λα-

309 3054 441 3140 βόντες,
466 3051 611 3121 οὐδέν’
593 3055 762 3131 ασκέπτιος
787 3045 1006 3138 λέγοντες,
984 3080 1084 3140 ηττον
1108 3055 1184 3137 περὶ
1205 3080 1267 3131 τας

243 3144 293 3237 ηρς
309 3153 443 3235 πράξεις
464 3160 725 3240 πλημμελοῦσιν.
763 3150 849 3220 ὥσθ’
869 3151 971 3219 ἅπασι
993 3156 1055 3239 μὲν
1075 3154 1266 3240 βούλεσθαι

311 3252 470 3339 προσήκει
485 3251 629 3331 πολλούς
652 3251 736 3320 εἶναι
754 3250 831 3330 τούς
847 3254 884 3319 ἐκ
898 3256 1049 3330 παιδείας
1064 3248 1198 3331 δεινούς
1217 3259 1266 3321 εί·
1346 3277 1347 3300 ἒ

311 3366 386 3419 πεῑν
403 3354 640 3439 γιγνομένους,
665 3352 807 3438 μα’λιστα
835 3348 864 3417 δ’
882 3348 980 3437 ὑμῖν·
1011 3354 1066 3419 καὶ
1085 3349 1150 3437 γὰρ
1167 3349 1264 3421 αὐτοὶ

311 3451 464 3535 προέχετε
479 3453 533 3517 καλ
553 3452 726 3536 διαφέρετε
746 3458 814 3518 τῶν
832 3448 943 3519 ἄλλων
964 3448 1006 3517 ού
1027 3464 1097 3529 ταῖς
1112 3455 1187 3535 περὶ
1201 3450 1264 3519 τόν

311 3550 458 3632 πόλεμον
473 3552 684 3636 ἐπιμελείαις,
707 3546 780 3618 οὐδ’
797 3548 848 3616 ότι
869 3551 1026 3619 κάλλιστα
1042 3550 1264 3618 πολιτεύεσθε
