2859 4334
273 408 335 470 ἥδ
553 409 569 463 Ι
574 410 603 465 Σ
609 408 634 464 0
644 408 734 463 ΚΡΑ
745 408 802 465 ΤΟ
811 410 873 465 ΥΣ
889 413 951 476 (10)

272 565 381 655 φοράς
401 570 550 636 ἐπαινεῖν
571 566 828 652 έπιχειρήσειενς
858 562 943 634 ἀλλὰ
964 570 1085 654 δῆλον,
1113 568 1167 637 ὅτι
1182 567 1232 638 δι’

227 683 258 737 11
273 666 455 736 ἀσθένειαν
466 668 615 733 ἐνταῦθα
627 662 909 749 καταφεύγουσιν.
933 669 1002 734 ἐστι
1012 662 1078 753 γάρ
1089 673 1157 734 τῶν
1167 668 1238 753 μὲν

272 764 436 835 τοιούτων
451 761 722 851 συγγραμμάτων
732 769 791 848 μία
801 787 851 840 τις
861 757 956 847 ὁδός,
970 760 1015 849 ἢν
1026 762 1107 833 οὔθ’
1121 762 1271 849 εὑρεῖνο

273 862 350 932 ούτε
364 872 489 949 μαθεῖν
501 859 584 931 ὀὔτε
603 861 815 948 μιμήσασθαι
835 860 1003 929 δύσκολόν
1018 864 1124 930 ἐστιν·
1147 868 1181 932 οί
1193 864 1237 932 δὲ

273 964 380 1031 κοινοὶ
395 964 451 1030 καὶ
471 962 585 1029 πιστοί
601 963 657 1029 καὶ
677 960 811 1039 τούτοις
827 956 939 1047 ὅμοιοι
957 967 1026 1029 τῶν
1045 961 1157 1048 λόγων
1173 963 1234 1031 διά

272 1068 407 1131 πολλῶν
418 1065 519 1129 ἰδεῶν
528 1064 583 1130 καί
591 1067 721 1146 καιρῶν
732 1059 1043 1147 δυσκαταμαθήτων
1054 1058 1236 1149 εὑρίσκον-

272 1168 329 1230 ταί
338 1187 373 1229 τε
387 1161 443 1229 καί
455 1164 626 1247 λέγονται,
640 1163 696 1228 καί
709 1160 858 1250 τοσούτφ
871 1164 1105 1247 χαλεπωτέραν
1118 1166 1236 1249 έχουσι

271 1259 334 1350 τήν
345 1262 528 1347 σύνθεσιν,
544 1260 613 1354 όσφ
624 1286 687 1346 περ
698 1257 737 1328 τό
749 1259 979 1346 σεμνύνεσθαι
992 1265 1055 1327 τοῦ
1064 1260 1237 1329 σκάπτειν

274 1364 328 1428 καί
345 1358 382 1427 τό
404 1359 605 1441 σπουδάζειν
624 1365 686 1427 τοῦ
710 1363 840 1439 παίζειν
861 1357 1109 1446 ἐπικονάτερόν
1129 1361 1232 1428 ἐστιν.

227 1478 258 1530 12
272 1472 411 1545 σημεῖον
433 1460 469 1528 δὲ
482 1461 654 1546 μέγιστον·
683 1465 752 1527 τῶν
768 1458 831 1544 μὲν
850 1455 916 1545 γὰρ
930 1456 1011 1538 τούς
1025 1456 1236 1548 βομβυλιοὺς

271 1562 327 1627 καί
342 1555 422 1637 τούς
440 1555 523 1638 ἅλας
539 1559 594 1628 καί
608 1556 648 1625 τά
670 1564 807 1625 τοιαῦτα
822 1558 1064 1646 βουληθέντων
1079 1560 1264 1627 έπαιυεῖνα

272 1654 383 1736 ούδεὶς
397 1656 530 1724 πάντοτε
547 1657 659 1744 λόγων
673 1654 860 1745 ήτόρησεν,
876 1659 910 1724 οἰ
923 1657 959 1723 δὲ
974 1657 1050 1740 περὶ
1066 1664 1134 1724 τῶν
1148 1653 1235 1742 ὁμο-

271 1760 490 1844 λογουμένων
503 1750 677 1843 άγαθῶνή
693 1749 839 1839 καλῶνῆ
853 1759 922 1820 τῶν
932 1754 1164 1840 διαφερόντων
1176 1752 1232 1820 ἐπ’

272 1852 373 1943 άρετῇ
386 1854 499 1940 λέγειν
509 1854 776 1941 ἐπιχειρήσαντες
791 1849 879 1921 πολύ
890 1856 1150 1938 καταδεέστερον
1163 1860 1235 1921 τῶν

229 1974 259 2027 13
274 1950 495 2039 ὑπαρχόντων
520 1952 665 2032 ἅπαντες
683 1953 865 2039 εἰρήκασιν.
899 1949 942 2019 ού
962 1950 1027 2038 γὰρ
1052 1963 1110 2039 τῆς
1130 1949 1234 2037 αύτής

274 2052 409 2137 γνώμης
419 2053 508 2119 ἐστὶν
518 2049 617 2132 άξίως
627 2057 733 2120 εἰπεῖν
743 2053 820 2137 περὶ
828 2050 994 2137 ε’κατέρων
1005 2048 1136 2137 αὑτῶν,
1148 2049 1236 2119 ἀλλά

273 2149 313 2217 τά
329 2148 643 2243 μένήμικρόΝήδιον
661 2166 730 2230 τοῖς
744 2149 858 2237 λόγοις
871 2146 1141 2238 ὑπερβαλέσθαι,
1165 2158 1236 2217 τῶν

274 2250 310 2317 δὲ
319 2245 538 2335 χαλεπόντοῦ
548 2253 714 2336 μεγέθους
725 2253 920 2336 ἐφικέσθαι·
938 2252 1081 2334 καὶπερὶ
1091 2249 1153 2337 μὲν
1164 2256 1235 2318 τεόν

274 2348 376 2428 δόξαν
386 2350 531 2435 ἐχόντων
541 2351 687 2419 σπάνιον
700 2347 829 2436 εὑρεῖν,
843 2346 866 2415 ὑ
876 2350 991 2436 μηδείς
1003 2349 1170 2436 πρότερον
1182 2360 1233 2417 εἰ·
1244 2359 1264 2415 δ

274 2473 372 2535 ρητε,
396 2451 472 2534 περὶ
485 2447 523 2517 δέ
543 2457 611 2516 τῶν
626 2448 769 2534 φαύλων
786 2449 841 2517 καί
860 2453 1028 2516 ταπεινόν
1042 2446 1063 2514 ὅ
1078 2473 1110 2516 τι
1126 2444 1170 2515 ἄν
1183 2473 1235 2526 τις

273 2547 356 2638 τύχη
369 2549 620 2635 φθεγξάμενος,
638 2546 731 2616 άπαν
744 2549 834 2617 ἰδιόν
847 2548 947 2615 ἐστιν.

230 2670 259 2719 14
358 2647 426 2735 (ξ.)
438 2645 505 2716 Διὸ
514 2653 569 2716 καί
580 2645 641 2717 τόν
649 2646 827 2735 γράψαντα
837 2650 913 2732 περὶ
924 2654 983 2735 τῆς
992 2644 1127 2735 Ἑλένης
1136 2648 1234 2716 ἐται-

275 2753 324 2814 νῶ
339 2746 480 2832 μάλιστα
497 2756 564 2814 τάν
580 2740 621 2814 εὑ
636 2747 748 2834 λέγειν
761 2774 793 2816 τι
807 2750 1067 2836 βουληθέντων,
1089 2744 1141 2816 ότι
1156 2749 1233 2832 περὶ

273 2843 430 2932 τοιαύτης
450 2845 603 2934 ἐμνήσθη
623 2845 801 2933 γυναικός,
824 2844 848 2934 ἢ
866 2850 983 2938 καὶτῷ
1002 2852 1094 2934 γένει
1112 2850 1233 2937 καὶτῷ

274 3049 395 3112 τοῦτον
408 3044 532 3131 μικρόν
546 3071 578 3113 τι
592 3046 802 3128 παρέλαθεν·
823 3048 905 3132 φησί
915 3044 979 3132 μέν
989 3042 1055 3131 γάρ
1066 3043 1235 3131 έγκάμιον

274 3144 479 3229 γεγραφέναι
492 3146 568 3230 περὶ
582 3140 700 3229 αὑτῆς,
722 3144 879 3231 τυγχάνει
890 3141 922 3213 δ’
940 3142 1125 3231 άαολογίαν
1140 3149 1235 3231 εἰρη-

229 3258 261 3311 15
275 3238 343 3319 κως
352 3237 438 3326 ὑπὲρ
450 3248 517 3311 τῶν
526 3244 637 3331 ἐκείνη
648 3245 901 3329 πεπραγμένων.
918 3251 987 3315 ἐστι
999 3243 1032 3314 δ’
1044 3243 1107 3313 ούκ
1118 3247 1156 3313 ἐκ
1166 3249 1237 3311 τῶν
1247 3272 1264 3307 e

274 3338 390 3410 αὑτῶν
408 3347 511 3410 ἰδεῶν
528 3340 610 3409 οὑδὲ
624 3343 701 3429 περὶ
720 3346 789 3409 τῶν
806 3338 921 3411 αὑτῶν
941 3340 1075 3433 [ἔργων]
1094 3342 1240 3435 όλόγος,

275 3439 360 3510 άλλά
379 3445 449 3509 πᾶν
460 3439 679 3511 τούναντίον·
698 3439 941 3529 ἀπολογεῖσθαι
952 3442 1016 3531 μέν
1028 3445 1095 3533 γάρ
1107 3446 1240 3534 προσή-

274 3569 325 3611 κει
337 3544 414 3631 περὶ
427 3546 497 3611 τῶν
509 3539 640 3614 άδικεῖν
649 3551 764 3614 αἰτίαν
774 3543 932 3632 ἐχόντων,
947 3547 1098 3615 ἐπαινεῖν
1107 3546 1145 3616 δέ
1155 3547 1240 3629 τούς
1258 3567 1306 3617 ειι

277 3640 329 3712 ἐπ’
349 3642 470 3731 ἀγαθῷ
487 3646 554 3713 τινί
571 3647 805 3731 διαφέροντας.
