2859 4334
440 396 860 457 ΠΑΝΑΘΗΝΑΙΚΟΣ.
1086 382 1126 447 41

178 555 405 640 φρονήσαντες
419 557 453 621 οί
467 556 604 638 πατέρες
619 549 715 640 ἡμῶν
731 556 781 621 ἐπὶ
799 555 862 642 την
875 558 943 623 νῦν
950 555 1124 620 καθεστῶ-

183 670 244 718 σαν
268 648 449 737 ὥρμησαν,
468 647 553 720 ἀλλὰ
564 652 639 733 περὶ
650 652 712 735 μὲν
721 647 780 728 τὰς
788 648 890 731 ἄλλας
898 656 1032 735 πράξεις
1039 654 1126 719 πολὺ

178 754 439 837 σπουδαιοτέραν
450 753 581 836 ἐκείνην
594 756 847 833 προκρίναντες,
861 756 936 835 περί
945 753 981 820 δέ
991 750 1054 838 τὴν
1065 754 1125 820 δύ-

179 845 349 935 ναμιντὴν
358 850 441 916 κατὰ
451 850 625 917 θάλατταν
647 848 773 932 ταύτην
783 850 1033 935 χρησιμωτέραν
1041 848 1125 919 είναι

178 954 380 1034 νομιζοντες,
392 945 434 1034 ἣν
444 945 605 1035 λαβόντες
615 948 670 1013 καλ
681 954 790 1025 καλῶς
801 949 1056 1037 ἐπιμεληθέντες
1063 946 1129 1018 οἱοί

177 1045 205 1113 τ’
221 1049 375 1132 ἐγένοντο
393 1048 448 1115 καλ
463 1043 522 1125 τὰς
537 1042 717 1134 ἐπιβουλὰς
731 1044 788 1123 τὰς
803 1056 1024 1130 Σπαρτιατῶν
1039 1045 1127 1135 ύμύ-

177 1156 301 1213 νασθαι
316 1148 371 1213 καί
386 1143 448 1231 τὴν
460 1150 745 1230 Πελοποννησίων
761 1141 921 1214 ἁπάντων
934 1147 1061 1235 ῥύμην,
1079 1139 1127 1215 όν

176 1245 351 1331 κατήπειγε
364 1242 426 1331 τὴν
440 1245 540 1314 πόλιν
554 1247 629 1326 περὶ
641 1246 772 1311 ἐκεῖνον
782 1242 842 1311 τόν
851 1247 975 1331 χρόνον
986 1248 1154 1334 μα’λισταο

109 1364 158 1416 115
175 1347 409 1431 περιγενέσθαι
434 1350 658 1430 πολεμοῦσαν.
693 1340 772 1410 ὥστ’
795 1342 905 1423 οὐδεὶς
929 1342 972 1413 ἄν
994 1349 1127 1424 δικαίως

176 1443 375 1528 έπιτιμησειε
392 1458 460 1522 τοῖς
477 1448 644 1528 ἑλομένοις
659 1439 783 1528 αῦτην·
805 1442 848 1511 οῦ
865 1441 928 1532 γὰρ
946 1448 1126 1533 διήμαρτον

174 1553 242 1612 των
256 1546 411 1626 ἐλπίδων,
427 1540 501 1610 οὐδ’
516 1540 688 1629 ἠγνόησαν
701 1540 802 1611 οὐδὲν
813 1541 890 1611 οῦτε
903 1551 970 1612 των
986 1543 1127 1630 ἀγαθῶν

174 1640 252 1710 οῦτε
267 1648 335 1709 τῶν
349 1648 463 1707 κακῶν
479 1649 547 1708 των
567 1643 766 1725 προσόντων
783 1643 918 1731 ἑκατέρη
936 1649 1003 1710 τῶν
1020 1644 1126 1710 δυνό-

174 1768 276 1829 μεων,
291 1737 366 1809 ἀλλ’
381 1738 525 1828 ἀκριβοῦς
540 1740 666 1829 ᾔδεσαν
679 1738 742 1827 τὴν
756 1743 818 1828 μὲν
832 1740 915 1809 κατὰ
930 1749 994 1829 γῆν
1006 1741 1127 1829 ἡγεμο-

172 1848 251 1909 νίαν
263 1837 324 1908 ὑπ’
337 1837 487 1919 εὐταξίας
498 1843 553 1908 καὶ
565 1841 788 1926 σωφροσύνης
799 1844 854 1908 καὶ
866 1847 1061 1926 πειθαρχίας
1073 1843 1124 1907 καλ

173 1949 241 2009 τῶν
259 1940 371 2010 ἄλλων
386 1950 455 2007 των
471 1941 635 2008 τοιούτων
649 1943 896 2026 μελετωμένην,
916 1937 977 2027 τὴν
993 1940 1028 2007 δὲ
1044 1938 1126 2006 κατὰ

105 2049 155 2104 116
172 2038 345 2107 θάλατταν
364 2038 511 2125 δύναμιν
531 2037 594 2106 οῦκ
609 2042 645 2106 ἐκ
660 2039 790 2106 τούτων
805 2035 1035 2126 αὐξανομένην
1050 2034 1124 2107 ἀλλ’
1138 2051 1155 2107 (1

174 2147 210 2206 ἔκ
222 2166 257 2207 τε
271 2146 339 2206 τῶν
352 2145 478 2225 τεχνῶν
493 2145 560 2205 τῶν
574 2141 647 2222 περλ
662 2134 721 2215 τὰς
734 2144 818 2215 ναῦς
829 2140 882 2205 καί
894 2145 961 2205 τῶν
972 2138 1126 2207 ἐλαύνειν

172 2234 276 2315 αὐτὰς
288 2239 486 2322 δυναμένων
497 2239 629 2305 καὶτῶν
639 2235 679 2303 τὰ
692 2240 836 2320 σφέτερα
847 2239 908 2322 μὲν
920 2234 1031 2303 αύτῦν
1042 2234 1126 2302 δπο-

172 2336 379 2418 λωλεκότων,
396 2336 432 2402 ἐκ
447 2336 484 2403 δὲ
497 2343 566 2402 των
581 2333 764 2419 ἀλλοτρίων
778 2340 971 2419 πορίζεσθαι
980 2333 1040 2402 τόν
1052 2342 1128 2421 βίον

173 2437 394 2522 είθισμένων·
414 2426 463 2503 όν
478 2436 700 2504 εἰσπεσόντων
716 2441 762 2514 εἰς
775 2433 838 2521 τὴν
852 2436 953 2504 πόλιν
968 2432 1029 2503 οῦκ
1045 2434 1127 2521 ῦδη

172 2544 232 2613 λος
238 2528 356 2622 ἦνότε
367 2535 491 2620 κόσμος
501 2532 519 2603 δ
531 2542 588 2620 τῆς
599 2540 764 2613 πολιτείας
775 2541 832 2619 τῆς
842 2532 1007 2618 πρότερον
1019 2533 1126 2618 ὑπαρ-

171 2634 297 2720 χούσης
311 2633 559 2720 λυθησόμενος,
575 2631 597 2721 ἦ
610 2634 646 2701 τε
660 2641 729 2701 τῦν
742 2633 925 2720 σνμμόχων
940 2634 1054 2701 εῦνοια
1069 2660 1128 2700 τα-

171 2734 255 2818 χέως
271 2735 443 2819 ληψομένη
459 2729 657 2819 μεταβολὴν,
676 2729 758 2798 όταν
776 2728 825 2809 οἷς
839 2731 1003 2816 πρότερον
1019 2731 1128 2817 χώρας

172 2833 330 2898 ἐδίδοσαν
346 2832 401 2899 καί
415 2832 545 2914 πόλεις,
569 2831 709 2906 τούτους
728 2827 936 2918 ἀναγκάζωσι
957 2831 1156 2910 συντύξειςε

171 2930 228 2996 καὶ
245 2929 374 3014 φόρους
388 2927 580 3015 ὑποτελεῖν,
596 2926 643 2996 ἵν’
661 2936 758 3015 ἔχωσι
773 2926 898 3015 μισθόν
915 2930 1046 2998 διδόναι
1060 2942 1129 3006 τοῖς

100 3040 151 3097 117
169 3029 354 3113 τοιούτοις,
382 3032 476 3107 οἴους
498 3026 598 3119 όλίγῳ
619 3030 785 3114 πρότερον
806 3026 909 3095 εἷπον.
942 3023 1016 3095 ἀλλ’
1040 3024 1129 3112 ὅμως

172 3126 276 3196 οῦδὲν
290 3125 493 3213 ἀγνοοῦντες
503 3136 571 3195 τῦν
586 3130 839 3214 προειρημένων
850 3126 1005 3213 ἐνόμιζον
1015 3134 1055 3216 τῇ
1065 3126 1128 3194 πό-

172 3237 241 3295 λει.
259 3235 300 3315 τῇ
312 3223 495 3315 τηλικαύτη
508 3228 571 3312 μλν
585 3222 622 3294 τό
639 3228 798 3311 μέγεθος,
813 3225 972 3311 τοιαύτην
988 3222 1019 3293 δ’
1033 3226 1128 3311 έχού·

171 3348 217 3415 ση
232 3325 352 3408 δόξαν,
373 3332 558 3394 λυσιτελεῖν
579 3325 633 3392 καί
648 3325 788 3407 πρέπειν
807 3320 938 3402 ἁπάσας
952 3320 1130 3409 ὑπομείναι

169 3422 233 3504 τὰς
250 3430 442 3511 δυσχερείας
458 3434 586 3512 μᾶλλον
601 3420 624 3511 ἦ
641 3423 703 3512 τὴν
718 3429 991 3510 Λακεδαιμονίων
1007 3421 1128 3512 ἀρχήν·
1147 3442 1194 3497 151
1216 3510 1218 3515 ¹

171 3527 273 3593 δυοῖν
282 3523 348 3609 γὰρ
359 3525 569 3611 πραγμάτοιν
578 3526 853 3612 προτεινομένων
864 3522 908 3611 μὴ
919 3528 1128 3607 σπουδαίοιν,

171 3631 312 3708 κρείττω
329 3621 535 3711 τὴνάἵρεσιν
553 3624 638 3693 εἶναι
652 3632 713 3692 τοῦ
729 3622 822 3692 δεινοὶ
840 3638 949 3694 ποιείν
963 3619 1129 3710 ἑτέρονςῆ
