2859 4334
511 373 822 439 οοιεΤοΛΑι.
1074 341 1139 442 253

170 547 188 597 4
273 528 319 618 (δ’
320 529 345 620 ς)
368 531 482 621 Είμὲν
492 523 557 600 οόν
567 529 658 619 εἶχον
671 530 733 619 τὴν
743 529 1021 622 αὐτὴνδύναμιν,
1031 531 1139 625 ἥνπερ

197 632 374 721 πρότερον,
392 635 448 702 καὶ
461 633 507 723 μὴ
522 632 735 702 παντάπασιν
746 626 788 721 ἦν
798 630 1000 724 άπειρηκεες,
1019 633 1083 706 οόκ
1097 634 1139 706 άν

197 731 242 816 δι’
261 736 433 823 ἐπιστολῆς
450 735 645 824 διελεγόμην
662 733 748 803 άλλά
763 735 881 823 παρόν
899 735 1000 820 αὐτός
1021 738 1139 827 παροί-

196 835 300 914 ξυνον
313 835 356 904 άν
373 857 409 906 σε
422 837 479 906 καὶ
492 836 704 925 παρεκάλουν
717 837 771 906 ε’πὶ
786 837 844 918 τάς
858 840 990 926 πράξεις
1005 839 1138 921 τούτοις.

196 943 264 1007 νῦν
277 934 310 1006 δ’
327 935 372 1017 ὥς
385 940 533 1027 δυ’νοιμοιι
542 937 816 1027 παρακελεύομαί
827 960 879 1009 σοι
890 940 936 1028 μὴ
950 947 1137 1029 καταμελῆ-

197 1059 252 1108 σαι
270 1039 412 1125 τούτων,
436 1043 519 1128 πρὶν
534 1037 578 1108 άν
594 1043 690 1119 τέλος
709 1042 830 1130 ἐπιθῇς
853 1039 979 1121 αὐτοῖς.
1017 1048 1083 1111 ἐστι
1100 1043 1139 1112 δὲ

197 1138 283 1228 πρός
300 1139 363 1229 μὲν
383 1140 464 1210 ἄλλο
477 1144 588 1211 τιτῶν
602 1139 711 1212 όντων
729 1138 905 1230 ἀπλήστως
920 1148 1006 1231 ἔχειν
1019 1138 1061 1212 οό
1077 1171 1137 1213 κοι-

196 1243 272 1330 λόν,
289 1247 330 1312 αί
342 1241 409 1329 γάρ
426 1245 635 1332 μετριότητος
653 1240 744 1330 παρά
763 1245 833 1324 τοῖς
851 1251 989 1325 πολλοῖς
1003 1243 1167 1338 εὕδοντι-ί1

196 1346 311 1431 μοῦσι,
324 1345 423 1431 δόξης
436 1343 475 1414 δέ
487 1344 631 1434 μεγάλης
641 1345 698 1412 καὶ
707 1348 810 1432 καλῆς
820 1347 998 1432 ἐπιθυμεῖν
1007 1349 1064 1414 καὶ
1073 1374 1138 1435 μη-

198 1441 314 1513 δέποτ’
335 1447 566 1532 ἐμπίπλασθαι
578 1445 735 1534 προσήκει
754 1459 824 1526 τοῖς
845 1446 932 1515 πολό
946 1452 1014 1515 τοῖν
1027 1444 1139 1517 ἄλλων

170 1549 444 1632 οδιενεγκοῦσιν·
481 1546 565 1638 ὅπερ
583 1548 637 1617 σοὶ
653 1550 874 1636 συμβέβηκεν.
900 1546 987 1636 ἡγοῦ
1010 1548 1048 1620 δὲ
1062 1546 1137 1619 τόθ’

196 1649 283 1729 ἕξειν
289 1647 543 1736 άνυπέρβλητον
556 1647 732 1738 αὐτὴνκαὶ
746 1654 816 1718 τῶν
826 1650 880 1720 σοί
893 1651 1138 1739 πεπραγμένου

194 1748 1139 1842 άξίαν,ὅταντοδςμὲνβαρβάρουςάναγκάσηςείλωτεόειν

195 1849 405 1938 τολςἝλλησι
417 1852 505 1938 πλὴν
518 1859 587 1923 τῶν
600 1853 654 1921 σοὶ
669 1854 1009 1942 συναγωνισαμένου,
1030 1853 1091 1923 τόν
1100 1854 1138 1923 δὲ

195 1953 334 2041 βασιλέα
355 1951 417 2022 τόν
437 1960 505 2024 νῦν
524 1957 632 2042 μέγαν
647 1954 984 2043 προσαγορευόμενον
995 1955 1138 2044 ποιήσῃς

195 2059 297 2123 τοῦτο
317 2054 485 2142 πράττειν,
504 2053 524 2125 ό
541 2083 574 2125 τι
593 2052 637 2125 άν
656 2052 699 2125 σά
713 2055 929 2144 προστάττῃς.
949 2054 1055 2126 οὐδὲν
1072 2057 1137 2145 γάρ

194 2160 286 2224 ἐσται
311 2155 429 2225 λοιπόν
457 2163 503 2226 ἔτι
529 2158 617 2245 πλὴν
640 2157 725 2226 θεὸν
750 2157 918 2245 γενέσθαι.
960 2164 1066 2228 ταῦτα
1098 2157 1163 2228 δέθ

192 2255 463 2343 κατεργάσασθαι
486 2259 573 2327 πολό
598 2257 684 2347 βάόν
708 2261 798 2327 ἐστιν
816 2261 852 2328 ἐκ
870 2261 939 2327 τῶν
957 2259 1135 2346 παρόντων

193 2354 214 2445 ἣ
236 2367 418 2448 προελθεῖν
442 2362 497 2429 ἐπὶ
523 2362 585 2447 τὴν
608 2357 754 2447 δόναμιν
778 2361 835 2428 καὶ
860 2360 923 2448 τὴν
946 2362 1067 2447 δόξαν,
1090 2357 1136 2448 ἣν

193 2464 261 2529 νῦν
273 2466 368 2547 ἔχεις,
384 2463 421 2530 ἐκ
434 2468 493 2548 τῆς
506 2469 676 2550 βασιλείας
690 2464 748 2550 τῆς
761 2463 794 2543 ἐξ
808 2459 912 2550 άρχης
921 2461 1007 2549 όμλν
1020 2460 1132 2551 όπαρ-

168 2561 306 2650 οξάσης.
330 2561 427 2651 χάριν
440 2561 474 2631 δ’
490 2562 702 2656 ἐχωτιβγήρηι
714 2562 841 2649 ταύτην
849 2562 970 2652 μόνην,
984 2561 1035 2632 ὅτι
1049 2589 1134 2653 προ·
1144 2578 1194 2628 413

191 2663 319 2750 ἤγαγεν
332 2669 380 2744 είς
393 2663 493 2734 τοῦτό
501 2691 567 2754 μου
575 2663 729 2751 τδνβίον,
744 2661 830 2731 ὥσθ’
846 2661 870 2733 ά
878 2665 955 2743 νόος
966 2661 1015 2732 τόν
1024 2670 1134 2734 διενο-

193 2764 303 2853 οόμην
316 2767 374 2833 καί
384 2765 527 2854 γράφειν
541 2769 735 2854 ἐπεχείρουν
750 2769 787 2832 ἐν
805 2791 842 2833 τε
855 2770 903 2856 τῷ
918 2769 1135 2858 πανηγυρικῷ

193 2867 282 2958 λόγῳ
300 2866 356 2934 καὶ
374 2870 421 2957 τῷ
440 2865 525 2952 πρός
543 2867 580 2936 σὲ
598 2866 796 2952 πεμφθέντι,
814 2873 920 2934 ταῦτα
934 2871 1002 2936 νῦν
1019 2866 1059 2935 τά
1074 2867 1136 2954 μὲν

192 2965 257 3056 ἤδη
275 2967 457 3054 γιγνόμενοι
476 2970 529 3035 διά
548 2973 616 3038 τῶν
635 2973 706 3036 σοΞν
726 2971 839 3057 ἐφορῶ
858 2966 1023 3056 πράξεων,
1048 2971 1088 3036 τά
1106 2965 1135 3037 δ’

194 3070 313 3152 ἐλπίζω
330 3069 543 3158 γενήσεσθαι.

651 3217 677 3267 4.

480 3330 846 3394 ΑΝΤΙΠΑΤΡΩΙ.
943 3321 946 3328 ’

269 3456 340 3549 (α’.)
354 3456 468 3544 Ἐγώ,
480 3465 601 3542 καίπερ
614 3456 831 3526 ἐπικινδύνου
845 3452 924 3540 παρ’
942 3453 1023 3544 ἡμῖν
1037 3454 1134 3536 ὄντος
1143 3471 1193 3521 41³

194 3566 243 3640 είς
262 3564 482 3630 Μακεδονίαν
503 3559 644 3644 πέμπειν
665 3555 852 3644 ἐπιστολὴν,
876 3554 917 3624 οὐ
934 3558 1040 3644 μόνον
1058 3562 1138 3646 νῦν,

192 3660 247 3730 ότε
257 3662 469 3749 πολεμούμεν
480 3660 564 3745 πρὸς
573 3659 674 3747 δμάς,
688 3656 773 3727 άλλά
787 3660 843 3729 καί
857 3661 913 3744 τῆς
928 3659 1060 3748 εἰρήνης
1074 3657 1136 3727 οὔ·
