2859 4334
290 366 330 430 10
569 371 818 430 ΙΣΟΚΡΑΤΟ
828 372 889 429 ΥΣ
903 375 964 441 (ll)

288 530 349 616 μὲν
370 531 590 615 πεποιηκότας
611 533 666 597 καὶ
683 532 896 609 πεπονθότας
915 529 1144 616 ἀποφαίνουσι
1165 529 1255 610 τοὺς

287 632 323 697 έκ
336 634 403 695 τῶν
413 625 595 696 ἀθανάτων
606 629 785 714 γεγονότας
795 622 816 714 ή
827 627 906 706 τούς
920 633 956 696 έκ
968 637 1035 696 των
1047 628 1251 714 ἀνθροπωυ

287 734 354 794 τῶν
369 723 620 811 ἀνοσιωτάτων,
642 726 815 804 τοιούτους
836 730 871 794 δὲ
894 727 1016 813 λόγους
1036 730 1111 811 περὶ
1128 725 1248 794 αὐτῶν
1262 754 1281 791 e

244 870 249 881 ·
287 834 354 893 τῶν
366 832 459 894 θεῶν
470 828 657 912 εἰρήκασιν,
670 829 763 903 οίους
774 823 883 904 οὐδεὶς
893 822 937 892 ἀν
948 828 1023 911 περὶ
1032 830 1250 912 τῶνέχθρῶν

287 930 392 992 είπεῑν
405 927 615 1011 τολμήσειεν·
638 923 680 993 ού
691 923 756 1011 γάρ
767 927 874 1011 μόνον
889 924 1014 1006 κλοπάς
1030 929 1084 995 καλ
1094 933 1248 1012 μοιχείας

286 1025 341 1090 καλ
357 1019 437 1107 παρ’
456 1020 651 1104 ἀνθρώποις
672 1030 809 1109 θητείας
825 1022 937 1102 αὐτοῖς
958 1023 1135 1092 ἀνείδισαν
1154 1022 1246 1092 ἀλλά

286 1124 340 1193 καὶ
351 1128 480 1194 παίδων
489 1124 629 1212 βρώσεις
645 1124 697 1192 καὶ
709 1127 862 1207 πατέρων
873 1122 1012 1209 ἐκτομάς
1024 1128 1077 1191 καὶ
1088 1128 1246 1210 μητέρων
1266 1143 1305 1193 22

285 1222 427 1309 δεσμούς
448 1227 502 1291 καὶ
522 1221 647 1301 πολλάς
667 1222 769 1300 ἀλλας
790 1218 929 1308 ἀνομίας
945 1220 1016 1289 κατ’
1034 1221 1147 1290 αὐτῶν
1165 1224 1243 1289 ε’λο-

235 1338 270 1394 39
283 1329 477 1411 γοποίησαν.
500 1320 585 1405 ὑπὲρ
598 1313 646 1387 ὧν
660 1318 722 1405 τήν
732 1320 795 1406 μὲν
806 1318 901 1400 ἀξίαν
916 1326 1012 1406 δίκην
1027 1318 1089 1388 ούκ
1105 1325 1242 1405 έδοσαν,

282 1420 324 1488 ού
338 1418 405 1508 μὴν
426 1420 629 1508 ἀτιμωρητοί
644 1446 682 1507 γε
701 1423 881 1506 διέφυγον,
901 1418 974 1488 ἀλλ’
994 1425 1027 1487 οί
1041 1421 1103 1505 μὲν
1123 1418 1241 1487 αὐτῶν

281 1518 399 1605 ἀλῆται
412 1521 466 1587 καὶ
477 1527 544 1586 τῶν
555 1515 634 1586 καθ’
651 1514 779 1603 ἡμέραν
791 1520 912 1595 ἐνδεεῖς
925 1521 1144 1604 κατέστησαν,
1160 1523 1194 1587 οί
1202 1516 1237 1586 δ’

282 1620 543 1706 έτυφλοίθησαν,
561 1615 661 1695 ἀλλος
671 1618 707 1684 δὲ
720 1616 858 1703 φεύγων
871 1615 933 1704 τήν
946 1624 1087 1703 πατρίδα
1103 1622 1239 1697 καὶτοῖς

282 1718 495 1794 οἰκειοτάτοις
513 1723 667 1801 πολεμεῖν
681 1714 812 1782 ἅπαντα
829 1712 889 1781 τόν
902 1716 1027 1801 χρόνον
1042 1718 1239 1804 διετέλεσεν,

278 1813 420 1902 Ὀρφεύς
437 1812 469 1882 δ’
488 1812 506 1881 ὁ
529 1815 670 1900 μάλιστα
687 1813 817 1881 τούτων
834 1820 895 1880 τῶι
923 1815 1032 1899 λόγων
1054 1813 1237 1900 ἁψάμενος,

233 1931 266 1983 40
280 1915 497 1992 διασπασθεὶς
514 1910 574 1979 τόν
594 1920 670 1999 βίον
687 1912 915 1998 ἐτελεύτησεν·
945 1910 1022 1979 ὥστ’
1039 1908 1083 1999 ἦν
1096 1931 1265 1999 σωφρο-λι

282 2022 402 2099 νωμεν,
413 2010 453 2080 ού
465 2014 678 2098 μιμησόμεθα
687 2010 766 2090 τούς
777 2011 899 2098 λόγους
908 2010 986 2091 τούς
996 2015 1144 2095 ἐκείνων,
1154 2011 1234 2081 οὐδέ

280 2113 355 2198 περὶ
370 2112 432 2197 μέν
446 2119 503 2197 τῆς
515 2108 599 2196 πρός
610 2108 775 2198 ἀλλήλους
790 2118 991 2198 κακηγορίας
1004 2112 1231 2198 νομοθετήσο-

279 2237 357 2297 μεν,
385 2218 443 2296 τῆς
470 2208 503 2277 δ’
524 2216 570 2288 είς
589 2208 668 2289 τούς
694 2208 799 2289 θεοὺς
819 2219 1003 2297 παρρησίας
1027 2210 1233 2298 όλιγορήσο·

279 2334 351 2395 μεν,
367 2305 450 2377 ἀλλά
469 2309 688 2395 φυλαξόμεθα
700 2310 756 2377 καλ
765 2317 950 2395 νομιοῦμεν
964 2306 1085 2396 ὁμοίως
1098 2307 1234 2395 ἀσεβεῖν

278 2407 358 2485 τούς
384 2431 419 2472 τε
439 2409 596 2492 λέγοντας
622 2405 661 2474 τά
682 2414 819 2474 τοιαῦτα
843 2409 896 2475 καὶ
917 2404 995 2486 τούς
1014 2406 1233 2484 πιστεύοντας

278 2503 398 2584 αὐτοῖς.

230 2610 261 2667 41
361 2602 438 2689 (ιζ.)
462 2602 543 2691 Ἐγω
559 2605 621 2692 μὲν
642 2598 705 2673 οάν
726 2604 787 2692 οὐχ
804 2604 894 2683 ὅπως
909 2603 988 2683 τούς
1008 2601 1128 2690 θεούς,
1153 2602 1228 2672 ἀλλ’

276 2701 356 2773 ούδδ
369 2702 448 2783 τούς
458 2708 491 2785 έξ
503 2708 640 2774 ἐκείνων
650 2705 830 2792 γεγονότας
841 2703 998 2791 οὐδεμιᾶς
1007 2703 1154 2792 ἡγοῦμαι
1168 2731 1231 2771 τια-

276 2810 348 2881 κίας
369 2818 558 2889 μετασχεῖν,
587 2802 661 2871 ἀλλ’
685 2802 810 2883 αὐτούς
831 2830 866 2871 τε
888 2805 996 2883 πάσας
1016 2811 1151 2891 ἔχοντας
1173 2801 1260 2883 τάςι

276 2898 393 2986 ἀρετάς
414 2909 519 2987 φῦναι
541 2906 594 2970 καὶ
615 2916 683 2981 τοῖς
701 2902 815 2981 ἀλλοις
832 2910 900 2970 των
915 2909 1099 2972 καλλίστου
1117 2907 1231 2989 έπιτη-

276 2999 450 3085 δενμάτων
464 2998 629 3088 ἡγεμόνας
640 3004 693 3069 καὶ
707 3003 929 3081 διδασκάλους
940 3011 1151 3089 γεγενῆσθαι.
1175 3006 1229 3071 καλ

273 3104 338 3186 γὰρ
355 3098 495 3185 ἀλογον,
523 3107 553 3170 εί
572 3109 628 3187 τῆς
644 3103 706 3188 μὲν
720 3100 879 3189 ήμετέρας
900 3100 1071 3181 εὐπαιδίας
1089 3108 1135 3182 είς
1150 3100 1232 3181 τούς

273 3197 377 3277 θεούς
398 3198 458 3284 τήν
479 3206 587 3269 αἰτίαν
608 3199 838 3287 ἀναφέρομεν,
858 3208 916 3287 τῆς
934 3200 970 3268 δὲ
985 3205 1147 3287 σφετέρας
1165 3200 1229 3269 αύ-

228 3312 260 3364 42
273 3304 341 3364 των
355 3302 459 3384 μηδὲν
474 3297 596 3378 αὐτούς
613 3306 803 3387 φροντίζειν
819 3305 1017 3387 νομίζοιμεν.
1039 3296 1113 3366 ἀλλ’
1127 3306 1158 3368 ελ
1166 3302 1231 3387 μὲν

273 3394 368 3482 ἡμων
382 3424 431 3475 τις
446 3405 503 3484 τής
522 3405 590 3466 των
611 3398 807 3483 ἀνθρώπων
824 3399 957 3485 φύσεως
973 3404 1151 3483 κατασταίη
1166 3398 1231 3466 κύ-

273 3520 360 3580 ριος,
382 3493 456 3563 οὐδ’
478 3492 523 3563 ἀν
539 3497 618 3577 τούς
639 3502 767 3577 οίιιέτας
785 3498 913 3566 ἐάσειεν
939 3496 1022 3566 εἶναι
1043 3498 1229 3583 πονηρούς·

274 3596 411 3662 ἐκείνων
428 3599 463 3663 δὲ
485 3597 815 3684 καταγιγνώσκομεν,
837 3595 882 3675 ὡς
901 3597 955 3665 καλ
969 3595 1048 3677 τούς
1063 3599 1096 3676 έξ
1112 3594 1256 3667 αύτωνδ
