2859 4334
425 375 855 435 ΠΑΝΑΘΗΝΑΙΚΟΣ.
1077 373 1117 437 ‘Il

166 534 229 606 ότι
243 535 402 622 χρήσηται
418 548 487 613 τοῖς
502 541 683 619 παροῦσιν·
705 531 858 622 οὔτεγὰρ
870 534 1021 605 άπιστεῖν
1034 538 1118 625 βοό-

168 643 289 703 λεσθαι
301 648 370 711 τοῖς
382 629 441 700 ὑπ’
460 635 542 718 ἐμοῦ
558 635 751 718 λεγομένοις
771 631 848 700 οὔτε
868 635 1039 703 πιστεύειν
1056 636 1117 702 δυ’-

101 742 147 796 2³⁵
166 744 292 800 νασθαι
307 730 519 799 παντάπασιν
535 728 655 810 αὐτοῖς.
680 733 865 817 ,θαυμάζω
878 730 955 819 γάρ,
972 732 1040 803 εἰθ’
1056 733 1118 801 οῦ-

166 859 231 909 τιος
246 833 417 916 ἐλυπήθης
433 832 487 897 καὶ
502 835 629 916 βαρέας
644 836 744 916 έσχες,
764 828 875 918 ῶσπερ
892 831 967 920 φῂς,
983 836 1035 901 ἐπλ
1050 847 1118 911 τοῖς

165 933 242 1014 περὶ
257 933 530 1014 Λακεδαιμονίων
546 931 742 1015 εἰρημένοις,
763 927 941 1017 οὐδὲνγὰρ
958 933 995 1001 έν
1006 929 1118 1011 αὐτοῖς

166 1027 235 1108 ὁρῶ
246 1036 402 1097 τοιοῦτον
413 1029 655 1115 γεγραμμένον,
673 1036 737 1095 εἰτε
749 1030 954 1116 συμβούλοις
965 1034 1041 1115 περὶ
1057 1037 1117 1098 τοῦ

165 1128 271 1213 λόγου
291 1123 478 1212 χρήσασθαι
497 1122 704 1213 βουλόμενος
724 1123 810 1212 ἡμᾶς
831 1129 1034 1215 συνήγαγες,
1057 1126 1143 1209 οδςε

169 1223 261 1294 οἷσθ’
286 1224 431 1312 ἀκριβῶς
444 1225 552 1311 άπαν,
574 1224 595 1291 ὅ
616 1254 646 1292 τι
667 1221 710 1293 άν
731 1224 774 1291 σδ
803 1230 900 1314 λέγῃς
920 1223 941 1313 ἢ
962 1230 1118 1317 πράττῃς,

164 1328 396 1402 ἐπαινοῦντας.
411 1327 594 1409 εἰθισμένοι
613 1320 645 1388 δ’
658 1326 741 1390 εἰσὶν
753 1328 787 1390 οἰ
796 1332 881 1391 νοῦν
894 1333 1023 1411 ἔχοντες
1033 1323 1118 1392 άνα-

163 1431 376 1509 κοινοῦσθαι,
391 1425 466 1506 περί
477 1415 526 1490 ῶν
537 1418 580 1489 δν
593 1424 813 1508 σπουδάζωσι,
825 1424 965 1509 μάλιστα
977 1425 1040 1511 μὲν
1050 1438 1118 1503 τοῖς

163 1523 304 1609 άμεινου
320 1514 433 1591 αῦτῶν
451 1530 650 1608 φρονοῦσιν,
674 1528 704 1589 εἰ
724 1522 760 1589 δέ
775 1520 832 1609 μὴ,
854 1538 922 1602 τοῖς
936 1526 1116 1609 μέλλουσιν
1130 1544 1185 1597 282

163 1618 414 1705 ἀποφαίνεσθαι
436 1618 498 1708 τὴν
515 1619 628 1688 αῦτῶν
649 1623 805 1708 γνώμην·
833 1613 882 1688 ῶν
896 1620 1054 1691 τάναντία
1073 1620 1116 1689 σῦ

98 1737 146 1795 ὶ36
163 1727 355 1806 πεποίηκας.
383 1719 514 1787 τούτων
535 1726 597 1806 μὲν
622 1713 687 1787 οὖν
714 1717 892 1803 οὐδέτερον
914 1718 1116 1807 ἀποδέχομαι

164 1827 235 1887 τῶν
249 1820 371 1904 λόγων,
397 1823 505 1898 δοκεῖς
528 1823 566 1886 δέ
583 1846 640 1904 μοι
654 1818 860 1904 ποιήσασθαι
881 1818 943 1906 τήν
958 1845 992 1886 τε
1007 1820 1116 1903 παρά-

165 1928 284 2003 κλησιν
299 1917 359 2002 την
374 1914 538 2003 ἡμετέραν
553 1920 607 1985 καὶ
623 1915 682 1983 τδν
692 1923 833 1985 ἔπαινον
844 1916 903 1984 τδν
918 1925 976 2003 της
987 1920 1115 1995 πόλεως

164 2013 227 2101 οὐχ
242 2012 366 2099 ἁπλῶς,
382 2011 456 2080 οὐδ’
476 2013 520 2093 ῶς
535 2019 687 2094 διείλεξαι
703 2014 786 2097 πρὸς
808 2012 909 2102 ἡμᾶς,
930 2014 1004 2084 ἀλλ’
1020 2015 1116 2104 ἡμῶν

164 2115 228 2199 μέν
242 2128 362 2197 πεῖραν
379 2122 495 2200 λαβεῖν
512 2114 729 2201 βουλόμενος,
748 2120 778 2183 εἰ
790 2124 1044 2202 φιλοσοφοῦμεν
1062 2118 1116 2182 καί

163 2213 364 2301 μεμνήμεθα
388 2220 456 2280 τῶν
483 2217 521 2281 έν
544 2227 614 2291 ταῖς
640 2218 822 2298 διατριβαῖς
847 2214 1037 2300 λεγομένοιν
1061 2214 1116 2281 καί

164 2318 315 2380 συνιδεῖν
328 2318 534 2399 δυνηθεῖμεν
548 2308 601 2398 άν,
617 2310 658 2379 δν
670 2312 797 2396 τρόπον
812 2309 829 2379 δ
843 2312 942 2396 λόγος
957 2312 1143 2399 τυγχάνειν

97 2438 144 2491 37
165 2416 401 2499 γεγραμμένος,
417 2412 478 2497 τὴν
490 2415 524 2481 δὲ
540 2415 641 2481 πόλιν
652 2415 801 2480 ἐπαινεῖν
826 2414 1028 2499 προελέσθαι
1053 2410 1115 2497 τὴν

165 2521 294 2579 σαυτοῦ
309 2518 515 2597 σωφρονῶν,
536 2515 593 2577 ἵνα
614 2518 659 2600 τῷ
680 2536 714 2577 τε
737 2512 858 2597 πλήθει
882 2519 926 2600 τῷ
942 2519 1010 2578 τῶν
1024 2520 1116 2577 πολι-

164 2618 232 2678 τῶν
242 2617 362 2698 χαρίσῃ
372 2613 426 2677 καί
441 2608 530 2693 παρά
543 2624 610 2687 τοῖς
622 2606 782 2687 εὐνοϊκῶς
796 2608 879 2694 πρὸς
891 2608 977 2695 ὑμᾶς
993 2615 1117 2676 διακει-

165 2714 276 2793 μένοις
288 2707 519 2798 εῦδοκιμήσης.
546 2711 634 2801 (ηδ’.)
660 2717 770 2776 Ταῦτοι
783 2710 818 2775 δὲ
828 2708 931 2795 γνοῦς
943 2707 1115 2794 ὑπέλαβες,

165 2810 210 2887 ῶς
227 2814 255 2877 εἰ
268 2808 331 2894 μὲν
351 2810 427 2893 περὶ
441 2809 547 2895 μόνης
561 2807 663 2894 αὐτῆς
684 2809 814 2895 ποιήσει
830 2806 1045 2894 τοῦςλόγους
1061 2811 1115 2875 καί

164 2912 204 2975 τὰ
219 2907 362 2993 μυθώδη
389 2910 465 2991 περί
489 2905 591 2993 αὐτῆς
606 2910 705 2993 ἐρεῖς,
732 2904 754 2973 δι’
772 2907 893 2984 πάντες
912 2913 1112 2992 θρυλοῦσιν,

163 3009 262 3095 ὅμοια
279 3022 431 3092 φανεῖται
450 3005 490 3073 τά
506 3008 670 3093 λεγόμενα
685 3022 753 3085 τοῖς
769 3004 833 3073 ὑπὸ
851 3013 918 3073 τῶν
931 3006 1043 3073 ἄλλων
1057 3033 1113 3091 γε-

162 3108 376 3194 γραμμένοις,
394 3102 449 3190 ἐφ’
460 3099 490 3194 μ’
499 3103 542 3172 σῦ
559 3104 690 3192 μάλιστ’
704 3101 748 3172 άν
759 3111 974 3190 αἰσχυνθείης
986 3108 1040 3172 καί
1052 3114 1140 3173 λυ-ο

97 3215 141 3271 38
161 3210 317 3292 πηθείης·
340 3200 384 3270 ἄν
405 3202 437 3269 δ’
460 3205 558 3282 ἐάσας
579 3206 688 3272 ἐκεῖνοι
711 3207 808 3291 λέγῃς
829 3201 887 3281 τάς
901 3206 1033 3286 πράξεις
1055 3203 1113 3281 τάς

161 3301 432 3389 ὁμολογουμένας
446 3306 501 3371 καὶ
520 3312 654 3372 πολλῶν
677 3300 820 3390 άγαθῶν
843 3309 946 3382 αἰτίας
960 3319 1027 3381 τοῖς
1035 3300 1112 3371 Ἕλ-

161 3412 237 3488 λησι
252 3406 489 3488 γεγενημένας,
515 3404 569 3469 καί
592 3403 807 3490 παραβάλλῃς
829 3399 933 3480 αὐτάς
953 3399 1037 3481 πρὸς
1054 3399 1112 3481 τάς

160 3507 445 3589 Λακεδαιμονίων,
460 3506 515 3569 ιαιλ
540 3500 598 3579 τὰς
612 3504 673 3588 μὲν
688 3510 756 3569 τῶν
771 3502 949 3587 προγόνων
963 3504 1111 3590 ἐπαινῇς,

159 3609 228 3669 τῶν
244 3599 275 3667 δ’
292 3604 432 3680 ἐκείνοις
447 3605 692 3687 πεπραγμένων
707 3608 908 3689 κατηγορης,
930 3599 950 3667 ὅ
963 3626 998 3668 τε
1012 3601 1111 3683 λόγος
