2859 4334
300 378 363 441 214
578 383 978 466 ιεοκεκνονερε)

302 538 514 626 ἠναγκάσθη,
530 544 607 609 νυνί
622 539 653 608 δ’
673 544 710 609 έν
726 534 877 635 ᾦχρόνφ
892 554 1064 632 προσῆκεν
1078 547 1185 615 αὐτόν
1203 552 1242 615 δέ

252 655 284 709 36
299 665 363 724 κην
374 647 500 727 λαβεῖν,
512 639 627 725 ἄτιμος
637 640 819 726 γενήσεται.
844 648 1065 733 κατηγορήσει
1075 648 1113 713 σε
1122 649 1255 713 καὶτῶν

300 740 337 807 έν
362 746 401 827 τῇ
424 740 617 825 μεταστάσει
640 741 891 832 γενομένων,ὡς
904 747 942 811 ἐκ
960 745 1092 812 τούτων
1111 740 1253 830 μάλισθ’

300 835 386 924 ὑμᾶς
398 843 444 916 εἰς
457 835 563 925 ἀργὴν
574 838 805 923 καταστήσων·
821 850 901 919 ῖσως
914 844 979 928 γάρ
990 869 1082 921 τινος
1095 840 1276 931 &ninom

301 934 344 1014 ἀς
361 933 470 1022 ὑμεῖς,
486 934 567 1003 ὅταν
581 934 627 1021 μὴ
639 934 718 1013 τούς
732 934 934 1017 ἀδικοῦντας
946 940 1088 1027 λάβητε,
1104 940 1185 1021 τούς
1199 945 1257 1009 ἐν·

300 1034 524 1155 τυγχάνοντας
535 1034 695 1114 κολάζετε.
713 1032 779 1152 έγφ
791 1039 810 1102 ὃ
820 1034 919 1104 ὀὔθ’
933 1035 1022 1123 ὑμᾶς
1028 1038 1159 1125 ταύτην
1170 1047 1256 1125 ἔχειν

300 1133 362 1220 τήν
374 1131 514 1219 γνάμην
529 1130 683 1219 ἡγοῦμαι,
702 1134 786 1218 πρός
796 1161 832 1202 τε
844 1134 924 1213 τούς
935 1134 1184 1224 ὑπειρημένους
1198 1138 1256 1206 λό-

252 1242 283 1298 37
300 1258 382 1319 γους
396 1231 516 1321 ράόιον
531 1228 699 1300 ἀντειπεῖν
714 1240 845 1352 νομίζω
883 1236 965 1323 (ις’.)
991 1236 1085 1322 Πρός
1105 1239 1170 1324 μὲν
1192 1231 1254 1306 ούν

300 1329 378 1410 τούς
392 1327 623 1416 όόυρμούς,“
603 1357 653 1398 οτι
667 1335 827 1419 προσήκει
842 1335 1022 1421 βοηθεῖν’
1006 1345 1108 1422 υμᾶς,
1126 1336 1190 1424 οὐχ
1205 1342 1255 1405 οἶ-

299 1456 388 1509 τινες
410 1424 454 1496 ἀν
468 1432 751 1515 όυστυχεστάτους
772 1439 860 1517 σφᾶς
881 1431 1005 1513 αύτούς
1021 1434 1255 1519 ἀποδείξωσιν,

300 1525 375 1595 ἀλλ’
393 1530 514 1605 οἵτινες
527 1522 571 1593 ἀν
586 1520 702 1609 περὶ
675 1554 725 1596 ων
741 1527 976 1615 ἀντωμόσαντο
993 1534 1186 1700 δικαιότερα
1202 1539 1255 1603 λε’-

302 1642 416 1739 γοντες
431 1635 624 1713 φαίνωνται.
649 1654 723 1711 περι
713 1628 827 1694 ι’δὲ
789 1655 846 1714 της
864 1633 1102 1715 ἐπωβελίας,ί
1071 1658 1087 1698 ε
1113 1635 1179 1716 μὲν
1192 1630 1277 1720 &yde
1338 1691 1339 1696 ,

302 1704 430 1798 τούτων
449 1734 517 1801 τῶν
531 1729 735 1814 πραγμάτων
749 1722 886 1805 αίτιος’
865 1755 925 1813 ην,
952 1727 1125 1809 είκότως“
1103 1758 1148 1797 αν
1162 1729 1254 1820 αύτῷ

301 1829 454 1912 μέλλοντι
462 1826 685 1911 ζημιωσεσθαι
693 1826 922 1912 συνηχθεσθε
936 1826 1043 1895 νύνδ’
1056 1856 1156 1908 ουτος
1164 1835 1255 1899 εστιν

302 1924 320 1992 ὁ
336 1931 574 2009 συκοφαντῶν,
591 1923 657 1990 ὥστ
662 1920 825 1991 ὀὐδὲν
803 1951 846 1990 αν
861 1931 996 2004 δικαίως
1012 1925 1119 1995 αύτοῦ
1137 1934 1256 2015 λέγον-

252 2042 286 2097 38
300 2051 355 2102 τος
379 2022 606 2109 ἀποδέχοισθε.
649 2030 760 2091 ἔπειτα
785 2022 918 2092 κάκεῖνο
944 2026 1006 2111 χρὴ
1026 2044 1183 2113 σκοπεῖν,
1206 2030 1254 2097 ότι

302 2150 424 2201 παντες
449 2128 482 2192 οἱ
502 2124 723 2201 κατελθόντες
742 2126 778 2191 ἐκ
792 2129 973 2209 Πειραιέως
989 2132 1096 2211 ἔχοιεν
1116 2124 1161 2194 ἀν
1176 2128 1256 2205 τούς

302 2221 425 2301 αύτούς
437 2224 558 2308 λόγους
570 2228 691 2307 εἰπεῖν,
704 2220 831 2307 ούσπερ
846 2215 961 2305 οὗτος,
973 2216 1023 2291 όν
1032 2222 1143 2304 οὐδεὶς
1155 2225 1255 2305 ἀλλος

302 2324 479 2409 τετόλμηκε
493 2322 653 2407 τοιαύτην
671 2327 768 2408 δίκην
788 2328 960 2390 εἰσελθεῖν.
998 2331 1105 2392 καίτοι
1121 2324 1185 2411 χρὴ
1200 2354 1255 2411 μι-

302 2436 374 2491 σεῖν
394 2422 480 2508 ὑμᾶς
500 2419 579 2501 τούς
603 2422 777 2500 τοιούτους
793 2436 847 2490 καῖ
867 2420 992 2500 κακούς
1005 2430 1141 2501 πολίτας
1157 2433 1255 2509 νομί-

303 2529 386 2606 ζειν,
411 2524 530 2599 οἵτινες
548 2534 619 2599 ταῖς
638 2520 700 2604 μὲν
716 2534 904 2605 συμφοραῖς
920 2516 1050 2603 ὁμοίαις
1070 2528 1117 2609 τῷ
1131 2520 1256 2606 πλήθει

302 2624 487 2707 κέχρηνται,
498 2618 556 2699 τάς
568 2618 604 2686 δὲ
613 2625 770 2704 τιμωρίας
782 2617 967 2701 διαφόρους
978 2624 1047 2684 τῶν
1058 2616 1172 2686 ἀλλων
1182 2617 1255 2700 άξι-
1265 2629 1279 2682 d

254 2734 288 2789 39
302 2729 377 2787 οὐσι
395 2730 571 2787 ποιεῖσθαι.
605 2716 689 2802 πρός
706 2717 742 2783 δὲ
763 2716 893 2794 τούτοις
908 2721 956 2782 ἔτι
970 2719 1025 2782 καὶ
1040 2723 1107 2784 νῦν
1128 2721 1256 2797 ἔξεστιν

302 2817 407 2907 αύτῷ,
438 2820 518 2903 πρὶν
546 2815 814 2901 ἀποπειραθῆναι
838 2820 896 2899 τῆς
925 2811 1086 2899 ὑμετέρας
1107 2817 1256 2903 γνώμης,

302 2915 420 3001 ἀφέντι
438 2914 500 3003 τὴν
521 2922 617 3001 δίκην
632 2912 844 3000 ἀπηλλάχθαι
859 2913 997 2980 πάντων
1017 2920 1085 2980 τῶν
1098 2917 1256 3000 πραγμά-

302 3040 377 3081 των.
415 3020 521 3081 καίτοι
537 3020 606 3091 πῶς
620 3011 682 3080 οὐκ
696 3009 822 3103 ἀλογόν
838 3014 928 3078 ἐστιν
945 3011 983 3078 έν
997 3009 1105 3102 τούτῳ
1119 3020 1166 3103 τῷ
1181 3040 1256 3081 κιν·

302 3111 395 3201 δύνφ
415 3116 521 3196 ζητεῖν
542 3108 646 3179 αύτόν
666 3113 761 3179 ἐλέου
791 3106 871 3194 παρ’
888 3106 985 3195 ὑμῶν
1000 3111 1196 3197 τυγχάνειν,
1212 3103 1255 3179 ού

302 3208 417 3293 κύριος
431 3208 531 3289 αὐτός
545 3214 630 3297 ἐστι,
646 3212 700 3278 καὶ
716 3215 762 3288 είς
776 3206 817 3276 όν
831 3205 931 3285 αὐτὸς
946 3206 1052 3277 αὑτόν
1065 3216 1255 3295 καθίστησι,

302 3314 355 3377 καὶ
383 3306 423 3377 όν
448 3315 496 3377 έτι
521 3314 574 3376 καὶ
599 3318 665 3376 νῦν
689 3314 815 3389 ἔξεστιν
838 3304 928 3395 αύτῷ
950 3305 995 3394 μη
1020 3309 1255 3385 κινδυνεύεινς

1338 1413 1340 1462 λ

1338 1475 1339 1506 λ

1338 1551 1339 1582 λ

1338 1701 1339 1738 λ

1338 1743 1339 1774 λ

1338 2933 1340 3076 λ

253 3426 285 3479 40
300 3408 379 3494 (ιζ.)
395 3402 455 3474 Ἀν
474 3404 505 3474 δ’
521 3404 586 3492 ἀρα
596 3415 757 3493 μεμνῆται
774 3414 842 3474 τῶν
857 3407 910 3473 ἐπὶ
923 3414 980 3491 τῆς
996 3403 1186 3493 ὀλιγαρχίας
1197 3434 1275 3492 γε-ε
1338 3449 1339 3490 η

301 3508 510 3591 γενημένων,
540 3502 669 3584 ἀξιοῦτε
694 3503 799 3573 αὐτόν
824 3502 868 3591 μὴ
893 3502 1026 3572 ’κείνων
1046 3521 1254 3591 κατηγορεῖν,

305 3604 386 3686 ὑπὲρ
404 3596 452 3669 όν
474 3600 582 3679 οὐδεὶς
598 3600 858 3688 ἀπολογήσεται,
880 3599 954 3669 ἀλλ’
973 3600 1017 3680 ως
1037 3600 1103 3686 έγά
1118 3604 1158 3670 τά
1172 3607 1254 3689 χρή-
