2859 4334
417 396 534 452 ΠΕΡΙ
562 390 905 452 ΑΝΤΙΔΟΣΕΩΣ.
1077 384 1134 449 lll

171 564 357 641 πράγματα
377 555 532 639 παρέχειν
547 558 791 640 βουλομένους,
813 554 884 636 ἐμοὶ
901 553 936 620 δέ
950 548 1029 631 τούς
1044 557 1137 618 πλελ·

120 668 158 723 λθ
173 677 263 743 στην
279 653 403 742 σχολὴν
416 652 660 738 τῶνἙλλήνων
676 650 827 736 άγουτας.
851 649 1016 738 ἠκούσατε
1032 652 1067 718 δέ
1083 653 1134 717 καὶ

173 764 241 824 τοῦ
261 756 450 842 κατηγόρου
473 758 644 838 λέγοντος,
666 749 717 819 ότι
741 747 832 835 παρά
849 750 1055 828 Νικοκλέους
1077 757 1136 817 τοῦ

174 863 396 941 Σαλαμινίων
407 856 567 940 βασιλέως
580 848 704 929 πολλάς
716 856 838 939 ἔλαβον
848 854 903 919 καὶ
914 850 1059 938 μεγάλας
1069 855 1136 917 δω·

174 954 266 1039 ρεάς.
300 960 408 1021 καίτοι
427 959 492 1019 τίνι
514 948 633 1018 πιστόν
655 948 753 1037 ὑμῶν
774 954 878 1036 ἐστὶν,
903 948 947 1028 ὥς
971 957 1137 1036 Νικοκλῆς

175 1053 286 1121 ἔδωκέ
299 1078 354 1138 μοι
370 1052 508 1136 ταύτας,
529 1054 585 1117 ἵνα
601 1054 695 1129 δίκας
709 1052 871 1139 μανθάνῃ
887 1052 1012 1136 λέγειν.
1030 1048 1136 1126 ὅςκαὶ

174 1166 247 1229 τοῖς
261 1149 374 1227 άλλοις
388 1151 463 1234 περὶ
475 1157 543 1215 τῶν
552 1147 879 1235 ἀμφισβητουμένων
892 1146 1002 1233 ὥσπερ
1015 1148 1135 1216 δεσπό-
1148 1170 1163 1209 ο

174 1278 235 1336 της
252 1253 415 1330 έδίκαζενς
431 1247 509 1317 ὥστ’
525 1242 619 1329 ἐξόν
632 1246 732 1327 αὐτός
747 1241 845 1326 οὗτος
856 1258 998 1333 εἴρηκεν,
1016 1248 1136 1336 ῥηίδιον

175 1360 404 1435 καταμαθεῖν,
432 1346 483 1416 ότι
504 1349 622 1433 πόρρω
643 1356 711 1416 τῶν
733 1354 968 1434 πραγματειῶν
985 1352 1049 1433 είμι
1068 1355 1136 1413 των

122 1471 155 1524 41
178 1450 317 1531 περὶτὰ
341 1447 529 1534 συμβόλαια
549 1451 767 1535 γιγνομένων.
803 1447 887 1517 άλλά
910 1447 977 1535 μὴν
1001 1446 1135 1515 κάκεῖνο

177 1558 260 1617 πᾶσι
281 1548 433 1633 φανερόν
453 1552 560 1633 ἐστιν,
582 1548 633 1616 ότι
656 1558 867 1635 παμπληθεῖς
883 1550 966 1617 είσὶν
981 1552 1016 1616 οί
1027 1572 1134 1632 παρα-

177 1648 397 1728 σκευάζοντες
418 1646 497 1727 τούς
517 1650 640 1734 λόγους
663 1662 733 1727 τοῖς
757 1651 794 1715 έν
819 1663 887 1726 τοῖς
911 1652 1135 1733 δικαστηρίοις

177 1747 444 1834 ἀγωνιζομένοις.
478 1749 608 1815 τούτων
632 1748 693 1833 μὲν
710 1754 827 1815 τοίνυν
841 1747 1011 1814 τοσούτων
1026 1744 1135 1815 ὄντων

179 1846 290 1925 οὐδεὶς
312 1846 445 1914 πόποτε
467 1848 651 1933 φανήσεται
673 1853 837 1933 μαθητῶν
851 1844 1045 1935 ἠξιωμένος,
1068 1843 1133 1932 έγώ

178 1947 215 2013 δὲ
238 1953 373 2023 πλείους
394 1944 554 2031 είληφάς,
576 1944 620 2024 όίς
641 1965 745 2032 φησιν
761 1944 778 2012 ό
797 1946 995 2032 κατήγορος,
1010 1942 1033 2032 ἦ
1047 1946 1134 2032 σάμ-

178 2072 299 2125 παντες
319 2047 440 2131 οἱπερὶ
460 2043 521 2131 την
537 2040 1005 2133 φιλοσοφίαν[διατρίβοντεςλ
1026 2050 1163 2111 καίτοιδ

177 2153 248 2225 πῶς
269 2142 357 2225 εἰκός
375 2143 454 2223 τούς
475 2154 637 2213 τοσοῦτον
656 2159 724 2222 τοῖς
752 2144 1008 2231 ἐπιτηδεύμασιν
1031 2142 1133 2229 ἀλλή-

178 2256 248 2313 λων
258 2243 450 2328 άφεστῶτας
461 2247 535 2325 περὶ
550 2242 608 2322 τάς
622 2240 725 2321 αὐτάς
740 2243 874 2328 πράξεις
886 2240 1042 2330 ἡγεῖσθαι
1060 2246 1133 2309 δια-

178 2351 322 2430 τρίβεινς

128 2468 164 2520 42
262 2445 337 2522 (ιζ’.)
354 2441 458 2529 Έχων
480 2442 516 2510 δὲ
539 2440 664 2519 πολλάς
680 2448 784 2509 εἰπεῖν
798 2440 963 2527 διαφοράς
978 2444 1052 2526 περὶ
1070 2448 1132 2508 τοῦ

178 2552 254 2631 βίου
277 2549 339 2610 τοῦ
359 2540 389 2609 τ’
411 2546 494 2627 ἐμοῦ
515 2543 569 2609 καὶ
590 2548 657 2607 τῶν
680 2543 755 2623 περὶ
781 2538 839 2618 τάς
863 2545 972 2626 δίκας,
999 2544 1132 2618 ἐκείνως

179 2641 263 2726 υμᾶς
282 2638 427 2727 ἡγοῦμαι
449 2638 574 2725 τάχιστ’
591 2636 635 2706 άν
650 2638 799 2723 άφέσθαι
815 2646 871 2723 της
886 2642 983 2724 δόξης
998 2639 1130 2724 ταύτης,

179 2751 211 2809 εί
221 2767 269 2818 τις
283 2737 364 2825 ὑμῖν
378 2744 546 2819 ἐπιδείξειε
560 2738 605 2825 μὴ
620 2738 750 2805 τούτων
764 2747 831 2806 των
847 2739 1052 2824 πραγμάτων
1066 2764 1132 2822 μα-

177 2831 879 2931 θητάςμουγεγενημένουςῶνὁκατηγορος
906 2848 1027 2924 είρηκε,
1046 2839 1157 2923 μηδέε

179 2942 249 3020 περὶ
264 2936 343 3015 τούς
357 2938 479 3023 λόγους
494 2936 575 3005 ὅντα
590 2965 630 3024 με
646 2936 760 3005 δεινόν
772 2935 852 3016 τούς
866 2940 940 3019 περὶ
955 2944 1022 3005 των
1036 2942 1131 3005 ίδίων

131 3055 166 3111 43
181 3043 400 3123 συμβολαίων.
435 3036 523 3122 οίμαι
542 3036 606 3123 γάρ
623 3036 723 3123 ὑμᾶς,
740 3040 989 3123 ἐξελεγχομένης
1003 3043 1060 3123 τῆς
1077 3042 1130 3103 αί-

180 3142 246 3213 τίας
269 3126 309 3220 ἧς
334 3134 423 3220 εἶχον
448 3137 628 3221 πρότερον,
655 3143 762 3222 ζητεῖν
790 3139 905 3222 ἑτέραν
933 3134 1129 3223 μεταλαβεῖν

179 3234 344 3317 διάνοιαν,
370 3238 423 3303 καὶ
445 3246 567 3303 ποθεῖν
588 3234 746 3319 ἀκοῦσαι,
773 3240 846 3319 περὶ
868 3243 985 3314 ποίους
1006 3234 1129 3312 άλλους

178 3332 296 3419 λόγους
311 3338 532 3419 γεγενημένος
547 3337 749 3421 τηλικαύτην
760 3337 862 3415 δόξαν
874 3342 1003 3423 ἔλαβον.
1029 3343 1058 3405 εί
1070 3335 1132 3421 μὲν
1147 3346 1198 3404 319

180 3426 239 3499 οὖν
249 3458 305 3518 μοι
320 3441 470 3501 συνοίσει
486 3436 677 3502 κατειπόντι
689 3433 751 3521 την
765 3432 940 3521 άλήθειαν,
957 3433 1018 3503 οὐκ
1036 3432 1126 3503 οἶδα·

177 3527 318 3617 χαλεπόν
337 3530 402 3618 γάρ
425 3532 640 3617 στοχάζεσθαι
655 3541 713 3618 τῆς
728 3531 887 3619 ὑμετέρας
899 3538 1062 3613 διανοίας·
1087 3534 1128 3603 οὐ

133 3646 164 3699 λλ
179 3629 242 3716 μὴν
262 3628 346 3697 άλλά
368 3634 638 3716 παρρησιάσομαί
655 3658 694 3719 γε
708 3632 792 3717 πρὸς
806 3632 900 3717 υμας.
935 3634 1067 3720 καὶγὰρ
1086 3632 1129 3701 άν
