2859 4334
276 403 296 463 2
555 406 951 469 ΙΣΟΚΡΑΤΟἸΣίΙΙ)

276 574 409 651 ποιῆσαι
427 567 630 649 καταφανὲς,
648 562 699 632 ότι
712 565 799 632 πολύ
811 575 871 632 τοῦ
884 568 1017 641 δέοντος
1028 567 1065 632 έν
1078 562 1232 651 άμφοτέ-

275 692 347 749 ροις
367 678 436 742 τοῖς
458 665 571 750 λόγοις
591 666 778 749 διήμαρτες.
811 663 971 733 ἁπάντων
992 662 1057 751 γάρ
1078 665 1230 747 εἰδότων,

275 760 324 829 ὅτι
346 766 398 829 δεῖ
415 760 493 841 τούς
513 763 575 847 μὲν
597 760 751 848 εὐλογεῖν
772 762 865 842 τινάς
881 768 1108 851 βουλομένους
1124 769 1231 830 πλείω

275 858 1230 947 τωυύπαρχόντωνάγαθωναύτοῑςπροσόντ’ἀποφαίνειν,

246 957 353 1037 5τούς
367 960 402 1025 δὲ
420 966 689 1045 κατηγοροῦντας
703 956 863 1027 τάναντία
881 962 1011 1028 τούτων
1030 974 1153 1042 ποιεῖν,
1168 984 1230 1025 το-

276 1058 400 1125 σούτου
420 1067 489 1135 δεῖς
511 1058 599 1126 ούτω
614 1066 798 1143 κεχρῆσθαι
813 1074 882 1137 τοῖς
896 1060 1025 1144 λόγοις,
1042 1056 1127 1125 ὥσθ’
1141 1055 1229 1138 ὑπὲρ

274 1159 336 1241 μὲν
347 1162 544 1240 Βουσίριδος
555 1154 830 1242 ἀπολογήσασθαι
845 1160 987 1243 φάσκων
998 1155 1058 1243 ούχ
1071 1156 1160 1234 ὅπως
1169 1163 1231 1240 τῆς

275 1253 488 1341 ὑπαρχούσης
503 1252 607 1321 αύτόν
622 1259 780 1341 διαβολῆς
794 1253 983 1341 άπήλλαξας
998 1251 1082 1323 ἄλλά
1098 1256 1151 1320 καὶ
1166 1279 1257 1337 τη-ς,
1367 1325 1368 1332 χ

273 1354 435 1440 λικαύτηυ
450 1352 539 1443 αύτῷ
555 1352 591 1421 τὸ
604 1358 747 1439 μέγεθος
758 1361 971 1439 παρανομίαν
982 1361 1172 1439 προσῆψας,
1187 1343 1229 1437 ἧς

274 1453 337 1521 οὐκ
353 1452 428 1521 ἔσθ’
445 1453 535 1531 ὅπως
550 1451 593 1520 άν
608 1479 658 1531 τις
674 1457 866 1535 δεινοτέραν
882 1456 1028 1538 ἐξευρεῖν
1046 1455 1226 1537 δυνηθείη·

274 1560 341 1619 τῶν
351 1550 417 1639 γάρ
429 1550 541 1619 άλλων
552 1559 620 1618 τῶν
632 1553 913 1637 ἐπιχειρησάντων
923 1555 1054 1619 ἐκεῖνον
1061 1555 1228 1633 λοιδορεῖν

274 1658 436 1719 τοσοῦτον
448 1651 555 1735 μόνον
566 1652 640 1734 περὶ
653 1646 759 1716 αὐτοῦ
770 1651 1073 1737 βλασφημούντων,
1089 1647 1133 1727 ὡς
1145 1655 1228 1717 ἔθυε

274 1758 342 1818 τῶν
358 1752 462 1829 ξένων
482 1748 561 1827 τούς
581 1747 869 1835 ἀφικνουμένους,
898 1747 941 1817 σύ
961 1752 1016 1817 καὶ
1037 1755 1229 1817 κατεσθίειν

274 1847 378 1916 αύτὸν
389 1846 467 1925 τούς
477 1845 683 1932 ἀνθρώπους
694 1845 835 1936 ᾐτιάσω·
856 1850 1061 1935 Σωκράτους
1075 1849 1112 1916 δὲ
1126 1874 1229 1932 κατη-

190 2028 193 2031 ,
273 1963 388 2035 γορεῖν
415 1949 636 2035 ἐπιχειρήσας,
668 1947 779 2033 ὥσπερ
800 1950 1002 2034 ἐγκωμιάσαι
1024 1947 1230 2036 βουλόμενος

276 2049 480 2135 Ἀλκιβιάδην
504 2053 629 2126 ἔδωκας
650 2045 740 2137 αύτῷ
762 2046 936 2133 μαθητήν,
962 2045 1002 2113 ὃν
1019 2044 1077 2114 ὑπ’
1095 2050 1258 2113 έκείνονδ

273 2146 335 2232 μέν
347 2144 455 2224 οὐδεὶς
466 2144 589 2235 ᾔσθετο
601 2146 859 2231 παιδευόμενον,
867 2144 919 2212 ὅτι
929 2148 965 2213 δὲ
973 2142 1061 2213 πολύ
1072 2146 1226 2230 διήνεγκε

245 2253 340 2313 ὁτῶν
354 2245 481 2329 άλλωυ,
504 2246 647 2323 ἅπαντες
663 2241 706 2312 άν
721 2242 973 2331 ὁμολογήσειαν.
997 2249 1179 2330 τοιγαροῦν
1199 2249 1229 2311 εί

273 2341 395 2430 γένοιτ’
407 2346 537 2423 ἐξουσία
549 2359 617 2422 τοῖς
627 2346 876 2430 τετελευτηκόσι
887 2342 1139 2430 βουλεύσασθαι
1151 2346 1226 2424 περὶ

274 2451 340 2510 τῶν
352 2447 547 2529 εἰρημένων,
555 2442 572 2511 ὁ
581 2447 644 2529 μὲν
655 2442 698 2509 άν
709 2464 762 2511 σοι
774 2444 941 2528 τοσαύτην
952 2448 1019 2527 έχοι
1030 2443 1129 2529 χάριν
1140 2439 1227 2523 ὑπὲρ

273 2553 329 2630 τής
343 2550 558 2629 κατηγορίας,
582 2544 666 2630 όσην
682 2542 796 2611 ούδενλ
810 2552 878 2611 των
892 2548 1043 2611 ἐπαινεῖν
1058 2541 1163 2610 αύτόν
1179 2548 1225 2610 εί-

273 2647 455 2731 θισμένων,
472 2640 489 2710 ὁ
506 2640 537 2710 δ’
552 2650 582 2711 εί
594 2648 647 2710 καί
663 2647 738 2725 περὶ
748 2641 827 2720 τούς
841 2642 964 2719 άλλους
975 2642 1159 2725 πραότατος
1169 2633 1226 2728 ἦν,

273 2739 346 2810 ἀλλ’
364 2735 429 2808 οὖν
451 2746 504 2808 έπί
523 2766 561 2827 γε
580 2756 648 2818 τοῖς
670 2739 735 2807 ὑπὸ
759 2748 823 2807 σού
842 2743 1034 2826 λεγομένοις
1055 2737 1161 2816 οὗτος
1182 2734 1227 2806 άν

272 2839 533 2927 ἀγανακτήσειεν
555 2838 637 2907 ὥστε
658 2844 820 2926 μηδεμιᾶς
836 2838 1041 2925 ἀποσχέσθαι
1055 2845 1227 2925 τιμωρίας.

273 2947 378 3007 καίτοι
399 2946 469 3016 πῶς
489 2936 552 3006 ούκ
572 2939 791 3024 αἰσχύνεσθαι
811 2935 975 3024 μάλλονή
996 2940 1227 3024 σεμνύνεσθαι

273 3037 431 3123 προσήκει
456 3033 516 3103 τόν
540 3036 628 3121 παρὰ
653 3051 722 3114 τοῖς
743 3040 1016 3123 λοιδορουμένοις
1038 3036 1099 3123 ὑφ’
1117 3035 1252 3110 αὐτούς

272 3143 399 3222 μάλλον
421 3134 644 3222 άγαπεόμενον
663 3132 684 3222 ή
706 3134 796 3220 παρά
819 3151 888 3215 τοῖς
912 3142 1225 3222 έγκωμιαζομένοιςς

245 3243 259 3299 1
274 3237 346 3323 (γ’.)
361 3234 458 3303 Ούτω
470 3233 501 3301 δ’
510 3233 684 3321 ήμέλησας,
699 3243 729 3304 εί
736 3238 841 3323 μηδὲν
847 3234 1122 3322 ὁμολογούμενον
1128 3238 1225 3320 έρεῖς,

274 3335 357 3404 ὥστε
373 3334 438 3423 φῂς
454 3336 515 3420 μὲν
531 3332 635 3402 αὐτόν
650 3333 712 3420 τήν
725 3336 852 3404 Αἰόλου
868 3338 922 3402 καί
936 3334 998 3420 τὴν
1009 3332 1153 3419 Ὀρφέως
1168 3340 1225 3419 ζη-

272 3442 376 3502 λῶσαι
388 3433 499 3517 δόξαν,
516 3432 714 3518 ἀποφαίνεις
726 3431 758 3501 δ’
772 3433 872 3502 οὐδὲν
882 3441 951 3502 τῶν
962 3432 1075 3501 αύτοὸν
1085 3437 1224 3510 έκείνοις

272 3534 540 3619 ἐπιτηδεύσαντα.
563 3535 687 3615 πότερα
703 3530 767 3618 γάρ
782 3538 935 3617 τοῖςπερὶ
946 3534 1074 3601 Λίόλου
1085 3532 1224 3617 λεγομέ-

274 3660 343 3711 νοις
354 3629 458 3699 αύτόν
469 3632 727 3716 παρατάξωμεν;
743 3629 816 3699 ἀλλ’
831 3635 1027 3717 έκεῖνοςμλν
1037 3637 1106 3697 τῶν
1117 3632 1224 3710 ξένων
1240 3638 1293 3692 m
