2859 4334
310 371 373 436 εσυ
589 374 987 451 mmmmm)

310 544 378 602 των
392 532 578 617 ἀλλοτρίων
598 532 638 602 τά
661 539 772 602 δίκαια
795 538 1043 620 ψηφιζομένους
1065 531 1133 620 ἅμα
1148 535 1203 600 καὶ
1221 532 1286 600 uid

311 631 445 717 σφέτερ’
460 630 573 700 αάτων
588 626 628 700 εὖ
642 640 809 702 τίθεσθαι.

265 754 296 808 ις
394 730 480 817 (ιγ’.)
502 734 568 799 Καὶ
584 734 697 818 μηδείς
711 729 809 818 δμιν
823 738 870 812 είς
883 731 978 801 τοῦτ’
994 732 1198 820 ἀποβλέψας,
1212 731 1261 801 ὅτι

312 834 413 918 πένης
427 833 491 917 είμλ
513 834 569 900 καί
589 841 652 899 τοῦ
664 833 820 918 πλήθους
834 829 898 918 είς,
925 830 1069 913 ἀξιούτω
1089 840 1151 901 τοῦ
1165 831 1262 919 τιμή-

311 956 413 1017 ματος
427 927 594 1017 ἀφαιρεῖν.
617 929 658 998 οὗ
678 929 744 1016 γάρ
765 935 897 1000 δίκαιον
918 934 1075 1012 ἐλάττους
1089 943 1262 1003 ποιεῖσθαι

311 1028 370 1110 τάς
379 1037 537 1116 τιμωρίας
546 1029 632 1117 ὑπὲρ
643 1038 711 1099 τῶν
720 1029 850 1112 ἀδόξων
860 1027 882 1118 ή
891 1039 960 1100 τῶν
968 1035 1262 1119 διωνομασμένων,

312 1127 391 1198 οὐδὲ
402 1137 534 1217 χείρους
546 1127 704 1218 ἡγεῖσθαι
713 1129 794 1210 τοάς
808 1133 1016 1218 πενομένους
1028 1126 1050 1219 ή
1065 1129 1145 1210 τούς
1156 1129 1261 1200 πολλά

311 1233 543 1316 κεκτημένους.
566 1227 654 1316 ὑμᾶς
666 1227 732 1316 γάρ
749 1226 794 1297 ἀν
810 1228 934 1308 αὐτοὺς
949 1227 1132 1317 ἀτιμάζοιτ’
1150 1237 1183 1300 εί
1195 1255 1262 1298 τοι·

263 1346 297 1397 ·20
310 1335 396 1396 αὕτα
413 1328 632 1415 γιγνώσκοιτε
646 1331 722 1415 περὶ
736 1337 804 1398 τῶν
817 1330 962 1398 πολλῶν.
996 1336 1044 1399 έτι
1054 1333 1091 1398 δέ
1107 1335 1163 1399 καί
1178 1332 1286 1398 πάν-ε

311 1454 379 1495 των
393 1423 439 1495 άν
453 1437 504 1516 είη
521 1429 731 1516 δεινότατον,
755 1435 786 1498 εί
799 1433 1113 1516 δημοκρατουμένης
1127 1437 1187 1516 τῆς
1202 1429 1262 1496 πό-

311 1534 394 1604 λεως
408 1525 453 1613 μή
468 1536 537 1594 τῶν
551 1525 666 1596 αὐτῶν
682 1527 828 1606 ἅπαντες
842 1525 1077 1614 τυγχάνοιμεν,
1098 1525 1262 1596 ἀλλάττων

310 1628 373 1711 μέν
390 1622 503 1710 ἀρχῶν
517 1629 665 1713 μετέχειν
681 1625 844 1714 ἀξιοῖμεν,
873 1633 941 1694 τῶν
955 1625 987 1693 δ’
1013 1629 1051 1695 έν
1064 1641 1135 1705 τοῖς
1148 1627 1263 1713 νόμοις

313 1730 454 1792 δικαίων
468 1722 710 1814 ἀποστεροῖμεν
730 1725 817 1814 ἡμᾶς
838 1723 977 1811 αὐτοὺς,
1005 1729 1059 1796 καί
1080 1727 1263 1814 μαχόμενοι
1277 1749 1317 1800 399

310 1825 372 1910 μέν
386 1826 562 1912 ἐθέλοιμεν
583 1824 814 1913 ἀποθνήσκειν
836 1823 921 1910 ὑπὲρ
943 1833 1001 1913 τῆς
1015 1833 1199 1909 πολιτείας,
1227 1827 1264 1891 έν

310 1924 347 1990 δέ
361 1929 401 2011 τή
416 1923 518 2012 νήφφ
533 1928 635 1993 πλέον
649 1928 807 2010 νέμοιμεν
830 1937 898 2001 τοῖς
912 1920 971 2002 τάς
987 1921 1103 2002 οὐσίας
1118 1929 1261 2010 ἔχουσιν.

258 2033 291 2085 21
308 2018 371 2088 οὐκ
385 2020 429 2089 ἀν
442 2022 705 2112 γέμοιπεισθηθ’
730 2019 817 2088 οὕτω
839 2027 1049 2090 διακείσεσθε
1072 2018 1158 2106 πρὸς
1179 2021 1265 2109 ὑμᾶς

310 2119 451 2207 αὐτους,
479 2119 558 2191 οὐδὲ
580 2123 729 2203 διδάξετε
742 2119 822 2200 τοδς
836 2130 1020 2207 νεωτέρους
1036 2136 1266 2207 καταφρονεῖν

310 2229 371 2291 τοῦ
386 2220 539 2308 πλήθους
550 2227 618 2288 τῶν
630 2229 786 2306 πολιτῶν,
801 2220 880 2289 οὐδὲ
892 2217 1086 2306 ἀλλοτρίους
1096 2215 1262 2307 ἡγήσεσθ’

311 2320 396 2390 εἶναι
410 2318 490 2398 τούς
503 2321 677 2399 τοιούτους
690 2330 759 2388 τῶν
773 2318 928 2407 ἀγώνων,
944 2317 1020 2390 ἀλλ’
1038 2317 1082 2399 ὡς
1097 2319 1184 2404 ὑπὲρ
1202 2317 1265 2387 αὑ-

310 2429 371 2491 τοῦ
387 2422 546 2508 δικάζων,
569 2421 676 2500 οὕτως
697 2426 835 2500 ἕκαστος
850 2420 947 2508 ὑμῶν
961 2430 1044 2489 οίσει
1059 2417 1121 2507 τήν
1136 2426 1262 2507 ψήφου.

310 2519 460 2599 ἅπαντας
473 2518 539 2607 γάρ
554 2519 678 2607 ὁμοίως
692 2518 870 2588 ἀδικοῦσιν
891 2525 925 2588 σι’
938 2525 1125 2605 τολμῶντες
1143 2526 1266 2587 τοῦτον

309 2621 370 2688 τὸν
385 2619 494 2706 νόμον
512 2626 733 2707 παραβαίνειν
758 2617 818 2687 τὸν
834 2617 919 2704 ὑπὲρ
933 2625 1002 2686 των
1016 2617 1183 2703 σωμάτων
1198 2625 1267 2685 τῶν

255 2737 289 2788 2⁶2
307 2718 478 2805 ὑμετέρων
491 2725 656 2804 κείμενον.
680 2719 763 2797 (ιδ’.)
773 2714 863 2784 Ὥσί
876 2712 919 2784 ἀν
931 2722 1140 2802 σωφρονῆτε,
1153 2742 1266 2803 παρα-

310 2822 507 2894 καλέσαντες
519 2814 684 2903 ἀλλήλους
695 2819 938 2902 ένσημανεῑσθε
950 2821 1071 2902 Λοχίτη
1080 2811 1144 2900 τήν
1157 2811 1265 2901 ὀργήν

309 2914 371 3003 τήν
386 2913 550 3002 ὑμετέραν
564 2913 695 3000 αὐτῶν,
712 2916 847 3000 εἰδότες,
865 2913 917 2982 ὅτι
931 2911 1053 2992 πάντες
1070 2917 1104 2980 οἱ
1115 2920 1264 2980 τοιοῦτοι

309 3022 378 3083 τῶν
393 3017 456 3101 μέν
470 3014 586 3100 νόμων
600 3021 668 3082 τῶν
693 3015 857 3101 κειμένων
881 3019 1150 3096 καταφρονοῦσι,
1172 3010 1214 3089 τά,
1231 3010 1264 3079 δ’

310 3113 434 3183 ἐνθάδε
441 3113 705 3201 γιγνωσκόμενα,
718 3120 821 3181 ταῦτα
828 3111 955 3198 νόμους
967 3109 1264 3196 είναινομιῖουσιν.

392 3214 470 3293 (ιε’.)
488 3209 570 3299 ’λέγω
585 3215 648 3300 μὲν
673 3206 738 3281 οὖν
764 3210 808 3292 ὡς
830 3207 899 3290 οἷός
923 3208 955 3279 τ’
982 3203 1027 3301 ήν
1053 3219 1172 3294 εἴρηκα
1186 3215 1265 3297 περὶ

308 3314 594 3401 τοῦπράγματος·
619 3319 649 3382 εί
669 3316 708 3381 δέ
728 3341 777 3393 τις
801 3320 869 3380 τῶν
885 3310 1065 3396 παρόντων
1080 3315 1145 3394 ἔχει
1162 3318 1194 3376 τί
1206 3337 1263 3396 μοι

310 3429 493 3496 συνειπεῖν,
511 3411 641 3500 ἀναβὰς
656 3420 702 3493 είς
715 3411 803 3501 ὑμᾶς
817 3417 947 3498 λεγέτω.

685 3599 701 3604 ...
709 3597 876 3606 Ἄ-ο--ι
