<?xml version="1.0" encoding="UTF-8"?>
<!DOCTYPE html PUBLIC "-//W3C//DTD XHTML 1.0 Transitional//EN"
    "http://www.w3.org/TR/xhtml1/DTD/xhtml1-transitional.dtd">
<html xmlns="http://www.w3.org/1999/xhtml" xml:lang="en" lang="en">
 <head>
  <title>
</title>
<meta http-equiv="Content-Type" content="text/html;charset=utf-8" />
  <meta name='ocr-system' content='tesseract 3.04.00' />
  <meta name='ocr-capabilities' content='ocr_page ocr_carea ocr_par ocr_line ocrx_word'/>
</head>
<body>
  <div class='ocr_page' id='page_1' title='image "./orationes00isgoog_0557.png"; bbox 0 0 2859 4334; ppageno 0'>
   <div class='ocr_carea' id='block_1_1' title="bbox 294 324 973 404">
    <p class='ocr_par' dir='ltr' id='par_1_1' title="bbox 294 324 973 404">
     <span class='ocr_line' id='line_1_1' title="bbox 294 324 973 404; baseline 0.003 -18"><span class='ocrx_word' id='word_1_1' title='bbox 294 324 355 388; x_wconf 72' lang='lat'><strong><em>184</em></strong></span> <span class='ocrx_word' id='word_1_2' title='bbox 572 329 973 404; x_wconf 73' lang='grc' dir='ltr'><strong><em>ιΣοιοΑνοεΣρε)</em></strong></span> 
     </span>
    </p>
   </div>
   <div class='ocr_carea' id='block_1_2' title="bbox 244 485 1360 3654">
    <p class='ocr_par' dir='ltr' id='par_1_2' title="bbox 244 485 1360 3654">
     <span class='ocr_line' id='line_1_2' title="bbox 291 485 1249 575; baseline 0.001 -20"><span class='ocrx_word' id='word_1_3' title='bbox 291 489 442 575; x_wconf 86' lang='grc' dir='ltr'><strong><em>κιβιάδης</em></strong></span> <span class='ocrx_word' id='word_1_4' title='bbox 457 492 511 555; x_wconf 83' lang='grc' dir='ltr'><strong><em>καὶ</em></strong></span> <span class='ocrx_word' id='word_1_5' title='bbox 527 492 749 575; x_wconf 74' lang='grc' dir='ltr'><strong><em>Κλεισθένης,</em></strong></span> <span class='ocrx_word' id='word_1_6' title='bbox 771 485 789 555; x_wconf 85' lang='grc' dir='ltr'>ὁ</span> <span class='ocrx_word' id='word_1_7' title='bbox 815 491 877 573; x_wconf 75' lang='grc' dir='ltr'><strong><em>μὲν</em></strong></span> <span class='ocrx_word' id='word_1_8' title='bbox 896 488 981 573; x_wconf 88' lang='grc' dir='ltr'><strong><em>πρός</em></strong></span> <span class='ocrx_word' id='word_1_9' title='bbox 1002 487 1144 575; x_wconf 86' lang='grc' dir='ltr'><strong><em>πατρός,</em></strong></span> <span class='ocrx_word' id='word_1_10' title='bbox 1165 486 1185 555; x_wconf 87' lang='grc' dir='ltr'><strong><em>ό</em></strong></span> <span class='ocrx_word' id='word_1_11' title='bbox 1214 494 1249 556; x_wconf 74' lang='grc' dir='ltr'><strong><em>δὲ</em></strong></span> 
     </span>
     <span class='ocr_line' id='line_1_3' title="bbox 292 583 1250 673; baseline 0.001 -21"><span class='ocrx_word' id='word_1_12' title='bbox 292 584 375 671; x_wconf 86' lang='grc' dir='ltr'><strong><em>πρός</em></strong></span> <span class='ocrx_word' id='word_1_13' title='bbox 401 586 524 673; x_wconf 89' lang='grc' dir='ltr'><strong><em>μητρός</em></strong></span> <span class='ocrx_word' id='word_1_14' title='bbox 556 583 604 653; x_wconf 76' lang='grc' dir='ltr'><strong><em>τόν</em></strong></span> <span class='ocrx_word' id='word_1_15' title='bbox 635 586 834 667; x_wconf 75' lang='grc' dir='ltr'><strong><em>πρόπαππος</em></strong></span> <span class='ocrx_word' id='word_1_16' title='bbox 863 593 924 653; x_wconf 81' lang='grc' dir='ltr'><strong><em>τοῦ</em></strong></span> <span class='ocrx_word' id='word_1_17' title='bbox 953 587 1078 672; x_wconf 88' lang='grc' dir='ltr'><strong><em>πατρός</em></strong></span> <span class='ocrx_word' id='word_1_18' title='bbox 1107 586 1250 673; x_wconf 83' lang='grc' dir='ltr'><strong><em>τούμού,</em></strong></span> 
     </span>
     <span class='ocr_line' id='line_1_4' title="bbox 292 683 1321 773; baseline 0.002 -22"><span class='ocrx_word' id='word_1_19' title='bbox 292 685 575 771; x_wconf 77' lang='grc' dir='ltr'><strong><em>στρατηγήσαντες</em></strong></span> <span class='ocrx_word' id='word_1_20' title='bbox 592 693 649 772; x_wconf 80' lang='grc' dir='ltr'><strong><em>τῆς</em></strong></span> <span class='ocrx_word' id='word_1_21' title='bbox 665 691 776 771; x_wconf 85' lang='grc' dir='ltr'><strong><em>φυγῆς</em></strong></span> <span class='ocrx_word' id='word_1_22' title='bbox 791 683 982 771; x_wconf 75' lang='grc' dir='ltr'><strong><em>κατήγαγον</em></strong></span> <span class='ocrx_word' id='word_1_23' title='bbox 995 683 1054 753; x_wconf 86' lang='grc' dir='ltr'><strong><em>τόν</em></strong></span> <span class='ocrx_word' id='word_1_24' title='bbox 1069 692 1180 773; x_wconf 77' lang='grc' dir='ltr'><strong><em>δῆμον</em></strong></span> <span class='ocrx_word' id='word_1_25' title='bbox 1196 690 1248 753; x_wconf 71' lang='grc' dir='ltr'><strong><em>καί</em></strong></span> <span class='ocrx_word' id='word_1_26' title='bbox 1266 702 1321 753; x_wconf 73' lang='lat'><strong><em>352</em></strong></span> 
     </span>
     <span class='ocr_line' id='line_1_5' title="bbox 245 783 1250 872; baseline -0.003 -18"><span class='ocrx_word' id='word_1_27' title='bbox 245 783 370 863; x_wconf 72' lang='grc' dir='ltr'><strong><em>λλτούς</em></strong></span> <span class='ocrx_word' id='word_1_28' title='bbox 391 786 580 867; x_wconf 78' lang='grc' dir='ltr'><strong><em>τυράννους</em></strong></span> <span class='ocrx_word' id='word_1_29' title='bbox 602 788 773 872; x_wconf 78' lang='grc' dir='ltr'><strong><em>ἐξέβαλον,</em></strong></span> <span class='ocrx_word' id='word_1_30' title='bbox 804 787 859 851; x_wconf 78' lang='grc' dir='ltr'><strong><em>καὶ</em></strong></span> <span class='ocrx_word' id='word_1_31' title='bbox 880 787 1095 871; x_wconf 81' lang='grc' dir='ltr'><strong><em>κατέστησαν·</em></strong></span> <span class='ocrx_word' id='word_1_32' title='bbox 1115 789 1250 871; x_wconf 83' lang='grc' dir='ltr'><strong><em>ἐκείνην</em></strong></span> 
     </span>
     <span class='ocr_line' id='line_1_6' title="bbox 290 876 1250 972; baseline -0.002 -19"><span class='ocrx_word' id='word_1_33' title='bbox 290 886 352 972; x_wconf 84' lang='grc' dir='ltr'><strong><em>τήν</em></strong></span> <span class='ocrx_word' id='word_1_34' title='bbox 366 888 608 970; x_wconf 76' lang='grc' dir='ltr'><strong><em>δημοκρατίαν,</em></strong></span> <span class='ocrx_word' id='word_1_35' title='bbox 634 886 666 963; x_wconf 80' lang='grc' dir='ltr'><strong><em>ἐξ</em></strong></span> <span class='ocrx_word' id='word_1_36' title='bbox 681 876 721 969; x_wconf 82' lang='grc' dir='ltr'><strong><em>ἧς</em></strong></span> <span class='ocrx_word' id='word_1_37' title='bbox 736 887 769 951; x_wconf 82' lang='grc' dir='ltr'><strong><em>οἱ</em></strong></span> <span class='ocrx_word' id='word_1_38' title='bbox 781 891 912 949; x_wconf 84' lang='grc' dir='ltr'><strong><em>πολῖται</em></strong></span> <span class='ocrx_word' id='word_1_39' title='bbox 927 880 1011 965; x_wconf 89' lang='grc' dir='ltr'><strong><em>πρός</em></strong></span> <span class='ocrx_word' id='word_1_40' title='bbox 1025 884 1089 969; x_wconf 77' lang='grc' dir='ltr'><strong><em>μὲν</em></strong></span> <span class='ocrx_word' id='word_1_41' title='bbox 1103 882 1250 967; x_wconf 78' lang='grc' dir='ltr'><strong><em>ἀνδρίαν</em></strong></span> 
     </span>
     <span class='ocr_line' id='line_1_7' title="bbox 290 980 1250 1071; baseline -0.002 -19"><span class='ocrx_word' id='word_1_42' title='bbox 290 984 396 1063; x_wconf 79' lang='grc' dir='ltr'><strong><em>οὕτως</em></strong></span> <span class='ocrx_word' id='word_1_43' title='bbox 421 985 669 1071; x_wconf 88' lang='grc' dir='ltr'><strong><em>ἐπαιδεύθησαν</em></strong></span> <span class='ocrx_word' id='word_1_44' title='bbox 685 982 769 1051; x_wconf 73' lang='grc' dir='ltr'><strong><em>ὥστε</em></strong></span> <span class='ocrx_word' id='word_1_45' title='bbox 789 980 868 1061; x_wconf 84' lang='grc' dir='ltr'><strong><em>τούς</em></strong></span> <span class='ocrx_word' id='word_1_46' title='bbox 887 982 1079 1069; x_wconf 79' lang='grc' dir='ltr'><strong><em>βαρβάρους</em></strong></span> <span class='ocrx_word' id='word_1_47' title='bbox 1099 981 1179 1061; x_wconf 82' lang='grc' dir='ltr'><strong><em>τούς</em></strong></span> <span class='ocrx_word' id='word_1_48' title='bbox 1198 985 1250 1051; x_wconf 83' lang='grc' dir='ltr'><strong><em>ἐπὶ</em></strong></span> 
     </span>
     <span class='ocr_line' id='line_1_8' title="bbox 289 1080 1250 1168; baseline -0.002 -17"><span class='ocrx_word' id='word_1_49' title='bbox 289 1092 402 1151; x_wconf 85' lang='grc' dir='ltr'><strong><em>πᾶσαν</em></strong></span> <span class='ocrx_word' id='word_1_50' title='bbox 423 1084 584 1162; x_wconf 78' lang='grc' dir='ltr'><strong><em>ἐλθόντας</em></strong></span> <span class='ocrx_word' id='word_1_51' title='bbox 607 1080 669 1168; x_wconf 85' lang='grc' dir='ltr'><strong><em>τήν</em></strong></span> <span class='ocrx_word' id='word_1_52' title='bbox 698 1080 839 1150; x_wconf 85' lang='grc' dir='ltr'><strong><em>Ἑλλάδα</em></strong></span> <span class='ocrx_word' id='word_1_53' title='bbox 860 1082 959 1167; x_wconf 83' lang='grc' dir='ltr'><strong><em>μόνοι</em></strong></span> <span class='ocrx_word' id='word_1_54' title='bbox 982 1090 1081 1149; x_wconf 79' lang='grc' dir='ltr'><strong><em>νικᾶν</em></strong></span> <span class='ocrx_word' id='word_1_55' title='bbox 1102 1084 1250 1168; x_wconf 85' lang='grc' dir='ltr'><strong><em>μαχόμε-</em></strong></span> 
     </span>
     <span class='ocr_line' id='line_1_9' title="bbox 290 1182 1251 1269; baseline -0.004 -18"><span class='ocrx_word' id='word_1_56' title='bbox 290 1209 359 1267; x_wconf 95' lang='grc' dir='ltr'><strong><em>νοι,</em></strong></span> <span class='ocrx_word' id='word_1_57' title='bbox 391 1186 466 1265; x_wconf 86' lang='grc' dir='ltr'><strong><em>περὶ</em></strong></span> <span class='ocrx_word' id='word_1_58' title='bbox 494 1184 530 1249; x_wconf 80' lang='grc' dir='ltr'><strong><em>δέ</em></strong></span> <span class='ocrx_word' id='word_1_59' title='bbox 559 1182 774 1266; x_wconf 79' lang='grc' dir='ltr'><strong><em>δικαιοσύνης</em></strong></span> <span class='ocrx_word' id='word_1_60' title='bbox 804 1182 970 1267; x_wconf 83' lang='grc' dir='ltr'><strong><em>τοσαύτην</em></strong></span> <span class='ocrx_word' id='word_1_61' title='bbox 996 1183 1097 1261; x_wconf 82' lang='grc' dir='ltr'><strong><em>δόξαν</em></strong></span> <span class='ocrx_word' id='word_1_62' title='bbox 1126 1189 1251 1269; x_wconf 78' lang='grc' dir='ltr'><strong><em>ἔλαβον</em></strong></span> 
     </span>
     <span class='ocr_line' id='line_1_10' title="bbox 292 1277 1250 1367; baseline -0.003 -18"><span class='ocrx_word' id='word_1_63' title='bbox 292 1280 378 1349; x_wconf 73' lang='grc' dir='ltr'><strong><em>ὥσθ’</em></strong></span> <span class='ocrx_word' id='word_1_64' title='bbox 396 1279 666 1360; x_wconf 80' lang='grc' dir='ltr'><strong><em>ἑκόντας-αὐτοῖς</em></strong></span> <span class='ocrx_word' id='word_1_65' title='bbox 690 1278 770 1358; x_wconf 84' lang='grc' dir='ltr'><strong><em>τούς</em></strong></span> <span class='ocrx_word' id='word_1_66' title='bbox 791 1277 953 1365; x_wconf 81' lang='grc' dir='ltr'><strong><em>Ἕλληνας</em></strong></span> <span class='ocrx_word' id='word_1_67' title='bbox 979 1284 1158 1366; x_wconf 80' lang='grc' dir='ltr'><strong><em>ἐγχειρίσαι</em></strong></span> <span class='ocrx_word' id='word_1_68' title='bbox 1184 1280 1250 1367; x_wconf 78' lang='grc' dir='ltr'><strong><em>τήν</em></strong></span> 
     </span>
     <span class='ocr_line' id='line_1_11' title="bbox 291 1378 1249 1467; baseline 0 -18"><span class='ocrx_word' id='word_1_69' title='bbox 291 1379 396 1467; x_wconf 78' lang='grc' dir='ltr'><strong><em>ἀρχὴν</em></strong></span> <span class='ocrx_word' id='word_1_70' title='bbox 411 1390 467 1466; x_wconf 84' lang='grc' dir='ltr'><strong><em>τῆς</em></strong></span> <span class='ocrx_word' id='word_1_71' title='bbox 480 1381 664 1466; x_wconf 77' lang='grc' dir='ltr'><strong><em>θαλάττης,</em></strong></span> <span class='ocrx_word' id='word_1_72' title='bbox 680 1378 742 1465; x_wconf 85' lang='grc' dir='ltr'><strong><em>τήν</em></strong></span> <span class='ocrx_word' id='word_1_73' title='bbox 756 1382 793 1447; x_wconf 77' lang='grc' dir='ltr'><strong><em>δέ</em></strong></span> <span class='ocrx_word' id='word_1_74' title='bbox 804 1380 905 1447; x_wconf 89' lang='grc' dir='ltr'><strong><em>πόλιν</em></strong></span> <span class='ocrx_word' id='word_1_75' title='bbox 917 1380 1121 1467; x_wconf 80' lang='grc' dir='ltr'><strong><em>τηλικαύτην</em></strong></span> <span class='ocrx_word' id='word_1_76' title='bbox 1134 1381 1173 1449; x_wconf 83' lang='grc' dir='ltr'><strong><em>τὸ</em></strong></span> <span class='ocrx_word' id='word_1_77' title='bbox 1188 1384 1249 1467; x_wconf 88' lang='grc' dir='ltr'><strong><em>μέ-</em></strong></span> 
     </span>
     <span class='ocr_line' id='line_1_12' title="bbox 290 1480 1356 1572; baseline -0.001 -20"><span class='ocrx_word' id='word_1_78' title='bbox 290 1495 393 1572; x_wconf 91' lang='grc' dir='ltr'><strong><em>γεθος</em></strong></span> <span class='ocrx_word' id='word_1_79' title='bbox 407 1487 565 1569; x_wconf 89' lang='grc' dir='ltr'><strong><em>ἐποίησαν</em></strong></span> <span class='ocrx_word' id='word_1_80' title='bbox 580 1486 635 1549; x_wconf 78' lang='grc' dir='ltr'><strong><em>καὶ</em></strong></span> <span class='ocrx_word' id='word_1_81' title='bbox 649 1490 690 1570; x_wconf 76' lang='grc' dir='ltr'><strong><em>τῇ</em></strong></span> <span class='ocrx_word' id='word_1_82' title='bbox 704 1480 846 1567; x_wconf 75' lang='grc' dir='ltr'><strong><em>δυνάμει</em></strong></span> <span class='ocrx_word' id='word_1_83' title='bbox 861 1483 916 1549; x_wconf 79' lang='grc' dir='ltr'><strong><em>καὶ</em></strong></span> <span class='ocrx_word' id='word_1_84' title='bbox 929 1497 1000 1559; x_wconf 85' lang='grc' dir='ltr'><strong><em>ταῖς</em></strong></span> <span class='ocrx_word' id='word_1_85' title='bbox 1013 1480 1128 1559; x_wconf 77' lang='grc' dir='ltr'><strong><em>ἄλλαις</em></strong></span> <span class='ocrx_word' id='word_1_86' title='bbox 1143 1509 1250 1549; x_wconf 90' lang='grc' dir='ltr'><strong><em>κατα-</em></strong></span> <span class='ocrx_word' id='word_1_87' title='bbox 1265 1500 1282 1551; x_wconf 84' lang='lat' dir='ltr'>b</span> <span class='ocrx_word' id='word_1_88' title='bbox 1355 1485 1356 1504; x_wconf 60' lang='lat'>¹</span> 
     </span>
     <span class='ocr_line' id='line_1_13' title="bbox 292 1577 1250 1667; baseline -0.004 -17"><span class='ocrx_word' id='word_1_89' title='bbox 292 1598 425 1661; x_wconf 76' lang='grc' dir='ltr'><strong><em>σκευαῖς</em></strong></span> <span class='ocrx_word' id='word_1_90' title='bbox 444 1581 526 1648; x_wconf 72' lang='grc' dir='ltr'><strong><em>ὥστε</em></strong></span> <span class='ocrx_word' id='word_1_91' title='bbox 540 1579 620 1660; x_wconf 84' lang='grc' dir='ltr'><strong><em>τούς</em></strong></span> <span class='ocrx_word' id='word_1_92' title='bbox 635 1582 825 1667; x_wconf 84' lang='grc' dir='ltr'><strong><em>φάσκοντας</em></strong></span> <span class='ocrx_word' id='word_1_93' title='bbox 840 1577 946 1664; x_wconf 84' lang='grc' dir='ltr'><strong><em>αύτήν</em></strong></span> <span class='ocrx_word' id='word_1_94' title='bbox 960 1578 1047 1646; x_wconf 71' lang='grc' dir='ltr'><strong><em>’άστυ</em></strong></span> <span class='ocrx_word' id='word_1_95' title='bbox 1062 1578 1250 1664; x_wconf 81' lang='grc' dir='ltr'><strong><em>τήςἙλλά-</em></strong></span> 
     </span>
     <span class='ocr_line' id='line_1_14' title="bbox 293 1678 1250 1768; baseline -0.005 -17"><span class='ocrx_word' id='word_1_96' title='bbox 293 1690 349 1762; x_wconf 90' lang='grc' dir='ltr'><strong><em>δος</em></strong></span> <span class='ocrx_word' id='word_1_97' title='bbox 365 1682 449 1751; x_wconf 83' lang='grc' dir='ltr'><strong><em>εἶναι</em></strong></span> <span class='ocrx_word' id='word_1_98' title='bbox 464 1685 518 1750; x_wconf 78' lang='grc' dir='ltr'><strong><em>καί</em></strong></span> <span class='ocrx_word' id='word_1_99' title='bbox 533 1684 702 1759; x_wconf 87' lang='grc' dir='ltr'><strong><em>τοιαύταις</em></strong></span> <span class='ocrx_word' id='word_1_100' title='bbox 716 1678 920 1768; x_wconf 78' lang='grc' dir='ltr'><strong><em>ὑπερβολαῖς</em></strong></span> <span class='ocrx_word' id='word_1_101' title='bbox 936 1685 1150 1765; x_wconf 77' lang='grc' dir='ltr'><strong><em>εἰθισμένους</em></strong></span> <span class='ocrx_word' id='word_1_102' title='bbox 1163 1690 1250 1766; x_wconf 85' lang='grc' dir='ltr'><strong><em>χρῆ-</em></strong></span> 
     </span>
     <span class='ocr_line' id='line_1_15' title="bbox 292 1778 1359 1930; baseline -0.008 -79"><span class='ocrx_word' id='word_1_103' title='bbox 292 1794 373 1851; x_wconf 92' lang='grc' dir='ltr'><strong><em>σθαι</em></strong></span> <span class='ocrx_word' id='word_1_104' title='bbox 389 1787 500 1850; x_wconf 82' lang='grc' dir='ltr'><strong><em>δοκεῖν</em></strong></span> <span class='ocrx_word' id='word_1_105' title='bbox 515 1778 625 1867; x_wconf 85' lang='grc' dir='ltr'><strong><em>άληθη</em></strong></span> <span class='ocrx_word' id='word_1_106' title='bbox 641 1784 759 1865; x_wconf 80' lang='grc' dir='ltr'><strong><em>λέγειν.</em></strong></span> <span class='ocrx_word' id='word_1_107' title='bbox 1357 1805 1359 1930; x_wconf 71' lang='grc' dir='ltr'><strong><em>η</em></strong></span> 
     </span>
     <span class='ocr_line' id='line_1_16' title="bbox 248 1874 1250 1970; baseline -0.009 -18"><span class='ocrx_word' id='word_1_108' title='bbox 248 1905 278 1962; x_wconf 74' lang='lat'><strong><em>28</em></strong></span> <span class='ocrx_word' id='word_1_109' title='bbox 377 1884 459 1970; x_wconf 84' lang='grc' dir='ltr'><strong><em>(ια’.)</em></strong></span> <span class='ocrx_word' id='word_1_110' title='bbox 490 1881 560 1968; x_wconf 83' lang='grc' dir='ltr'><strong><em>Τήν</em></strong></span> <span class='ocrx_word' id='word_1_111' title='bbox 578 1883 640 1967; x_wconf 80' lang='grc' dir='ltr'><strong><em>μὲν</em></strong></span> <span class='ocrx_word' id='word_1_112' title='bbox 661 1874 725 1947; x_wconf 87' lang='grc' dir='ltr'><strong><em>ούν</em></strong></span> <span class='ocrx_word' id='word_1_113' title='bbox 750 1888 866 1965; x_wconf 88' lang='grc' dir='ltr'><strong><em>φιλίαν</em></strong></span> <span class='ocrx_word' id='word_1_114' title='bbox 880 1876 943 1964; x_wconf 84' lang='grc' dir='ltr'><strong><em>τήν</em></strong></span> <span class='ocrx_word' id='word_1_115' title='bbox 959 1877 1042 1959; x_wconf 87' lang='grc' dir='ltr'><strong><em>πρός</em></strong></span> <span class='ocrx_word' id='word_1_116' title='bbox 1062 1878 1122 1945; x_wconf 88' lang='grc' dir='ltr'><strong><em>τόν</em></strong></span> <span class='ocrx_word' id='word_1_117' title='bbox 1138 1882 1250 1963; x_wconf 81' lang='grc' dir='ltr'><strong><em>δῆμον</em></strong></span> 
     </span>
     <span class='ocr_line' id='line_1_17' title="bbox 292 1969 1360 2080; baseline -0.006 -30"><span class='ocrx_word' id='word_1_118' title='bbox 292 1982 380 2051; x_wconf 81' lang='grc' dir='ltr'><strong><em>οὕτω</em></strong></span> <span class='ocrx_word' id='word_1_119' title='bbox 395 1979 541 2050; x_wconf 85' lang='grc' dir='ltr'><strong><em>παλαιάν</em></strong></span> <span class='ocrx_word' id='word_1_120' title='bbox 552 1983 607 2050; x_wconf 81' lang='grc' dir='ltr'><strong><em>καὶ</em></strong></span> <span class='ocrx_word' id='word_1_121' title='bbox 620 1987 762 2067; x_wconf 90' lang='grc' dir='ltr'><strong><em>γνησίαν</em></strong></span> <span class='ocrx_word' id='word_1_122' title='bbox 776 1981 830 2047; x_wconf 78' lang='grc' dir='ltr'><strong><em>καὶ</em></strong></span> <span class='ocrx_word' id='word_1_123' title='bbox 844 1975 899 2046; x_wconf 78' lang='grc' dir='ltr'><strong><em>διὰ</em></strong></span> <span class='ocrx_word' id='word_1_124' title='bbox 914 1977 972 2056; x_wconf 82' lang='grc' dir='ltr'><strong><em>τὰς</em></strong></span> <span class='ocrx_word' id='word_1_125' title='bbox 983 1986 1137 2064; x_wconf 82' lang='grc' dir='ltr'><strong><em>μεγίστας</em></strong></span> <span class='ocrx_word' id='word_1_126' title='bbox 1149 1977 1247 2063; x_wconf 86' lang='grc' dir='ltr'><strong><em>εύερ-</em></strong></span> <span class='ocrx_word' id='word_1_127' title='bbox 1358 1969 1360 2080; x_wconf 50' lang='lat' dir='ltr'>J</span> 
     </span>
     <span class='ocr_line' id='line_1_18' title="bbox 291 2078 1248 2169; baseline -0.004 -19"><span class='ocrx_word' id='word_1_128' title='bbox 291 2091 401 2169; x_wconf 89' lang='grc' dir='ltr'><strong><em>γεσίας</em></strong></span> <span class='ocrx_word' id='word_1_129' title='bbox 415 2085 641 2168; x_wconf 80' lang='grc' dir='ltr'><strong><em>γεγενημένην</em></strong></span> <span class='ocrx_word' id='word_1_130' title='bbox 655 2078 744 2162; x_wconf 85' lang='grc' dir='ltr'><strong><em>παρά</em></strong></span> <span class='ocrx_word' id='word_1_131' title='bbox 761 2088 829 2147; x_wconf 78' lang='grc' dir='ltr'><strong><em>τῶν</em></strong></span> <span class='ocrx_word' id='word_1_132' title='bbox 842 2081 1023 2165; x_wconf 85' lang='grc' dir='ltr'><strong><em>προγόνων</em></strong></span> <span class='ocrx_word' id='word_1_133' title='bbox 1038 2082 1248 2165; x_wconf 80' lang='grc' dir='ltr'><strong><em>παρέλαβεν·</em></strong></span> 
     </span>
     <span class='ocr_line' id='line_1_19' title="bbox 291 2176 1251 2266; baseline -0.003 -18"><span class='ocrx_word' id='word_1_134' title='bbox 291 2179 392 2260; x_wconf 81' lang='grc' dir='ltr'><strong><em>αὐτός</em></strong></span> <span class='ocrx_word' id='word_1_135' title='bbox 406 2185 442 2249; x_wconf 79' lang='grc' dir='ltr'><strong><em>δὲ</em></strong></span> <span class='ocrx_word' id='word_1_136' title='bbox 458 2188 660 2266; x_wconf 86' lang='grc' dir='ltr'><strong><em>κατελείφθη</em></strong></span> <span class='ocrx_word' id='word_1_137' title='bbox 675 2182 737 2266; x_wconf 74' lang='grc' dir='ltr'><strong><em>μὲν</em></strong></span> <span class='ocrx_word' id='word_1_138' title='bbox 755 2176 922 2264; x_wconf 88' lang='grc' dir='ltr'><strong><em>ὀρφανός,</em></strong></span> <span class='ocrx_word' id='word_1_139' title='bbox 943 2177 962 2246; x_wconf 88' lang='grc' dir='ltr'><strong><em>ό</em></strong></span> <span class='ocrx_word' id='word_1_140' title='bbox 978 2177 1043 2265; x_wconf 79' lang='grc' dir='ltr'><strong><em>γὰρ</em></strong></span> <span class='ocrx_word' id='word_1_141' title='bbox 1058 2177 1167 2264; x_wconf 74' lang='grc' dir='ltr'><strong><em>πατὴρ</em></strong></span> <span class='ocrx_word' id='word_1_142' title='bbox 1182 2178 1251 2245; x_wconf 85' lang='grc' dir='ltr'><strong><em>αύ-</em></strong></span> 
     </span>
     <span class='ocr_line' id='line_1_20' title="bbox 290 2276 1360 2366; baseline -0.003 -19"><span class='ocrx_word' id='word_1_143' title='bbox 290 2288 351 2347; x_wconf 88' lang='grc' dir='ltr'><strong><em>τοῦ</em></strong></span> <span class='ocrx_word' id='word_1_144' title='bbox 366 2281 550 2366; x_wconf 86' lang='grc' dir='ltr'><strong><em>μαχόμενος</em></strong></span> <span class='ocrx_word' id='word_1_145' title='bbox 564 2282 601 2346; x_wconf 91' lang='grc' dir='ltr'><strong><em>ἐν</em></strong></span> <span class='ocrx_word' id='word_1_146' title='bbox 608 2286 782 2366; x_wconf 82' lang='grc' dir='ltr'><strong><em>Κορωνείηι</em></strong></span> <span class='ocrx_word' id='word_1_147' title='bbox 796 2292 865 2356; x_wconf 75' lang='grc' dir='ltr'><strong><em>τοῖς</em></strong></span> <span class='ocrx_word' id='word_1_148' title='bbox 879 2281 1047 2364; x_wconf 88' lang='grc' dir='ltr'><strong><em>πολεμίοις</em></strong></span> <span class='ocrx_word' id='word_1_149' title='bbox 1061 2276 1249 2364; x_wconf 86' lang='grc' dir='ltr'><strong><em>άπέθανεν,</em></strong></span> <span class='ocrx_word' id='word_1_150' title='bbox 1359 2279 1360 2282; x_wconf 57' lang='grc'>’</span> 
     </span>
     <span class='ocr_line' id='line_1_21' title="bbox 292 2375 1279 2464; baseline 0.004 -18"><span class='ocrx_word' id='word_1_151' title='bbox 292 2378 521 2464; x_wconf 81' lang='grc' dir='ltr'><strong><em>ἐπετροπεύθη</em></strong></span> <span class='ocrx_word' id='word_1_152' title='bbox 536 2375 569 2444; x_wconf 93' lang='grc' dir='ltr'><strong><em>δ’</em></strong></span> <span class='ocrx_word' id='word_1_153' title='bbox 588 2376 653 2444; x_wconf 83' lang='grc' dir='ltr'><strong><em>ὑπό</em></strong></span> <span class='ocrx_word' id='word_1_154' title='bbox 670 2381 888 2464; x_wconf 81' lang='grc' dir='ltr'><strong><em>Περικλέους,</em></strong></span> <span class='ocrx_word' id='word_1_155' title='bbox 906 2376 947 2446; x_wconf 84' lang='grc' dir='ltr'><strong><em>δν</em></strong></span> <span class='ocrx_word' id='word_1_156' title='bbox 962 2379 1085 2457; x_wconf 88' lang='grc' dir='ltr'><strong><em>πάντες</em></strong></span> <span class='ocrx_word' id='word_1_157' title='bbox 1099 2375 1143 2445; x_wconf 80' lang='grc' dir='ltr'><strong><em>άν</em></strong></span> <span class='ocrx_word' id='word_1_158' title='bbox 1158 2376 1245 2464; x_wconf 84' lang='grc' dir='ltr'><strong><em>ὁμο-</em></strong></span> <span class='ocrx_word' id='word_1_159' title='bbox 1264 2412 1279 2450; x_wconf 80' lang='grc' dir='ltr'><strong><em>ο</em></strong></span> 
     </span>
     <span class='ocr_line' id='line_1_22' title="bbox 291 2478 1250 2564; baseline -0.002 -19"><span class='ocrx_word' id='word_1_160' title='bbox 291 2479 468 2564; x_wconf 89' lang='grc' dir='ltr'><strong><em>λογήσειαν</em></strong></span> <span class='ocrx_word' id='word_1_161' title='bbox 478 2479 533 2544; x_wconf 80' lang='grc' dir='ltr'><strong><em>καὶ</em></strong></span> <span class='ocrx_word' id='word_1_162' title='bbox 544 2483 821 2563; x_wconf 85' lang='grc' dir='ltr'><strong><em>σωφρονέστατον</em></strong></span> <span class='ocrx_word' id='word_1_163' title='bbox 831 2480 886 2546; x_wconf 76' lang='grc' dir='ltr'><strong><em>καὶ</em></strong></span> <span class='ocrx_word' id='word_1_164' title='bbox 897 2478 1108 2546; x_wconf 88' lang='grc' dir='ltr'><strong><em>δικαιότατον</em></strong></span> <span class='ocrx_word' id='word_1_165' title='bbox 1120 2481 1175 2545; x_wconf 79' lang='grc' dir='ltr'><strong><em>καὶ</em></strong></span> <span class='ocrx_word' id='word_1_166' title='bbox 1187 2499 1250 2544; x_wconf 89' lang='grc' dir='ltr'><strong><em>σο-</em></strong></span> 
     </span>
     <span class='ocr_line' id='line_1_23' title="bbox 292 2574 1250 2668; baseline -0.001 -23"><span class='ocrx_word' id='word_1_167' title='bbox 292 2579 446 2668; x_wconf 75' lang='grc' dir='ltr'><strong><em>φώτατον</em></strong></span> <span class='ocrx_word' id='word_1_168' title='bbox 467 2581 636 2663; x_wconf 89' lang='grc' dir='ltr'><strong><em>γενέσθαι·</em></strong></span> <span class='ocrx_word' id='word_1_169' title='bbox 652 2585 720 2645; x_wconf 79' lang='grc' dir='ltr'><strong><em>τάν</em></strong></span> <span class='ocrx_word' id='word_1_170' title='bbox 740 2584 895 2645; x_wconf 83' lang='grc' dir='ltr'><strong><em>πολιτῶν.</em></strong></span> <span class='ocrx_word' id='word_1_171' title='bbox 937 2575 1083 2663; x_wconf 81' lang='grc' dir='ltr'><strong><em>ἡγοῦμαι</em></strong></span> <span class='ocrx_word' id='word_1_172' title='bbox 1103 2574 1168 2662; x_wconf 87' lang='grc' dir='ltr'><strong><em>γάρ</em></strong></span> <span class='ocrx_word' id='word_1_173' title='bbox 1190 2579 1250 2645; x_wconf 77' lang='grc' dir='ltr'><strong><em>καὶ</em></strong></span> 
     </span>
     <span class='ocr_line' id='line_1_24' title="bbox 291 2674 1247 2763; baseline 0 -20"><span class='ocrx_word' id='word_1_174' title='bbox 291 2674 382 2743; x_wconf 84' lang='grc' dir='ltr'><strong><em>τοῦτ’</em></strong></span> <span class='ocrx_word' id='word_1_175' title='bbox 407 2674 492 2743; x_wconf 77' lang='grc' dir='ltr'><strong><em>εἶναι</em></strong></span> <span class='ocrx_word' id='word_1_176' title='bbox 512 2682 581 2742; x_wconf 79' lang='grc' dir='ltr'><strong><em>τῶν</em></strong></span> <span class='ocrx_word' id='word_1_177' title='bbox 595 2683 725 2759; x_wconf 73' lang='grc' dir='ltr'><strong><em>καλεῖν,</em></strong></span> <span class='ocrx_word' id='word_1_178' title='bbox 746 2681 782 2743; x_wconf 87' lang='grc' dir='ltr'><strong><em>ἐκ</em></strong></span> <span class='ocrx_word' id='word_1_179' title='bbox 797 2678 960 2744; x_wconf 88' lang='grc' dir='ltr'><strong><em>τοιούτων</em></strong></span> <span class='ocrx_word' id='word_1_180' title='bbox 973 2677 1159 2763; x_wconf 92' lang='grc' dir='ltr'><strong><em>γενόμενον</em></strong></span> <span class='ocrx_word' id='word_1_181' title='bbox 1178 2674 1247 2743; x_wconf 80' lang='grc' dir='ltr'><strong><em>ὑπὸ</em></strong></span> 
     </span>
     <span class='ocr_line' id='line_1_25' title="bbox 291 2773 1249 2862; baseline 0 -18"><span class='ocrx_word' id='word_1_182' title='bbox 291 2776 455 2854; x_wconf 88' lang='grc' dir='ltr'><strong><em>τοιούτοις</em></strong></span> <span class='ocrx_word' id='word_1_183' title='bbox 475 2773 597 2862; x_wconf 86' lang='grc' dir='ltr'><strong><em>ήθεσιν</em></strong></span> <span class='ocrx_word' id='word_1_184' title='bbox 619 2778 903 2862; x_wconf 79' lang='grc' dir='ltr'><strong><em>ἐπιτροπευθῆναι</em></strong></span> <span class='ocrx_word' id='word_1_185' title='bbox 924 2779 979 2843; x_wconf 83' lang='grc' dir='ltr'><strong><em>καὶ</em></strong></span> <span class='ocrx_word' id='word_1_186' title='bbox 997 2782 1167 2860; x_wconf 80' lang='grc' dir='ltr'><strong><em>τραφῆναι</em></strong></span> <span class='ocrx_word' id='word_1_187' title='bbox 1191 2779 1249 2844; x_wconf 80' lang='grc' dir='ltr'><strong><em>καὶ</em></strong></span> 
     </span>
     <span class='ocr_line' id='line_1_26' title="bbox 244 2873 1247 2961; baseline -0.002 -18"><span class='ocrx_word' id='word_1_188' title='bbox 244 2898 278 2953; x_wconf 77' lang='lat'><strong><em>29</em></strong></span> <span class='ocrx_word' id='word_1_189' title='bbox 292 2880 526 2961; x_wconf 75' lang='grc' dir='ltr'><strong><em>παιδευθῆναι.</em></strong></span> <span class='ocrx_word' id='word_1_190' title='bbox 551 2877 765 2961; x_wconf 78' lang='grc' dir='ltr'><strong><em>δοκιμασθεὶς</em></strong></span> <span class='ocrx_word' id='word_1_191' title='bbox 776 2873 806 2942; x_wconf 94' lang='grc' dir='ltr'><strong><em>δ’</em></strong></span> <span class='ocrx_word' id='word_1_192' title='bbox 820 2873 883 2941; x_wconf 89' lang='grc' dir='ltr'><strong><em>ούκ</em></strong></span> <span class='ocrx_word' id='word_1_193' title='bbox 895 2879 1102 2958; x_wconf 87' lang='grc' dir='ltr'><strong><em>ἐνδεέστερος</em></strong></span> <span class='ocrx_word' id='word_1_194' title='bbox 1114 2876 1247 2960; x_wconf 84' lang='grc' dir='ltr'><strong><em>ἐγένετο</em></strong></span> 
     </span>
     <span class='ocr_line' id='line_1_27' title="bbox 290 2972 1249 3062; baseline -0.002 -20"><span class='ocrx_word' id='word_1_195' title='bbox 290 2984 359 3043; x_wconf 76' lang='grc' dir='ltr'><strong><em>τῶν</em></strong></span> <span class='ocrx_word' id='word_1_196' title='bbox 370 2980 639 3060; x_wconf 91' lang='grc' dir='ltr'><strong><em>προειρημένων,</em></strong></span> <span class='ocrx_word' id='word_1_197' title='bbox 655 2972 729 3041; x_wconf 84' lang='grc' dir='ltr'><strong><em>οὐδ’</em></strong></span> <span class='ocrx_word' id='word_1_198' title='bbox 747 2973 886 3061; x_wconf 80' lang='grc' dir='ltr'><strong><em>ἠξίωσεν</em></strong></span> <span class='ocrx_word' id='word_1_199' title='bbox 897 2972 997 3052; x_wconf 85' lang='grc' dir='ltr'><strong><em>αὐτὸς</em></strong></span> <span class='ocrx_word' id='word_1_200' title='bbox 1008 2975 1070 3059; x_wconf 75' lang='grc' dir='ltr'><strong><em>μὲν</em></strong></span> <span class='ocrx_word' id='word_1_201' title='bbox 1082 2974 1249 3062; x_wconf 76' lang='grc' dir='ltr'><strong><em>ῥᾳθύμως</em></strong></span> 
     </span>
     <span class='ocr_line' id='line_1_28' title="bbox 291 3070 1245 3161; baseline -0.005 -19"><span class='ocrx_word' id='word_1_202' title='bbox 291 3080 364 3161; x_wconf 82' lang='grc' dir='ltr'><strong><em>ζῆν,</em></strong></span> <span class='ocrx_word' id='word_1_203' title='bbox 381 3075 609 3160; x_wconf 89' lang='grc' dir='ltr'><strong><em>σεμνύνεσθαι</em></strong></span> <span class='ocrx_word' id='word_1_204' title='bbox 625 3072 655 3141; x_wconf 94' lang='grc' dir='ltr'><strong><em>δ’</em></strong></span> <span class='ocrx_word' id='word_1_205' title='bbox 673 3078 726 3141; x_wconf 81' lang='grc' dir='ltr'><strong><em>ἐπὶ</em></strong></span> <span class='ocrx_word' id='word_1_206' title='bbox 740 3089 809 3152; x_wconf 79' lang='grc' dir='ltr'><strong><em>ταῖς</em></strong></span> <span class='ocrx_word' id='word_1_207' title='bbox 825 3082 892 3140; x_wconf 78' lang='grc' dir='ltr'><strong><em>τῶν</em></strong></span> <span class='ocrx_word' id='word_1_208' title='bbox 907 3073 1087 3158; x_wconf 88' lang='grc' dir='ltr'><strong><em>προγόνων</em></strong></span> <span class='ocrx_word' id='word_1_209' title='bbox 1102 3070 1245 3156; x_wconf 81' lang='grc' dir='ltr'><strong><em>άρεταῑς,</em></strong></span> 
     </span>
     <span class='ocr_line' id='line_1_29' title="bbox 290 3168 1245 3260; baseline -0.003 -20"><span class='ocrx_word' id='word_1_210' title='bbox 290 3171 361 3240; x_wconf 75' lang='grc' dir='ltr'><strong><em>ἀλλ’</em></strong></span> <span class='ocrx_word' id='word_1_211' title='bbox 380 3170 485 3250; x_wconf 81' lang='grc' dir='ltr'><strong><em>εὐθύς</em></strong></span> <span class='ocrx_word' id='word_1_212' title='bbox 497 3171 586 3239; x_wconf 81' lang='grc' dir='ltr'><strong><em>οὕτω</em></strong></span> <span class='ocrx_word' id='word_1_213' title='bbox 596 3171 670 3259; x_wconf 85' lang='grc' dir='ltr'><strong><em>μέγ’</em></strong></span> <span class='ocrx_word' id='word_1_214' title='bbox 688 3174 894 3259; x_wconf 86' lang='grc' dir='ltr'><strong><em>ἐφρόνησεν,</em></strong></span> <span class='ocrx_word' id='word_1_215' title='bbox 908 3168 987 3238; x_wconf 74' lang='grc' dir='ltr'><strong><em>ὤστ’</em></strong></span> <span class='ocrx_word' id='word_1_216' title='bbox 1003 3168 1099 3260; x_wconf 69' lang='grc' dir='ltr'><strong><em>ᾠήθη</em></strong></span> <span class='ocrx_word' id='word_1_217' title='bbox 1113 3176 1185 3238; x_wconf 81' lang='grc' dir='ltr'><strong><em>δεῖν</em></strong></span> <span class='ocrx_word' id='word_1_218' title='bbox 1197 3169 1245 3238; x_wconf 89' lang='grc' dir='ltr'><strong><em>δι’</em></strong></span> 
     </span>
     <span class='ocr_line' id='line_1_30' title="bbox 289 3268 1281 3358; baseline 0.003 -19"><span class='ocrx_word' id='word_1_219' title='bbox 289 3268 394 3339; x_wconf 81' lang='grc' dir='ltr'><strong><em>αὑτόν</em></strong></span> <span class='ocrx_word' id='word_1_220' title='bbox 410 3275 465 3338; x_wconf 79' lang='grc' dir='ltr'><strong><em>καὶ</em></strong></span> <span class='ocrx_word' id='word_1_221' title='bbox 480 3268 642 3339; x_wconf 75' lang='grc' dir='ltr'><strong><em>τάκείνων</em></strong></span> <span class='ocrx_word' id='word_1_222' title='bbox 658 3279 738 3358; x_wconf 81' lang='grc' dir='ltr'><strong><em>ἔργα</em></strong></span> <span class='ocrx_word' id='word_1_223' title='bbox 754 3272 1036 3358; x_wconf 88' lang='grc' dir='ltr'><strong><em>μνημονεύεσθαι.</em></strong></span> <span class='ocrx_word' id='word_1_224' title='bbox 1075 3271 1162 3356; x_wconf 88' lang='grc' dir='ltr'><strong><em>(ιβ’.)</em></strong></span> <span class='ocrx_word' id='word_1_225' title='bbox 1181 3275 1281 3343; x_wconf 61' lang='lat' dir='ltr'><strong><em>Kaio</em></strong></span> 
     </span>
     <span class='ocr_line' id='line_1_31' title="bbox 290 3369 1247 3459; baseline -0.003 -21"><span class='ocrx_word' id='word_1_226' title='bbox 290 3379 423 3455; x_wconf 80' lang='grc' dir='ltr'><strong><em>πρῶτον</em></strong></span> <span class='ocrx_word' id='word_1_227' title='bbox 442 3372 520 3458; x_wconf 74' lang='grc' dir='ltr'><strong><em>μὲν,</em></strong></span> <span class='ocrx_word' id='word_1_228' title='bbox 544 3371 598 3438; x_wconf 82' lang='grc' dir='ltr'><strong><em>ὅτε</em></strong></span> <span class='ocrx_word' id='word_1_229' title='bbox 617 3381 777 3459; x_wconf 88' lang='grc' dir='ltr'><strong><em>Φορμίων</em></strong></span> <span class='ocrx_word' id='word_1_230' title='bbox 802 3373 963 3458; x_wconf 85' lang='grc' dir='ltr'><strong><em>ἐξήγαγεν</em></strong></span> <span class='ocrx_word' id='word_1_231' title='bbox 981 3372 1034 3437; x_wconf 79' lang='grc' dir='ltr'><strong><em>ἐπὶ</em></strong></span> <span class='ocrx_word' id='word_1_232' title='bbox 1051 3369 1186 3459; x_wconf 77' lang='grc' dir='ltr'><strong><em>Θράκης</em></strong></span> <span class='ocrx_word' id='word_1_233' title='bbox 1199 3396 1247 3455; x_wconf 81' lang='grc' dir='ltr'><strong><em>χι-</em></strong></span> 
     </span>
     <span class='ocr_line' id='line_1_32' title="bbox 290 3466 1246 3557; baseline -0.003 -19"><span class='ocrx_word' id='word_1_234' title='bbox 290 3476 382 3549; x_wconf 87' lang='grc' dir='ltr'><strong><em>λίους</em></strong></span> <span class='ocrx_word' id='word_1_235' title='bbox 400 3466 604 3556; x_wconf 75' lang='grc' dir='ltr'><strong><em>Ἀθηναίων,</em></strong></span> <span class='ocrx_word' id='word_1_236' title='bbox 626 3473 859 3557; x_wconf 82' lang='grc' dir='ltr'><strong><em>ἐπιλεξάμενος</em></strong></span> <span class='ocrx_word' id='word_1_237' title='bbox 874 3466 953 3547; x_wconf 84' lang='grc' dir='ltr'><strong><em>τούς</em></strong></span> <span class='ocrx_word' id='word_1_238' title='bbox 968 3466 1141 3551; x_wconf 86' lang='grc' dir='ltr'><strong><em>άρίστους,</em></strong></span> <span class='ocrx_word' id='word_1_239' title='bbox 1162 3467 1246 3554; x_wconf 83' lang='grc' dir='ltr'><strong><em>μετά</em></strong></span> 
     </span>
     <span class='ocr_line' id='line_1_33' title="bbox 291 3561 1247 3654; baseline -0.001 -19"><span class='ocrx_word' id='word_1_240' title='bbox 291 3569 420 3635; x_wconf 82' lang='grc' dir='ltr'><strong><em>τούτων</em></strong></span> <span class='ocrx_word' id='word_1_241' title='bbox 432 3570 718 3654; x_wconf 85' lang='grc' dir='ltr'><strong><em>στρατευσάμενος</em></strong></span> <span class='ocrx_word' id='word_1_242' title='bbox 728 3576 877 3646; x_wconf 84' lang='grc' dir='ltr'><strong><em>τοιοῦτος</em></strong></span> <span class='ocrx_word' id='word_1_243' title='bbox 886 3561 931 3653; x_wconf 86' lang='grc' dir='ltr'><strong><em>ήν</em></strong></span> <span class='ocrx_word' id='word_1_244' title='bbox 944 3570 981 3633; x_wconf 87' lang='grc' dir='ltr'><strong><em>ἐν</em></strong></span> <span class='ocrx_word' id='word_1_245' title='bbox 994 3581 1061 3644; x_wconf 80' lang='grc' dir='ltr'><strong><em>τοῖς</em></strong></span> <span class='ocrx_word' id='word_1_246' title='bbox 1073 3566 1247 3643; x_wconf 86' lang='grc' dir='ltr'><strong><em>κινδύνοις</em></strong></span> 
     </span>
    </p>
   </div>
   <div class='ocr_carea' id='block_1_3' title="bbox 0 0 1438 4334">
    <p class='ocr_par' dir='ltr' id='par_1_3' title="bbox 0 0 1438 4334">
     <span class='ocr_line' id='line_1_34' title="bbox 0 0 1438 4334; baseline 0 0"><span class='ocrx_word' id='word_1_247' title='bbox 0 0 1438 4334; x_wconf 95' lang='lat' dir='ltr'><strong><em> </em></strong></span> 
     </span>
    </p>
   </div>
  </div>
 </body>
</html>
