2859 4334
304 411 368 478 τοο
603 414 921 480 amaron
945 418 995 496 (ι)

271 590 399 648 9ποιελ
437 581 606 663 λογίζομαι
626 571 691 661 γὰρ
713 571 804 665 αὐτῷ
819 583 1010 663 συνοίσειν,
1036 578 1179 664 μάλιστα
1199 583 1285 668 μὲνο

304 685 344 768 τῇ
360 683 600 765 φιλανθρωπίᾳ
616 682 656 764 τῇ
672 681 715 763 σῇ
730 675 983 765 στοχαζόμενος,
1003 677 1047 765 ἣν
1066 683 1153 765 ἔχειν
1165 682 1258 748 ὑπεί-

304 786 406 865 ληφαι
422 771 512 861 παρά
536 789 604 854 τοῖς
618 780 746 854 ἔξωθεν
761 770 971 861 ἀνθρώποις,
990 783 1102 845 ἔπειτα
1117 785 1258 864 νομίζων

304 875 368 946 οὐκ
383 875 520 965 ἀγνοεῖν
541 873 643 965 ἀμᾶς,
663 874 713 944 ὅτι
730 876 867 945 πόντων
883 873 1019 964 ἣδιστόν
1035 877 1102 945 ἐστι
1130 881 1185 946 καί
1200 889 1259 945 λυ-

304 979 531 1045 σιτελέστατον
547 973 684 1051 πιστοὺς
698 972 766 1058 ἅμα
781 977 835 1041 καὶ
848 982 1029 1061 χρησίμους
1045 982 1167 1057 φίλους
1181 984 1257 1044 κτα-

304 1085 386 1143 σθαι
407 1089 477 1153 ταῖς
498 1072 701 1161 εὐεργεσίαις
722 1075 776 1140 καὶ
798 1072 878 1152 τούς
894 1076 1068 1156 τοιούτους
1086 1071 1126 1144 εὖ
1140 1092 1258 1162 ποιεῖν,

304 1172 389 1259 ὑπὲρ
409 1166 458 1243 οἶν
478 1176 593 1242 πολλοὶ
614 1176 668 1241 καί
687 1179 755 1240 τῶν
773 1171 884 1241 ἀλλων
904 1171 985 1260 ὑμῖν
1005 1175 1104 1261 χάριν
1118 1177 1256 1256 ἕξουσιν.

236 1339 239 1342 ,
307 1272 450 1354 ἀπαντες
463 1271 529 1362 γάρ
550 1277 584 1342 οί
600 1279 768 1359 χαρίεντες
788 1271 867 1350 τούς
887 1287 955 1351 τοῖς
977 1279 1173 1353 σπουδαίοις
1195 1281 1259 1342 τῶν

306 1371 443 1457 ἀνδρῶν
462 1379 571 1452 καλοῖς
590 1369 790 1458 ὁμιλοῦντας
812 1369 933 1458 ὁμοίως
949 1375 1125 1441 ἐπαινοῦσι
1141 1377 1197 1442 καί
1210 1395 1283 1442 τοι

306 1480 413 1559 μῶσιν
429 1469 540 1556 ὥσπερ
555 1468 649 1539 αὐτοὶ
663 1478 731 1538 τῶν
746 1469 918 1556 ὠφελειῶν
933 1469 1170 1554 ἀπολαύοντες.

262 1595 293 1646 ιο
392 1569 569 1659 (β’.)Ἀλλά
578 1570 644 1657 γάρ
658 1571 827 1639 Διόθοτον
842 1569 947 1640 αὐτόν
963 1571 1053 1661 οἶμαι
1068 1574 1213 1661 μάλιστά
1224 1597 1260 1642 σε

306 1672 554 1757 προτρέψεσθαι
564 1667 648 1754 πρὸς
658 1666 695 1738 τό
707 1677 897 1757 φροντίζειν
912 1670 1027 1740 αὑτοῦ.
1057 1679 1261 1743 συνέπειθον

306 1771 342 1838 δὲ
353 1772 408 1839 καὶ
416 1768 477 1838 τόν
487 1767 675 1839 νίόναότοῦ
685 1777 753 1837 τῶν
765 1769 935 1857 ὑμετέρων
945 1770 1143 1860 ἀντέχεσθαι
1155 1799 1261 1861 πραγ-

305 1869 420 1956 μάτων
446 1872 501 1937 καὶ
526 1866 716 1954 παραθόνθ’
740 1867 821 1956 ὑμίν
842 1868 947 1939 αὑτόν
972 1869 1083 1955 ὥσπερ
1104 1873 1262 1961 μαθητὴν

307 1977 353 2049 είς
373 1969 590 2056 τοῦμπροσθε
612 1977 817 2057 πειραθῆναι
839 1980 1027 2055 προελθεῖν.
1066 1970 1138 2040 ὁὸὲ
1159 1967 1261 2040 ταῦτα’

199 2096 204 2103 ·
305 2094 372 2154 μου
385 2071 541 2155 λέγοντος
555 2073 733 2154 ἐπιθυμεῖν
748 2071 810 2156 μὲν
822 2077 945 2156 ἔφασκε
959 2079 1017 2157 τῆς
1031 2069 1194 2158 ὑμετέρας
1205 2099 1263 2159 φι-
1343 2149 1344 2152 ¹

260 2290 289 2341 11
302 2265 408 2356 αὐτὴν
425 2271 479 2337 καί
496 2268 578 2354 πρός
592 2267 671 2348 τούς
685 2277 883 2357 στεφανίτας
894 2267 1036 2356 ἀγῶνας.
1061 2273 1213 2349 ἐκείνους
1228 2297 1263 2338 τε

305 2368 372 2456 γάρ
394 2377 494 2438 νικᾶν
518 2375 579 2457 μὲν
601 2365 645 2437 ἀν
664 2370 867 2457 βούλεσθαι,
885 2377 1069 2457 καταβῆναι
1084 2369 1115 2436 ‹5’
1136 2375 1183 2449 είς
1201 2369 1263 2438 αὐ-

304 2467 385 2548 τοὺς
399 2465 462 2536 οὐκ
477 2463 521 2536 ἀν
534 2476 693 2556 τολμῆσαι
709 2466 764 2536 θιά
779 2467 816 2538 τό
838 2466 883 2556 μὴ
899 2473 1133 2556 μετεσχηκέναι
1149 2471 1263 2557 όοίμης
1343 2523 1344 2550 ,

305 2565 397 2648 ἀξίας
409 2575 478 2636 τῶν
490 2568 683 2653 στεφάνων,
699 2575 768 2635 τῶν
782 2593 817 2636 τε
832 2565 912 2651 παρ’
929 2565 1026 2654 ὑμῶν
1040 2575 1148 2655 τιμῶν
1163 2567 1263 2649 εὔξα-

305 2677 387 2735 σθαι
400 2668 463 2753 μὲν
477 2663 522 2734 ἀν
536 2683 664 2752 τυχεῖν,
687 2671 860 2754 ἀφίξεσθαι
876 2666 908 2734 θ’
925 2666 1037 2736 αὐτῶν
1053 2666 1095 2736 οὐ
1114 2673 1263 2754 προσθο-

305 2772 388 2833 κάν·
411 2767 473 2853 τήν
488 2793 523 2833 τε
538 2764 603 2852 γάρ
618 2764 775 2855 ἀπειρίαν
789 2765 851 2854 τὴν
865 2765 972 2835 αὑτοῦ
988 2775 1260 2854 καταπεπλῆχθαι

305 2866 359 2933 καὶ
373 2861 435 2949 τὴν
450 2865 663 2953 λαμπρότητα
678 2864 740 2952 τὴν
754 2865 934 2953 ὑμετέραν,
957 2872 1003 2935 ἔτι
1019 2868 1055 2934 δὲ
1070 2868 1125 2934 καὶ
1138 2865 1177 2934 τὰ
1194 2887 1263 2934 σω-

305 2964 425 3053 μάτιον
440 2963 503 3033 οὐκ
520 2963 670 3051 εὐκριυὲς
685 2963 728 3035 όν
741 2965 820 3036 ἀλλ’
838 2973 913 3054 ἔχου
927 2965 1008 3034 ἀττα
1023 2975 1098 3054 σίνη
1115 2974 1263 3052 νομίζειν
1278 2986 1289 3022 0

307 3064 477 3148 ἐμποθιείν
491 3060 596 3133 αὑτὸν
611 3062 694 3151 πρὸς
708 3063 815 3134 πολλά
830 3073 899 3133 τοῑν
912 3067 1126 3152 πραγμάτων.
1210 3081 1212 3085 ’

257 3189 288 3242 α
389 3160 461 3251 (νῖ)
483 3155 592 3242 Οὗτοι
609 3166 648 3250 μὲ

305 3288 394 3348 ρειν,
405 3268 503 3329 τοῦτο
515 3264 647 3346 πράξει·
669 3262 713 3332 σύ
729 3261 761 3332 θ’
779 3263 822 3332 ἀν
833 3291 868 3333 τε
878 3267 954 3353 περὶ
968 3262 1055 3351 ὑμᾶς
1069 3261 1162 3333 ἀνθ’
1176 3261 1264 3350 ἡσυ-

305 3370 379 3450 χίαν
394 3369 479 3450 ἔχων
493 3368 645 3452 διατρίβη
660 3367 735 3452 περὶ
748 3367 888 3445 τούτους
903 3361 983 3444 τοάς
996 3365 1129 3449 τόπους,
1145 3367 1263 3450 ἐπιμε-
1280 3369 1316 3425 ⁴¹⁶

306 3471 367 3532 λοῦ
379 3465 511 3530 καὶτῶν
523 3462 635 3531 ἀλλων
646 3466 708 3552 μὲν
719 3464 888 3551 ἁπάντων,
907 3457 955 3531 οὖν
966 3459 1010 3530 ἀν
1021 3465 1171 3551 τνγχάνη
1183 3465 1262 3530 θεό-

305 3587 420 3646 μενος,
435 3562 576 3647 μάλιστα
591 3566 629 3631 δὲ
648 3573 704 3650 τῆς
719 3563 901 3651 ἀσφαλείας
922 3566 1048 3649 καὶτῆς
1064 3565 1187 3631 τούτου
1205 3581 1261 3631 καί

307 3666 361 3744 της
371 3667 432 3725 τοῦ
443 3658 566 3742 πατρός
577 3660 692 3745 αὐτοῦ,
701 3671 839 3748 νομίσας
851 3661 961 3748 ὥσπερ
971 3663 1260 3748 παρακαταθήκην
