2859 4334
715 145 825 182 w

301 417 362 481 108
595 420 973 502 ιεοιιειιυουεμ)

300 581 417 672 ἐκείνφ
430 585 674 668 γεγραμμένοις
693 576 766 647 οὔτ’
783 583 831 647 ἔτι
852 577 952 648 καινά
973 580 1121 668 δάναμαι
1143 587 1264 669 ζητεῖν.

252 694 287 750 ⁸⁶
301 675 343 746 οά
357 680 425 765 μὴν
439 676 645 747 ἀποστατέον
659 678 748 746 ἐστὶν
759 674 844 747 άλλά
859 682 1010 766 λεκτέον,
1026 682 1102 765 περὶ
1116 672 1165 749 ιδν
1176 679 1268 751 ὑπε-

299 778 426 863 θέμην,
440 774 462 845 ὅ
475 805 507 844 τι
522 773 567 846 άν
581 775 735 866 ὑποπέση
751 781 807 845 καλ
822 781 978 868 συμφέρῃ
997 778 1082 867 πρὸς
1096 777 1132 848 τά
1149 786 1269 850 πεῖσαί

300 894 337 942 σε
352 882 455 943 ταῦτα
470 877 638 962 πράττειν.
668 878 724 946 καλ
737 874 803 963 γάρ
818 872 863 964 ἢν
884 881 1006 948 έλλίποι
1020 909 1052 950 τι
1067 885 1121 950 καί
1135 878 1181 969 μὴ
1199 885 1268 949 δυ-
1349 946 1350 974 ,

300 981 396 1061 νηθιό
413 971 474 1043 τδν
488 973 594 1044 αὐτὸν
613 976 741 1062 τρόπον
755 976 883 1063 γράψαι
898 992 966 1056 τοῖς
985 979 1151 1065 πρότερον
1167 981 1265 1048 έκδε-
1349 989 1350 1056 ἒ

299 1076 470 1160 δομένοις,
495 1071 569 1144 ἄλλ’
591 1067 657 1142 οὖν
675 1073 890 1161 ὑπογράφειν
910 1073 944 1162 γ’
970 1075 1062 1162 οἶμαι
1082 1081 1296 1167 χαριένταςς

299 1185 367 1251 τοῖς
381 1170 615 1259 ἐξεργάζεσθαι
628 1174 683 1242 καὶ
699 1177 875 1242 διαπονεῖν
890 1176 1101 1261 δυναμένοις.

252 1336 284 1392 36
384 1318 471 1405 (λς’.)
497 1317 567 1404 Τὴν
588 1320 651 1406 μέν
668 1311 732 1386 οὖν
755 1317 862 1406 ἀρχὴν
883 1325 944 1386 τοῦ
965 1319 1070 1406 λόγου
1090 1325 1150 1386 τοῦ
1172 1319 1262 1405 σάμ-

298 1443 423 1496 παντος
448 1416 539 1505 οίμαι
565 1425 771 1505 πεποιῆσθαι
797 1418 939 1505 ταύτην,
966 1416 1073 1505 ἥνπερ
1097 1415 1261 1504 προσήκει

297 1513 377 1594 τους
387 1518 439 1584 ἐπὶ
450 1513 512 1603 την
522 1513 635 1583 Ἀσίαν
646 1521 827 1594 πείθοντας
837 1513 1041 1600 στρατεύειν.
1058 1519 1111 1582 δεῖ
1118 1512 1183 1601 γάρ
1193 1540 1260 1601 μη-

297 1615 356 1684 δέν
371 1615 537 1701 πρότερον
550 1615 727 1700 πράττειν,
743 1617 824 1699 πρὶν
836 1609 880 1682 άν
891 1614 978 1702 λάβη
988 1639 1038 1694 τις
1053 1611 1259 1701 τούςἝλλη-

298 1742 358 1794 νας
369 1719 467 1783 δυοῖν
477 1715 637 1801 θάτερον,
651 1709 672 1800 ἢ
683 1715 1016 1800 συναγωνιζομένους
1026 1707 1048 1798 ἢ
1059 1710 1188 1799 πολλὴν
1201 1712 1260 1780 εὕ-

297 1839 396 1882 νοιαν
417 1818 552 1898 ἔχοντας
573 1825 642 1891 τοῖς
668 1812 916 1897 πραττομένοις.
952 1801 1001 1878 ὧν
1022 1807 1215 1898 Ἀγησίλαος
1240 1838 1259 1879 ο

295 1910 394 1991 δόξας
415 1909 499 1979 εἶναι
513 1915 790 1997 Λακεδαιμονίων
811 1909 1063 1997 φρονιμώτατος
1083 1907 1290 1998 άλιγάρη-(ι

248 2028 281 2084 87
297 2031 357 2079 σευ
371 2005 414 2077 οὗ
425 2006 481 2077 διά
492 2016 613 2078 κακίαν
627 2006 711 2078 άλλά
724 2006 779 2076 διά
796 2013 998 2094 φιλοτιμίαν.
1021 2014 1095 2096 ἔσχε
1108 2006 1174 2096 γάρ
1187 2013 1258 2076 διτ-

274 2157 279 2168 ·
294 2106 353 2188 τάς
365 2111 562 2197 έπνθυμίας,
581 2107 684 2188 καλάς
695 2110 758 2195 μέν
770 2105 976 2194 ἀμφοτέρας,
995 2105 1037 2174 οὐ
1049 2106 1259 2195 συμφωνού-

295 2225 356 2286 σας
381 2205 414 2274 δ’
442 2205 601 2295 ἀλλήλαις
628 2204 706 2275 οὐδ’
732 2204 800 2293 ἅμα
824 2205 1032 2290 πράττεσθαι
1057 2207 1257 2292 δυναμένας.

295 2319 472 2395 προῃρεῖτο
488 2303 555 2394 γάρ
569 2314 702 2395 βασιλεῖ
714 2332 751 2373 τε
764 2312 924 2392 πολεμεῖν
940 2308 996 2374 καί
1012 2302 1092 2385 τούς
1106 2306 1260 2392 ἑταίρους
1288 2385 1290 2388 ¹

295 2411 342 2484 είς
358 2403 417 2484 τάς
433 2405 547 2485 πόλεις
557 2403 616 2485 τάς
627 2403 741 2474 αὑτῶν
752 2419 953 2492 καταγαγεῖν
963 2408 1019 2474 καί
1029 2412 1168 2493 κυρίους
1180 2430 1259 2472 πον-

295 2511 373 2592 ῆσαι
399 2511 469 2572 τῶν
491 2505 706 2593 πραγμάτων.
741 2507 943 2592 συνέβαινεν
966 2497 1030 2571 οὖν
1052 2506 1088 2572 έκ
1111 2504 1172 2590 μὲν
1199 2509 1259 2589 τῆς

294 2610 520 2691 πραγματείας
531 2611 589 2690 τῆς
604 2601 689 2690 ὑπὲρ
700 2611 770 2671 τῶν
781 2607 922 2688 ἑταίρων
937 2605 974 2671 έν
987 2617 1102 2682 κακοῖς
1115 2605 1170 2670 καὶ
1182 2627 1258 2670 κιν-

295 2701 411 2781 δάνοις
427 2700 512 2770 είναι
527 2700 794 2790 τούςἝλληνας,
816 2701 871 2771 διά
888 2706 925 2772 δέ
945 2699 1007 2790 τὴν
1031 2699 1177 2789 ταραχὴν
1194 2699 1285 2789 τηνε

295 2801 420 2868 ἐνθάδε
439 2803 646 2888 γιγνομένην
665 2799 710 2888 μὴ
727 2799 851 2888 σχολὴν
870 2798 965 2887 ἄγειν
983 2803 1066 2889 μηδὲ
1083 2801 1256 2869 δύνασθαι

244 2917 280 2971 88
293 2904 451 2982 πολεμεῖν
465 2911 534 2977 τοῖς
554 2899 746 2988 βαρβάροις.
778 2895 856 2968 ὥστ’
873 2901 909 2968 έκ
924 2907 993 2967 τῶν
1014 2899 1256 2987 ἀγνοηθέντων

294 2992 366 3063 κατ’
384 2997 515 3064 ἐκεῖνον
534 2995 595 3065 τὸν
610 2999 736 3085 χρόνον
750 2999 870 3090 ῥᾴδιον
885 3009 1110 3086 καταμαθεῖν,
1132 2997 1184 3068 ὅτι
1205 3002 1260 3067 δεῖ

292 3091 373 3177 τοάς
398 3091 513 3183 ὀρθῶς
539 3100 809 3184 βουλευομένους
837 3094 882 3186 μὴ
907 3099 1073 3186 πρότερον
1101 3100 1257 3184 ἐκφέρειν

294 3195 381 3285 πρὸς
392 3194 600 3286 τὸνβασιλέα
614 3196 775 3285 πόλεμον,
788 3197 870 3285 πρὶν
884 3189 927 3265 ἂν
941 3194 1101 3283 διαλλάξῃ
1115 3221 1164 3274 τις
1178 3195 1260 3276 τούς
1279 3210 1331 3261 100

287 3297 450 3388 Ἕλληνας
467 3298 526 3366 καὶ
539 3296 655 3387 παάση
674 3301 734 3385 τῆς
750 3303 873 3385 μανίας
890 3300 948 3385 τῆς
961 3299 1029 3366 νῦν
1047 3293 1164 3375 αὐτοῖς
1184 3297 1260 3366 έντ·

295 3398 440 3488 στάσης·
457 3398 543 3488 άπερ
556 3398 613 3467 καί
629 3397 682 3466 σοί
696 3396 1026 3487 σνμβεβονλενκότες
1038 3395 1261 3485 τυγχάνομεν.

245 3568 277 3616 ιο
371 3548 458 3640 (λξ.)
475 3550 563 3639 Περὶ
579 3548 644 3639 μέν
663 3541 728 3620 οὖν
745 3549 878 3620 τούτων
891 3548 1005 3630 οὐδεὶς
1024 3545 1069 3618 άν
1088 3546 1263 3619 άντειπεῖυ

295 3654 364 3721 τῶν
373 3646 414 3721 εὖ
421 3651 645 3740 φρονούντων
658 3651 866 3740 τολμήσειεν,
880 3649 974 3739 οἶμαι
987 3650 1026 3721 δέ
1039 3655 1109 3720 τοῖν
1121 3649 1185 3738 μέν
1194 3648 1263 3722 άλ-
