2859 4334
529 416 798 477 ΕΤΛΓΟΡΑΣ.
1080 413 1144 477 2⁰0

151 587 178 641 ιε
190 574 284 645 οόδλν
298 580 559 659 καταδεέστερον
578 571 684 643 αὑτὸν
697 577 836 644 ἐκείνων
856 578 1029 662 παρέσηεν.
1059 572 1142 662 ὁμο-

189 685 329 761 λογελται
343 677 406 759 μέν
424 670 491 760 γῶρ
512 671 592 751 τοὺς
613 670 679 743 ιἰπό
696 670 783 752 Διός
803 672 1061 762 εὐγενεστάτους
1073 680 1142 741 τῶν

187 772 335 860 ἡμιθέων
349 772 451 855 εἶναι,
466 771 597 841 τούτων
612 769 645 839 δ’
661 770 775 841 αὑτῶν
790 770 853 842 οὑκ
867 780 958 843 ίστιν
972 771 1063 852 ὅστις
1079 770 1143 840 οὑκ

186 870 227 940 δν
239 875 401 949 Αἰακίδας
414 877 645 955 προκρίνειεν·
668 873 706 939 έν
720 874 783 958 μέν
796 870 863 960 γὰρ
876 886 946 953 τοίς
959 871 1074 952 ἄλλοις
1083 877 1169 959 γε’-δ

186 989 278 1039 νεσιν
300 966 490 1055 εὑρήσομεν
505 965 586 1048 τούς
605 967 669 1056 μὲν
689 965 979 1057 ὑπερβάλλοντας,
1005 969 1087 1051 τοὺς
1106 974 1143 1040 δὲ

184 1070 463 1154 καταδεεστέρους
473 1065 589 1155 ὄντας,
607 1060 702 1136 οὑτοι
713 1065 747 1134 δ’
759 1067 904 1149 ἅπαντες
915 1067 1144 1159 ὀνομαστότα-

144 1188 171 1237 14
183 1197 232 1239 τοι
246 1176 318 1238 τῶν
333 1165 414 1236 καθ’
431 1164 556 1247 αὑτούς
571 1168 760 1255 γεγόνασιν.
789 1167 854 1249 (ε’.)
877 1175 985 1238 Τοῦτο
1000 1171 1063 1255 μέν
1077 1170 1143 1259 γὰρ

182 1264 309 1346 Αἰακός
326 1263 444 1345 ὁΔιὺς
458 1268 521 1352 μὲν
535 1272 690 1354 ἔκγονος,
715 1272 777 1333 τοῦ
792 1267 830 1335 δέ
843 1270 965 1356 γένους
979 1278 1041 1338 τοῦ
1058 1279 1144 1340 Τευ-

182 1373 311 1454 κριδῶν
321 1364 505 1452 πρόγονος,
520 1374 684 1435 τοσοῦτον
695 1367 888 1455 διήνεγκεν,
904 1366 989 1437 ῶστε
1004 1375 1144 1459 γενομέ-

182 1494 254 1537 νων
269 1464 408 1554 αὐχμῶν
430 1468 467 1534 έν
481 1480 550 1545 τοῖς
564 1463 700 1553 Ἕλλησι
720 1470 776 1535 καὶ
797 1474 933 1536 πολλῶν
949 1465 1145 1553 ἀνθρώπων

183 1570 455 1655 διαφθαρέντων,
465 1562 578 1651 έκειδή
587 1561 625 1633 τό
634 1566 1143 1654 μέγεθοςτήςσυμφορᾶςὺπερ-

184 1672 339 1756 έβαλλεν,
354 1657 513 1752 ήλθονόί
524 1670 730 1749 προεστῶτες
744 1671 813 1733 τῶν
824 1666 958 1734 πόλεων
971 1664 1142 1735 ίκετεόον-
1154 1697 1169 1734 ε

183 1794 235 1847 τες
250 1762 373 1849 αὑτόν,
389 1769 578 1851 νομίζοντες
594 1760 649 1831 διὰ
663 1770 722 1850 τῆς
734 1772 930 1851 συγγενείας
943 1768 999 1835 καλ
1013 1774 1072 1853 τής
1086 1762 1143 1833 εύ-

184 1870 315 1954 σεβείας
334 1870 392 1949 τῆς
412 1865 544 1933 ἐκείνου
562 1860 688 1949 τάχιστ’
714 1859 759 1931 ῶν
779 1862 941 1945 εὑρέσθαι
964 1862 1054 1951 παρὰ
1075 1871 1143 1932 τῶν

144 1981 171 2034 15
183 1972 276 2033 θεῶν
290 1970 360 2032 τῶν
373 1965 552 2049 παρόντων
568 1969 683 2031 κακῶν
698 1960 905 2051 ἀπαλλαγήν.
928 1968 1095 2043 σωθέντες
1106 1966 1143 2032 δέ

182 2066 237 2133 καὶ
248 2062 406 2149 τυχόντες
417 2053 466 2130 ῶν
477 2061 683 2149 ἐδεήθησαν,
698 2060 791 2147 ἱερόν
802 2065 840 2131 έν
849 2069 974 2151 Αἰγίνη
984 2063 1143 2150 κατεστή-

184 2183 285 2230 σαντο
301 2158 421 2229 κοινόν
430 2168 499 2229 τῶν
510 2158 695 2248 Ἑλλήνων,
711 2153 817 2246 οὑπερ
828 2163 954 2241 έκετνος
965 2162 1142 2250 ἐποιήσατο

183 2259 245 2348 τήν
266 2256 378 2346 εύχήν.
407 2262 462 2329 καὶ
482 2256 556 2328 κατ’
574 2258 706 2328 έκελνόν
721 2284 757 2327 τε
772 2258 834 2327 τόν
853 2260 994 2348 χρόνον,
1016 2263 1079 2341 έως
1097 2253 1142 2349 ήν
1160 2277 1211 2333 m

183 2355 255 2446 μετ’
267 2356 480 2444 ἀνθρώπων,
491 2356 573 2445 μετὰ
584 2364 761 2445 καλλίστης
772 2354 822 2426 ῶν
832 2360 931 2447 δόξης
942 2361 1142 2428 διετέλεσεν·

184 2456 301 2543 ἐπειδή
321 2484 356 2525 τε
372 2456 552 2544 μετήλλαξε
572 2455 633 2526 τόν
653 2464 745 2544 βίον,
771 2461 901 2544 λέγεται
922 2456 1013 2542 παρὰ
1027 2456 1143 2526 Πλού-

181 2583 263 2626 τωνι
277 2562 335 2624 καλ
345 2555 440 2644 Κόρη
451 2562 606 2643 μεγίστας
618 2556 714 2643 τιμάς
726 2559 812 2642 έχων
822 2557 1045 2643 παρεδρεύειν
1056 2559 1142 2624 έκεί-

138 2670 169 2724 16
181 2682 262 2735 νοις.
276 2654 344 2744 (ς’.)
353 2655 486 2723 Τούτου
495 2657 655 2733 δὲπαίδες
664 2649 754 2743 ήσαν
763 2652 924 2741 Τελαμῶν
937 2651 1142 2741 καλΠηλεὺς,

184 2746 233 2823 ῶν
258 2750 278 2822 ό
302 2754 365 2841 μὲν
386 2755 498 2839 ἕτερος
522 2751 602 2842 μεθ’
623 2752 828 2837 Ἡρακλέους
854 2755 907 2821 ἐπὶ
926 2757 1143 2840 Λαομέδοντα

182 2849 471 2937 στρατευσόμενος
485 2848 663 2937 ἀριστείων
681 2850 829 2939 ήξιῶθη,
848 2851 984 2937 Πηλεὺς
1000 2850 1033 2921 δ’
1051 2858 1090 2922 έν
1106 2878 1143 2920 τε

182 2959 222 3041 τῇ
244 2950 333 3039 μόχη
351 2956 392 3038 πή
417 2949 502 3034 πρὸς
522 2952 740 3033 Κενταύρους
761 2948 961 3032 ἀριστεύσας
981 2953 1036 3019 καλ
1058 2949 1141 3018 κατὰ

181 3048 329 3127 πολλοὺς
339 3047 463 3129 ἄλλους
472 3050 655 3130 κινδύνους
666 3047 889 3137 εὐδοκιμήσας
896 3053 1007 3119 Θέτιδι
1017 3057 1169 3139 τῇΝηο

181 3153 281 3235 ρέως,
293 3148 419 3235 θνητός
431 3144 481 3217 ῶν
491 3147 663 3237 ἀθανάτη,
675 3149 863 3238 συνῴκησε,
875 3151 930 3216 καὶ
940 3148 1051 3233 μόνον
1061 3152 1143 3216 τού·

180 3274 242 3316 του
257 3251 338 3330 φασὶ
353 3254 422 3313 τῶν
435 3251 735 3335 προγεγενημένων
749 3244 816 3314 ὑπὸ
831 3254 926 3314 θεῶν
940 3250 977 3315 έν
997 3261 1066 3326 τοῖς
1078 3246 1142 3332 γό-

137 3362 165 3417 17
181 3372 256 3433 μοις
269 3343 431 3430 ὑμέναιον
444 3344 601 3435 ήσθήναι.
618 3347 681 3426 (ξ.)
698 3345 842 3413 Τούτοιν
854 3342 884 3412 δ’
894 3348 1061 3430 ἑκατέρου,
1079 3353 1140 3413 Ts-

180 3451 334 3530 λαμῶνος
345 3447 498 3530 μένΑδας
511 3448 566 3513 καὶ
579 3451 726 3526 Τεῦκρος
738 3446 938 3531 ἐγενέσθην,
954 3448 1091 3531 Πηλέως
1106 3440 1138 3511 δ’

176 3541 359 3630 Ἀχιλλεύς,
374 3550 408 3611 οἳ
416 3548 574 3629 μέγιστον
585 3547 641 3612 καλ
652 3548 861 3628 σαφέστατον
872 3548 1007 3630 ἔλεγχον
1018 3551 1141 3613 ἔδοσαν

180 3652 238 3729 τής
255 3637 368 3709 αὑτῶν
384 3638 519 3729 ἀρετῆς·
543 3640 585 3710 ού
597 3640 662 3728 γὰρ
678 3645 715 3710 έν
728 3655 799 3720 ταῖς
817 3640 930 3709 αὑτῶν
944 3645 1060 3711 πόλεσι
1076 3670 1136 3729 μο-

265 3752 423 3792 ιεοειεκπε.
445 3738 466 3792 l.
966 3742 1000 3793 14
