2859 4334
307 351 370 414 262
594 353 773 412 ΙΣΟΚΡΛ
784 352 841 410 ΤΟ
851 353 912 408 ΤΣ
929 353 975 425 (7)

308 512 367 590 τὰς
391 519 459 580 τῶν
484 513 688 600 πραγμάτων
716 508 779 578 ούκ
804 507 1005 596 ἀγνοοῦσιν,
1034 515 1201 593 έλπιῖουσι
1226 511 1254 578 δ’

309 609 391 678 ὅσον
405 613 468 697 μὲν
483 608 617 698 ἀγαθόν
632 614 722 679 έστιν
737 613 773 678 έν
785 607 913 695 αὐτοῖς,
930 619 1029 678 τοῦτο
1041 613 1104 699 μὲν
1117 614 1256 698 ἐκλήψε-

310 717 409 794 σθαι,
432 706 473 776 τὰ
491 709 528 776 δδ
544 707 637 777 δεινὰ
653 710 761 777 πύντα
778 708 817 777 τδ
832 710 1002 792 προσόντα
1023 719 1070 800 τῶ
1092 713 1258 798 πράγματι

309 811 364 876 καί
389 805 429 876 τίι
456 806 541 877 κακὰ
558 809 817 894 διαφεύξεσθαι,
843 813 897 875 καλ
922 810 1105 896 διοικήσειν
1125 810 1166 878 τὰ
1186 813 1259 894 περὶ

310 914 397 994 σφᾶς
411 904 534 986 αύτούς
550 905 668 991 οὕτως,
691 903 774 974 ὥστε
797 914 865 975 τῶν
889 909 952 992 μὲν
976 908 1150 976 κινδύνων
1179 909 1260 978 εἶναι

267 1021 297 1070 Ιε
311 1007 436 1091 πόρρω,
452 1013 520 1073 τῶν
537 1002 569 1072 δ’
581 1002 753 1090 ιδφελειῶν
764 1006 871 1091 ἐγγύς.
896 1003 974 1085 τούς
985 1009 1046 1092 μὲν
1058 1001 1122 1074 οὖν
1132 1008 1255 1094 ταύτην
1270 1037 1284 1072 ε

313 1110 447 1191 ἔχοντας
460 1101 522 1190 τήν
537 1105 691 1172 διάνοιαν
720 1111 804 1189 ζηλῶ
830 1111 885 1190 τής
900 1106 1085 1192 ῥᾳθυμίας,
1113 1103 1214 1184 αύτδς
1230 1104 1258 1172 δ’

313 1210 529 1290 αἰσχυνθείην
556 1198 619 1288 ἄν,
650 1209 680 1270 εἰ
704 1205 947 1289 συμβουλεύων
976 1205 1099 1286 ἑτέροις
1125 1208 1260 1274 ἐκείνων
1346 1199 1347 1202 “

316 1302 483 1391 ἀμελήσας
490 1301 526 1372 τὸ
542 1305 677 1393 ἐμαυτῷ
685 1303 863 1390 συμφέρον
869 1306 999 1390 ποιοίην
1006 1302 1064 1369 καὶ
1076 1298 1123 1388 μή
1131 1300 1258 1370 παντοί-

317 1427 419 1474 πασιν
438 1406 500 1485 ἔξω
513 1404 588 1483 θεὶς
603 1403 751 1491 έμαυτδν
770 1405 826 1471 καὶ
842 1407 910 1470 τῶν
930 1401 1100 1489 ὠφελειῶν
1117 1402 1176 1470 καλ
1193 1405 1303 1471 10311421

317 1506 431 1576 ἄλλων
441 1503 650 1573 ἅπύντωντίι
659 1506 813 1592 βέλτιστα
823 1511 1032 1591 παραινοίην.
1048 1501 1094 1583 ώς
1103 1494 1169 1573 οὖν
1178 1507 1258 1591 έμού

319 1607 444 1692 ταύτην
469 1611 602 1693 ἔχοντος
628 1605 689 1693 τήν
707 1605 866 1694 γνώμην,
889 1603 978 1674 οὕτω
1001 1632 1057 1691 μοι
1082 1607 1260 1694 προσέχετε

318 1736 378 1778 τον
394 1735 490 1777 νουν.
527 1757 1259 1778 ............................

611 2072 997 2164 αιαδονωι

401 2209 470 2284 (α’.)
494 2196 594 2291 Περὶ
608 2207 670 2293 μὲν
689 2215 746 2294 τής
762 2210 961 2294 οἰκειότητος
982 2218 1037 2295 τής
1050 2207 1266 2300 ὑπαρχούσης
1281 2244 1316 2294 νη

321 2307 399 2395 ἡμῖν
415 2304 499 2392 πρὸς
510 2303 674 2391 ἀλλήλους
684 2305 777 2391 οἶμαί
785 2328 821 2374 σε
834 2315 967 2376 πολλῶν
979 2305 1170 2396 ἀκηκοέναι,
1187 2335 1268 2396 συγ-

320 2415 422 2494 χαίρω
443 2409 482 2474 δέ
493 2429 545 2473 σοι
561 2408 838 2491 πυνθανόμενος,
859 2415 993 2493 πρῶτον
1008 2409 1071 2494 μὲν
1086 2409 1137 2478 ὅτι
1154 2419 1195 2497 τῇ
1210 2416 1269 2478 δυ-
1348 2399 1349 2420 ’

322 2513 455 2595 ναστείᾳ
481 2513 521 2596 τῇ
542 2508 697 2593 παρούσῃ
725 2507 862 2574 κάλλιον
886 2514 948 2596 χρή
976 2514 1036 2574 τοῦ
1063 2507 1190 2593 πατρὸς
1217 2511 1269 2577 καὶ

321 2607 583 2694 φρονιμώτερον,
599 2603 708 2675 ἔπειθ’
727 2605 776 2673 ὅτι
789 2621 945 2691 προαιρεῖ
953 2606 1055 2686 δόξαν
1067 2607 1175 2693 καλήν
1192 2609 1269 2694 κτή-

321 2717 444 2775 σασθαι
458 2713 586 2793 μᾶλλον
596 2700 617 2791 ή
628 2711 776 2773 πλοῦτον
786 2707 891 2791 μέγαν
902 2720 1115 2790 συναγαγεῖν.
1132 2721 1269 2792 σημεῖον

321 2805 384 2893 γὰρ
401 2802 441 2870 οὐ
456 2801 578 2891 μικρὸν
592 2804 741 2888 ἐκφέρεις
757 2801 874 2888 ιλρετής
892 2799 965 2870 ἀλλ’
983 2801 1027 2894 ὡς
1050 2801 1202 2872 δυνατόν
1212 2805 1269 2888 μέ-

321 2925 446 2991 γιστον,
463 2905 587 2988 ταύτην
604 2909 688 2988 ἔχων
702 2900 764 2989 τήν
778 2902 932 2988 γνώμην·
962 2898 1040 2967 ὥστ’
1057 2897 1101 2988 ήν
1115 2904 1270 2990 έμμείνης

321 3019 388 3081 τοῖς
414 3007 488 3085 περὶ
514 3011 577 3071 σοῦ
603 3009 667 3070 νῦν
686 3003 894 3089 λεγομένοις,
921 2997 983 3066 οὐκ
1007 2998 1188 3088 ἀπορήσεις
1205 3009 1271 3070 τῶν

321 3105 619 3189 ἐγκωμιασομένων
644 3101 706 3186 τήν
727 3127 761 3166 τε
777 3099 945 3185 φρόνησιν
970 3096 1031 3185 τήν
1055 3097 1119 3184 σήν
1141 3101 1196 3166 καὶ
1211 3097 1271 3185 τήν

291 3211 515 3288 λπροαίρεσιν
529 3202 663 3287 ταύτην.
686 3199 830 3287 ἡγουμαι
853 3199 888 3267 δέ
911 3202 965 3267 καὶ
986 3198 1024 3265 τὰ
1051 3202 1271 3284 διηγγελμένα

249 3365 253 3377 ,
321 3304 470 3385 περὶτοῦ
486 3300 610 3382 πατρός
630 3321 692 3367 σου
716 3308 965 3389 συμβαλεῑσθαι
986 3297 1135 3383 μεγάλην
1157 3304 1271 3365 πίστιν

322 3397 405 3482 πρὸς
417 3396 454 3466 τὸ
469 3403 582 3466 δοκεῖν
600 3392 640 3465 εὖ
655 3413 796 3484 φρονεῖν
811 3419 847 3464 σε
864 3401 917 3465 καὶ
934 3399 1107 3482 διαφέρειν
1122 3402 1191 3462 τῶν
1209 3394 1268 3462 ἄλ-

322 3506 406 3564 λων·
428 3498 567 3564 είώθασι
593 3495 657 3582 γὰρ
679 3502 712 3565 οί
732 3505 877 3565 πλεῖστοι
898 3504 965 3586 τῶν
985 3493 1181 3577 ἀνθρώπων
1209 3501 1268 3581 ούχ

322 3592 427 3670 οὕτως
442 3597 589 3660 ἐπαινεῖν
610 3596 664 3661 καὶ
684 3603 783 3676 τιμᾶν
806 3592 884 3671 τούς
902 3597 1019 3661 ἐκτῶν
1035 3598 1186 3675 πατέρων
1201 3602 1268 3660 τῶν
