2859 4334
305 368 347 431 οε
573 375 886 434 ιεοκνκνονε
910 385 974 449 (ιι)

304 558 375 615 μως
389 535 443 600 καὶ
454 541 560 611 καλῶς
570 537 762 618 χρωμένους
774 530 822 612 οἷς
833 536 1031 621 ἐμελέτησαν
1042 540 1192 607 ἐπαινεῖν
1204 544 1258 607 καί

306 639 421 716 τιμάν,
449 630 528 710 τοῦς
552 634 587 700 δὲ
604 641 878 719 πλημμελοῦντας
904 638 957 706 καί
983 648 1259 725 κακουργοῦντας

307 736 421 817 ῦέγειν
432 733 486 799 καὶ
496 746 606 818 μισεῖν
617 734 670 799 καὶ
682 732 911 817 φυλάττεσθαι
921 732 982 802 τόν
993 735 1119 819 τρόπον
1131 736 1256 822 αὐτῶν,

306 833 591 916 ἐνθυμουμένους,
610 828 654 909 ῶς
668 830 729 918 οὐχ
744 837 779 899 αί
789 833 907 915 φύσεις
921 838 958 901 αί
970 843 1036 901 τῶν
1052 838 1257 921 πραγμάτων

306 926 378 997 οὔτ’
400 927 591 1013 ὠφελοῦσιν
606 928 683 997 οῦτε
697 930 914 1017 βλάπτουσιν
930 931 1032 1019 ἡμᾶς,
1054 932 1129 1003 ἀλλ’
1156 933 1200 1013 ῶς
1222 941 1258 1003 αί

306 1035 373 1094 τῶν
397 1026 591 1111 ἀνθρώπων
611 1030 744 1115 χρήσεις
765 1032 820 1098 καὶ
843 1030 977 1114 πράξεις
997 1029 1158 1100 ἁπάντων
1174 1032 1256 1119 ἡμῖν

238 1133 289 1185 224
306 1136 406 1193 αίτιαι
424 1133 491 1192 τῶν
502 1128 759 1211 συμβαινόντων
775 1134 866 1195 είσίν.
886 1136 982 1215 γνοίη
998 1127 1029 1195 δ’
1047 1128 1090 1197 ἀν
1106 1158 1154 1209 τις
1169 1135 1256 1197 έκεῖ-

304 1235 384 1293 θεν·
408 1224 446 1292 τά
470 1225 535 1312 γάρ
553 1224 637 1293 αῦτά
653 1234 802 1315 πανταχῇ
824 1228 879 1295 καλ
896 1232 1031 1355 μηδαμῇ
1046 1232 1280 1313 διαφέρονταο

304 1338 372 1402 τοῖς
391 1324 453 1410 μὲν
474 1323 639 1411 ῶφέλιμα,
659 1340 727 1405 τοῖς
746 1328 782 1394 δὲ
803 1324 949 1413 βλαβερά
964 1334 1122 1451 γίγνεται.
1146 1338 1254 1397 καίτοι

305 1420 366 1507 τὴν
385 1448 449 1509 μεν
473 1424 577 1509 φύσιν
602 1429 688 1509 ἔχειν
714 1426 855 1493 ἕκαστον
878 1430 948 1493 τῶν
967 1425 1076 1493 ὅντων
1098 1430 1255 1494 ἐναντίαν

304 1517 411 1604 αὐτὴν
426 1520 510 1605 αὑτῇ
529 1520 583 1586 καὶ
598 1521 642 1607 μὴ
654 1522 715 1606 τὴν
731 1522 836 1606 αὐτὴν
851 1520 914 1589 οὐκ
929 1522 1102 1609 εῦλογόν’
1085 1546 1191 1593 εστιν
1216 1525 1253 1594 τὸ

304 1619 339 1684 δὲ
355 1620 460 1704 μηδὲν
474 1626 541 1684 τῶν
558 1616 669 1688 αὐτῶν
690 1626 890 1707 συμβαίνειν
910 1635 978 1698 τοῖς
992 1620 1105 1706 ὀρθῶς
1128 1650 1183 1691 και
1172 1626 1254 1691 δι-

304 1723 404 1793 καίως
419 1718 601 1799 πράττουσι
611 1722 666 1785 καί
679 1733 748 1796 τοῖς
761 1716 908 1805 ἀσελγῶς
932 1746 966 1786 τε
982 1723 1036 1787 καὶ
1052 1728 1172 1804 κακῶς,
1188 1730 1254 1791 τίνι

302 1822 370 1881 τῶν
385 1812 497 1898 ὀρθῶς
511 1819 732 1900 λογιζομένων
743 1814 806 1883 οῦκ
818 1811 861 1883 ἀν
876 1818 1011 1895 εἰκότως
1021 1825 1125 1885 ταῦτα
1137 1826 1254 1904 γίγνε-

239 1926 289 1978 κκο
303 1924 385 1980 σθαι
396 1913 540 1993 δόξειεν;
565 1915 664 2000 (πθ.)
673 1912 715 1983 Ὃ
726 1914 758 1982 δ’
771 1914 872 1994 αὐτὸς
888 1909 986 1995 οὗτος
997 1919 1096 2005 λόγος
1110 1922 1254 2005 καὶπερὶ

304 2011 361 2089 τάς
373 2011 581 2099 ὁμονοίαςάν
592 2012 786 2100 ἀρμόσειεν·
801 2014 927 2100 καὶγὰρ
940 2019 1062 2084 ἐκεῖναι
1073 2014 1135 2103 τὴν
1147 2018 1281 2103 φόσινδ

305 2115 386 2182 εἰσὶν
402 2111 464 2181 οὐκ
476 2111 632 2199 ἀνόμοιαι
648 2128 717 2191 τοῖς
733 2117 927 2200 εἰρημένοις,
943 2112 1027 2183 ἀλλά
1042 2113 1100 2194 τάς
1111 2117 1173 2201 μὲν
1188 2116 1253 2183 αῦ-

302 2218 369 2278 τῶν
381 2210 537 2299 εὕροιμεν
548 2209 593 2280 ἀν
604 2218 766 2279 πλείστων
778 2210 919 2297 ἀγαθῶν
931 2220 1034 2293 αίτίας
1041 2220 1253 2301 γιγνομένας,

303 2308 361 2391 τάς
377 2313 414 2379 δὲ
428 2319 496 2379 τῶν
511 2318 675 2397 μεγίστων
689 2318 803 2378 κακῶν
818 2316 871 2379 καλ
885 2320 1105 2398 συμφορῶν.“

387 2401 468 2494 ,Ὧν
479 2418 558 2496 μίαν
574 2409 661 2477 είναί
669 2436 754 2495 φημι
769 2414 822 2477 καὶ
832 2409 894 2497 τὴν
905 2419 1136 2496 Σπαρτιατῶν·
1161 2414 1252 2498 είρή-

302 2530 393 2576 σεται
416 2508 481 2596 γάρ
507 2508 666 2595 τάληθὲς,
697 2516 728 2577 εί
752 2516 811 2578 καί
836 2531 901 2579 τισι
930 2510 1015 2590 δόξω
1042 2518 1118 2579 λίαν
1142 2514 1255 2596 παρά-

236 2610 287 2663 226
303 2614 381 2689 δοξα
400 2610 518 2694 λέγειν.
555 2600 648 2676 οῦτοι
671 2606 736 2695 γάρ
759 2616 804 2698 τῷ
826 2607 929 2676 ταῦτά
951 2610 1152 2697 γιγνῶσκειν
1178 2616 1254 2695 περὶ

301 2714 370 2776 τῶν
385 2714 447 2787 ἔξω
459 2709 664 2795 πραγμάτων
679 2705 834 2794 ἀλλήλοις
845 2709 1032 2789 στασιάζειν
1046 2708 1254 2795 τοῦςἝλλη-

302 2834 362 2886 νας
380 2806 490 2892 ῶσπερ
504 2812 623 2894 τέχνην
634 2814 763 2893 ἔχοντες
774 2811 921 2893 ἐποίουν,
937 2811 992 2876 καὶ
1007 2806 1043 2876 τό
1055 2810 1247 2894 χαλεπῶτα-
1262 2832 1279 2870 ε

302 2933 362 2974 τον
375 2921 447 2985 ταῖς
461 2906 577 2985 ἀλλαις
591 2908 708 2974 πόλεσι
720 2914 787 2972 τῶν
798 2913 911 2973 κακῶν
921 2906 1133 2993 γιγνόμενον,
1148 2904 1250 2974 τοῦθ’

302 3004 414 3084 αὐτοῖς
434 3002 594 3074 ἁπάντων
610 3006 876 3090 συμφορώτατον
893 3005 1045 3090 ἐνόμιζον
1069 3002 1170 3071 εἶναι·
1193 3004 1252 3083 τάς

301 3104 366 3193 γάρ
385 3105 474 3173 οῦτω
489 3108 699 3191 διακειμένας
713 3106 790 3190 ἐξῆν
805 3101 929 3187 αὐτοῖς,
945 3101 1035 3181 ὅπως
1049 3100 1249 3190 ἠβούλοντο,

302 3212 448 3274 διοικεῖν.
473 3204 552 3272 ὥστ’
570 3202 679 3282 οὐδεὶς
692 3200 736 3271 ἀν
747 3199 871 3281 αῦτοῦς
886 3203 941 3270 διά
955 3228 993 3288 γε
1008 3200 1069 3288 τὴν
1085 3198 1249 3287 ὁμόνοιαν

302 3311 436 3383 δικαίως
450 3307 670 3387 ἐπαινέσειεν,
687 3300 788 3370 οῦδὲν
803 3308 931 3388 μᾶλλον
946 3297 968 3388 ἢ
983 3298 1060 3379 τοῦς
1079 3326 1248 3369 καταπον-
1270 3309 1320 3363 κὸθ

302 3402 412 3481 τιστάς
435 3406 490 3471 καλ
510 3400 631 3491 λῃστάς
658 3405 713 3470 καὶ
736 3398 815 3479 τοῦς
832 3405 907 3484 περὶ
930 3398 988 3478 τάς
1002 3398 1103 3479 ἀλλας
1121 3398 1252 3479 ἀδικίας

302 3503 417 3581 ὄντας·
446 3500 584 3588 καὶγὰρ
609 3504 731 3569 ἐκεῖνοι
754 3508 869 3585 σφίσιν
889 3496 1003 3576 αὐτοῖς
1028 3496 1251 3584 ὁμονοοῦντες

237 3620 285 3674 227
302 3603 381 3680 τοῦς
396 3601 519 3678 ἀλλους
535 3598 772 3669 ἀπολλύουσιν.
798 3606 827 3667 εί
837 3603 876 3666 δέ
883 3618 948 3667 τισι
965 3601 1053 3664 δοκῶ
1068 3594 1129 3683 τὴν
1142 3623 1250 3681 παρα-
