2859 4334
485 415 753 476 ΦΙΑΙΠΠΟΣ.
1057 411 1100 476 89

133 584 262 643 λσασθαι
274 579 334 662 τῆς
349 580 540 661 φιλονικίας
547 571 652 661 ὑμᾶς,
664 572 754 662 πλήν
765 581 795 644 εί
802 571 847 642 σύ
855 575 918 661 μέν
927 579 1099 661 πεισθείης

152 680 293 753 πλείονος
308 670 406 754 ἀξίαν
425 679 565 742 ἐσεσθαί
578 693 633 742 σοι
648 670 711 760 τήν
728 681 786 760 τῆς
803 673 931 754 πόλεως
946 668 1099 760 φιλίανή

152 769 199 850 τάς
211 773 403 859 προσόδους
418 770 478 852 τάς
494 769 769 859 ἐξἎμφιπόλεως
784 773 1002 858 γιγνομένας,
1024 767 1043 858 ἡ
1062 770 1099 840 δὲ

152 871 234 951 πόλις
249 876 415 959 δυνηθείη
429 881 648 958 καταμαθεῖν,
665 868 710 950 ῦς
723 867 785 958 χρή
800 867 859 949 πάς
869 870 932 956 μλν
944 870 1100 948 τοιαύτας

152 971 282 1056 φεύγειν
300 968 473 1058 ἀποικίας,
498 974 623 1050 αἵτινες
637 970 789 1056 τετράκις
803 965 826 1057 ή
840 970 998 1049 πεντάκις
1013 966 1100 1036 ἀπο-

151 1074 301 1138 λωλέκασι
323 1067 403 1150 τοῦς
423 1071 741 1158 ἐμπολιτενθέντας,
767 1074 875 1155 ζητεῖν
895 1066 927 1137 δ’
950 1071 1099 1146 ἐκείνους

149 1164 217 1246 τοῦς
237 1166 362 1246 τόπους
378 1163 459 1246 τοῦς
478 1167 596 1253 πόρρω
616 1169 679 1254 μὲν
698 1169 874 1253 κειμένους
893 1173 962 1234 τῶν
983 1165 1099 1254 ἀρχειυ

150 1268 349 1353 δυναμένων,
372 1263 472 1353 ἐγγύς
487 1270 524 1335 δέ
537 1276 607 1336 των
621 1266 800 1336 δουλεύειν
816 1269 1028 1353 εἰθισμένων,
1052 1271 1124 1344 ελςα

130 1357 212 1430 σοίόν
226 1389 289 1451 περ
304 1364 567 1450 Λακεδαιμόνιοι
577 1369 796 1451 Κυρηναίους
806 1361 998 1457 ἀπῴκισαν·
1016 1360 1099 1451 πρὸς

150 1463 177 1529 δὲ
189 1463 337 1547 τούτοις,
355 1469 385 1530 εί
397 1459 442 1529 σύ
457 1463 521 1549 μλυ
532 1469 666 1550 γνοίης,
682 1460 734 1531 ότι
748 1461 838 1555 λόγῳ
851 1460 1025 1548 παραδούς
1037 1460 1099 1550 τήν

148 1560 251 1645 χοίρων
270 1557 352 1648 ἡμῖν
371 1560 499 1647 ταύτην
516 1557 619 1640 αύτδς
632 1566 721 1652 ἐργφ
735 1561 912 1649 κρατήσεις
925 1559 1029 1650 αύτής
1044 1565 1099 1629 καλ

147 1662 273 1745 προσέτι
286 1656 350 1748 τήν
364 1657 503 1728 εῦυοιαν
515 1655 579 1746 τήν
589 1656 754 1747 ήμετίραυ
764 1660 895 1748 πτήσει·
915 1662 1098 1739 τοσούτους

147 1755 202 1844 γάρ
216 1755 368 1846 ὁμήρους
380 1757 480 1846 λήνει
494 1756 575 1844 παρ’
588 1756 686 1845 ’ήμῶν
698 1766 758 1846 τῆς
771 1765 902 1847 φιλίας,
919 1758 1022 1838 ὅσους
1034 1784 1096 1844 περ

147 1851 182 1923 ἀν
202 1859 359 1936 ἐποίκους
381 1863 427 1936 είς
445 1854 508 1944 τήν
528 1855 593 1946 σήν
613 1862 815 1928 δυναστείαν
837 1855 1096 1947 ἀποστείλωμεν,

146 1951 175 2021 τό
190 1953 226 2022 δέ
245 1961 378 2042 πλῆθος
392 1953 489 2044 ἡμῶν
506 1966 540 2025 εί
550 1983 601 2036 τις
616 1956 797 2044 διδάξειεν,
821 1954 866 2037 ὡς
880 1953 925 2025 ἀν
940 1957 1097 2047 λάβωμεν

143 2053 349 2141 Ἀμφίπολιν,
376 2051 710 2144 ἀναγκασθησόμεθα
734 2052 799 2144 τήν
824 2054 932 2144 αὐτήν
958 2056 1126 2127 εῦνοιανδ

146 2157 224 2238 ἐχειν
232 2165 303 2232 τοῖς
313 2168 386 2235 συλς
395 2155 568 2243 πράγμασι
579 2152 635 2223 διά
645 2155 726 2236 τοῦς
736 2158 887 2227 ἐνταῦθα
897 2165 1097 2228 κατοικοῦν-

144 2280 210 2340 τας,
230 2256 309 2323 οἷαν
322 2280 385 2340 περ
401 2265 533 2342 εἴχομεν
545 2252 718 2349 Ἀμαδόκῳ
735 2264 781 2345 τῷ
799 2265 929 2351 παλαιῷ
946 2255 1001 2326 διά
1017 2256 1096 2335 ποῦς

126 2352 388 2444 λένΧερρονήσφ
401 2361 645 2442 γεωργοῦντας.
668 2356 835 2424 τοιούτων
846 2356 882 2425 δέ
893 2364 1096 2426 πολλῦνλε-

144 2457 289 2539 γομίνων
301 2450 457 2541 ἤλπισαν,
469 2452 545 2524 ὅσοι
557 2477 620 2537 περ
631 2451 793 2542 ἥκουσαν,
807 2456 1024 2533 διαδοθέντος
1035 2462 1095 2522 τοῦ

145 2550 239 2636 λόγου
250 2551 475 2620 διαλύσεσθαι
485 2547 545 2620 τόν
556 2550 706 2638 πόλεμον
718 2549 806 2638 ὑμᾶς
816 2553 872 2620 καὶ
883 2551 1092 2638 γνωσιμαχή-

145 2667 257 2728 σαντας
279 2649 533 2735 βουλεύσεσθαί
550 2676 581 2718 τι
600 2647 720 2719 κοινόν
744 2647 880 2738 ἀγαθόν
900 2654 976 2737 περὶ
998 2647 1095 2736 ὑμῶν

144 2742 257 2816 αὐτῶν.
281 2752 312 2816 εί
320 2749 384 2834 μὲν
393 2740 459 2816 οὖν
472 2745 632 2835 ἀφρόνως
644 2743 666 2836 ἢ
679 2751 735 2818 καλ
747 2756 832 2817 νοῦν
844 2747 985 2835 ἐχόντως
998 2745 1091 2816 ταῦτ’
1106 2777 1122 2815 ε

145 2847 301 2933 ἐδόξαζον,
317 2851 453 2927 δικαίως
467 2843 513 2916 ἀν
526 2850 648 2918 ἐκείνοι
658 2845 722 2936 τήν
733 2855 843 2918 αἰτίαν
855 2854 979 2936 ἐχοιεν·
998 2846 1104 2927 ὄντος,

144 2943 170 3010 δ’
191 2940 257 3015 οῦν
282 2949 367 3034 ἐμοῦ
385 2950 463 3034 περλ
484 2945 548 3035 τήν
572 2954 803 3035 πραγματείαν
820 2947 948 3035 ταύτην
969 2953 1096 3034 ἔφθητε

142 3044 355 3132 ποιησόμενοι
369 3043 432 3133 τήν
450 3046 590 3134 είρήνην
604 3048 686 3133 πρὶν
700 3049 944 3134 ἐξεργασθῆναι
958 3043 1019 3114 τόν
1035 3047 1096 3115 λό-

141 3169 207 3228 γον,
222 3154 499 3232 σωφρονοῦντες·
522 3143 613 3225 ὅπως
626 3144 692 3233 γὰρ
703 3138 769 3214 οῦν
781 3152 973 3231 πεπρᾶχθαι
985 3159 1096 3231 κρείτ·
1107 3163 1142 3218 84

139 3268 193 3310 τον
208 3236 253 3331 ήν
272 3241 382 3332 αύτήν
400 3240 423 3331 ή
444 3248 648 3333 συνέχεσθαι
666 3259 735 3324 τοῖς
749 3259 865 3324 κακοῖς
882 3258 950 3323 τοῖς
967 3242 1021 3312 διά
1036 3241 1097 3312 τόν

126 3343 283 3431 ιπόλεμον
303 3348 526 3431 γιγνομένοις.
561 3344 630 3426 (δ.)
659 3347 854 3432 Συνησθελς
874 3344 910 3413 δέ
933 3348 1096 3432 τοῖςπερὶ

138 3447 189 3526 τῆς
208 3440 341 3530 εἰρήνης
362 3453 566 3531 φηφισθείσι
588 3446 644 3512 καλ
664 3450 804 3531 νομίσας
824 3439 867 3512 οῦ
887 3441 995 3530 μόνον
1013 3440 1095 3531 ήμῑν

138 3534 216 3606 ἀλλά
228 3541 284 3608 καλ
295 3540 349 3610 σολ
360 3543 494 3620 καὶτοῖς
505 3539 783 3630 ἀλλοιςἝλλησιν
795 3540 899 3610 ἀπασι
910 3549 1093 3624 συνοίσειν,

140 3633 319 3727 ἀποστῆσαι
339 3642 403 3726 μὲν
423 3637 485 3728 τήν
506 3643 654 3729 ἐμαυτοῦ
673 3641 831 3711 διάνοιαν
844 3647 913 3709 νῦν
927 3643 1092 3728 ἐχομένων
