2859 4334
634 943 676 1018 1.

413 1067 551 1140 ΠΡΟΣ
573 1063 878 1140 ΑΗΜΟΝΙΚΟΝ.

249 1289 323 1378 (α’.)
341 1283 419 1366 Ἐν
437 1295 573 1366 πολλοῖς
589 1285 667 1373 μὲν,
691 1279 923 1374 όΔημόνιιιε,
944 1283 1033 1356 πολὺ
1051 1291 1151 1358 διε-2

172 1387 296 1466 στόσας
307 1383 497 1472 εὑρήσομεν
509 1385 568 1462 τοὶς
581 1410 616 1451 τε
632 1390 701 1452 τῶν
713 1388 908 1453 σπουδαίων
917 1381 1053 1471 γνόμας
1068 1387 1191 1454 παίω

172 1483 224 1566 τάς
242 1493 313 1554 τῶν
327 1484 471 1571 φαύλων
481 1487 649 1567 διανοίας,
664 1482 752 1552 πολδ
772 1485 807 1552 δὲ
824 1491 983 1570 μεγίστην
1001 1487 1123 1569 διαφο-

173 1583 232 1670 ράν
244 1584 423 1670 εἰλήφασιν
438 1585 476 1650 ἐν
490 1596 561 1660 ταῖς
574 1579 657 1665 πρὸς
673 1579 839 1668 ἀλλήλους
856 1588 1068 1668 συνηθείαις·
1091 1588 1125 1652 οί

173 1684 228 1768 μὲν
241 1681 309 1770 γάρ
327 1679 407 1760 τοὺς
420 1688 541 1768 φίλους
558 1682 728 1768 παρόντας
743 1683 852 1768 μόνον
864 1689 1020 1769 τιμῶσιν,
1037 1687 1070 1751 οί
1087 1686 1122 1752 δὲ

172 1786 220 1852 καὶ
231 1779 367 1870 μακράν
379 1779 526 1860 ἀπόντας
540 1777 709 1866 ἀγαπῶσι,
727 1783 783 1848 καί
797 1777 857 1860 τάς
872 1785 935 1867 μὲν
947 1787 1016 1849 τῶν
1031 1781 1122 1867 φαό-

172 1890 234 1950 λων
255 1888 442 1966 συνηθείας
462 1876 573 1966 ὀλίγος
593 1880 713 1966 χρόνος
739 1883 890 1967 διίλυσε,
914 1880 974 1960 τάς
997 1882 1033 1949 δὲ
1052 1887 1150 1948 τδνο

172 1987 363 2050 σπουδαίων
383 1986 495 2066 φιλίας
516 1976 591 2048 οὐδ’
615 1975 659 2046 ἀν
680 1977 698 2047 ὁ
720 1987 785 2060 πᾶς
806 1977 892 2050 αίάν
910 1981 1120 2062 ἐξαλείψειεν.

148 2077 351 2169 λήγοόμενος
372 2071 435 2146 οόν
451 2079 593 2164 πρέπειν
614 2077 694 2156 τούς
714 2077 813 2164 δόξης
827 2074 1049 2164 ὀρεγομένους
1067 2080 1122 2147 καί

169 2185 316 2258 παιδείας
335 2174 636 2264 ἀποποιουμένους
657 2183 726 2245 τῶν
752 2180 947 2244 σπουδαίων
970 2175 1054 2246 ἀλλά
1076 2174 1121 2264 μή

168 2287 232 2347 τῶν
244 2277 388 2364 φαύλων
407 2274 491 2344 εἶναι
502 2274 662 2363 μιμητάς,
682 2273 872 2345 ἀπίσταλιιά
888 2296 942 2370 σοι
952 2276 1052 2344 τόνδε
1062 2275 1123 2345 τόν

168 2380 268 2465 λόγου
281 2379 410 2461 δῶρον,
427 2375 608 2462 τεκμήριον
626 2375 688 2461 μὲν
704 2382 762 2462 της
778 2371 863 2463 πρός
876 2373 963 2462 ὑμᾶς
980 2374 1122 2461 εὐνοίας,

170 2489 305 2563 σημεῖον
323 2476 359 2541 δὲ
381 2481 439 2560 τῆς
462 2472 548 2560 πρός
563 2471 756 2542 Ἱππόνικον
778 2481 978 2560 συνηθείας·
1004 2478 1123 2562 πρέπει

169 2575 229 2662 γὰρ
244 2572 326 2652 τούς
343 2577 463 2652 παῖδας
479 2571 590 2658 ὥσπερ
605 2580 662 2660 τῆς
677 2569 793 2652 οὐσίας
813 2571 903 2641 οὕτω
922 2576 978 2642 καὶ
993 2581 1051 2660 τῆς
1065 2600 1124 2659 φι-

149 2685 239 2754 σλίας
252 2681 311 2759 τῆς
324 2679 484 2759 πατρικῆς
495 2682 727 2759 κληρονομεῖν.
757 2671 829 2760 (β’.)
838 2669 925 2755 Ὀρῶ
942 2672 978 2740 δὲ
993 2675 1048 2739 καί
1062 2670 1151 2757 τήυσ

169 2775 269 2860 τύχην
283 2768 364 2858 ἡμῖν
382 2773 688 2860 συλλαμβάνουσαν
703 2768 830 2840 καὶτὸν
840 2771 990 2860 παρόντα
1000 2769 1121 2857 καιρόν

171 2870 494 2956 συναγωνιζόμενον·
531 2869 573 2937 σύ
592 2871 654 2956 μὲν
675 2869 742 2958 γάρ
761 2875 912 2949 παιδείας
934 2872 1120 2957 ἐπιδυμείς,

172 2969 229 3058 ἐγά
246 2970 282 3038 δὲ
295 2969 469 3037 παιδεύειν
486 2967 610 3048 ἀλλους
628 2972 799 3056 ἐπιχειρῶ,
815 2971 871 3037 καὶ
887 2969 939 3038 σολ
956 2973 1018 3056 μεν
1032 2967 1120 3055 ἀκμὴ

172 3079 383 3157 φιλοσοφεῖν,
408 3065 471 3153 ίγά
491 3067 527 3136 δὲ
543 3065 623 3147 τούς
641 3069 1118 3155 φιλοσοφοῦνταςέπανορθω.

172 3167 239 3236 ὅσοι
247 3167 311 3253 μὲν
321 3158 385 3233 οὖν
395 3163 565 3249 πρόςτοδς
575 3168 703 3235 ἑαυτῶν
712 3175 833 3254 φίλους
841 3165 920 3247 τούς
927 3192 1114 3253 προτρεπτι·

173 3263 247 3344 κοδς
259 3263 383 3349 λόγους
399 3265 653 3352 συγγράφουσι,
675 3265 782 3337 καλόν
801 3268 864 3353 μὲν
881 3272 981 3352 ἔργον
999 3269 1121 3352 ἐπιχει-

151 3371 304 3451 ιροῦσιν,
321 3361 362 3430 οὐ
373 3359 442 3449 μήν
457 3371 537 3447 περί
543 3391 583 3451 γε
596 3362 634 3433 τό
652 3367 831 3450 κράτιστον
846 3372 902 3450 τῆς
923 3371 1123 3450 φιλοσοφίας

175 3469 412 3550 διατρίβουσιν·
434 3461 508 3530 όσοι
519 3464 557 3532 δὲ
570 3478 638 3543 τοῖς
648 3468 824 3549 νεωτέροις
835 3469 1046 3548 εἰσηγοῦνται
1053 3513 1063 3547 ,
1074 3475 1149 3550 μηδ

176 3560 215 3630 δι’
233 3553 280 3628 όν
300 3558 362 3646 τήν
382 3562 555 3650 δεινότητα
565 3560 627 3651 τήν
642 3565 679 3630 ἐν
693 3577 761 3641 τοῖς
775 3562 887 3648 λόγοις
903 3559 1119 3648 ἀσκήσουσιν,

175 3658 240 3730 αλλ’
260 3658 350 3738 ὅπως
366 3657 405 3728 τά
423 3665 491 3729 τῶν
507 3661 643 3746 τρόπων
654 3660 724 3748 ήθη
741 3664 917 3728 σπουδαῖοι
932 3664 1117 3744 πεφυκέναι

249 3770 405 3811 nocuus.
424 3755 445 3811 1.
968 3771 984 3821 l
