2859 4334
448 378 922 437 ΠΕΡΙΑΝΤΙΔΟΣΕΩΣ.
1007 466 1010 471 Ι
1101 376 1161 439 103

238 541 285 623 ηδ’
304 539 355 606 ἐπὶ
369 552 437 616 τοῖς
453 545 663 623 βλασφημεῖν
680 541 882 624 εἰθισμένοις
897 536 1008 625 ὥσπερ
1024 545 1089 605 νῦν
1104 563 1161 623 γε·

215 638 377 722 νόμενον·
411 635 642 720 σκοπούμενος
667 628 732 702 σύν
758 636 916 723 εύρισκον
937 636 1091 723 οὐδαμῶς
1118 632 1162 703 ἀν

213 734 321 813 ἀλλος
336 743 434 803 τούτο
457 736 732 820 διαπραξάμενος,
753 733 841 821 πλὴν
864 742 893 804 εί
906 745 1049 823 γραφείη
1065 736 1192 821 λόγοςδ

214 833 326 919 ὥσπερ
349 832 448 902 είκιδν
468 840 526 919 τῆς
543 835 623 918 ἐμῆς
646 836 796 911 διανοίας
814 835 950 901 καὶτῶν
968 834 1081 903 ἀλλων
1096 841 1164 901 τῶν

214 935 446 1021 βεβιωμένων·
469 930 523 999 διδ
540 932 665 999 τούτου
676 930 741 1018 γάρ
752 930 889 1018 ἤλπιζον
902 932 1006 1002 καὶτὰ
1021 936 1096 1018 περὶ
1107 933 1163 1019 ἐμὲ

215 1035 357 1117 μάλιστα
382 1031 645 1117 γνωσθήσεσθαι
666 1035 721 1096 καὶ
747 1029 807 1098 τόν
822 1030 928 1101 αύτόν
942 1042 1064 1101 τούτου
1078 1060 1163 1120 μνη-

214 1131 309 1216 μεῖόν
324 1157 391 1216 μου
408 1129 740 1215 καταλειφθήσεσθαι
752 1128 839 1198 πολύ
855 1134 994 1199 κόλλιον
1004 1139 1072 1199 τῶν
1083 1140 1163 1218 χαλ-

184 1237 287 1299 suein
303 1227 541 1316 ἀναθημάτων.
587 1227 658 1311 (δ.)
683 1235 727 1296 El
742 1230 804 1315 μὲν
821 1222 884 1298 οὖν
899 1235 1046 1299 ἐπαινεῖν
1060 1233 1163 1316 έμαυ-

214 1326 274 1396 τόν
285 1331 495 1414 ἐπιχειροίην,
512 1328 628 1412 έύρων
639 1325 715 1395 οὔτε
727 1338 920 1415 περιλαβεῖν
930 1329 1072 1415 ἅπαντα,
1088 1332 1163 1413 περὶ

216 1420 264 1495 ἀν
286 1433 435 1496 διελθεῖν
444 1427 682 1513 προῃρούμην,
698 1423 767 1505 οἷός
782 1455 816 1495 τε
833 1428 1074 1515 γενησόμενος,
1090 1424 1161 1496 οὔτ’

215 1529 406 1612 ἐπιχαρίτως
420 1524 495 1593 οὐδ’
516 1525 756 1610 ἀνεπιφθόνως
773 1534 877 1595 εἰπεῖν
888 1531 962 1613 περὶ
974 1526 1086 1596 αὐτῶν
1100 1533 1162 1594 δυ-
1174 1554 1189 1591 e

217 1625 416 1712 νησόμενος·
440 1632 470 1693 εί
483 1622 515 1691 δ’
528 1622 722 1711 ὑποθείμην
733 1624 846 1711 ἀγωνα
857 1626 919 1712 μὲν
934 1630 988 1695 καὶ
1002 1626 1164 1695 κίνδυνόν

216 1751 290 1792 τινα
301 1727 376 1807 περὶ
388 1725 443 1808 ἐμὲ
454 1724 667 1809 γιγνόμενον,
681 1726 898 1812 συκοφάντην
909 1723 940 1793 δ’
952 1725 1097 1793 ὅντατδν
1108 1752 1164 1812 γε·

216 1825 408 1910 γραμμένον
420 1826 543 1894 καὶτὸν
551 1824 732 1913 πράγματά
738 1824 1000 1915 μοιπαρέχοντα,
1009 1823 1165 1893 κάκεῖνον

216 1924 277 2009 μὲν
293 1937 364 2001 ταῖς
379 1927 549 2009 διαβολαῖς
562 1921 736 2008 χριόμενον
750 1937 820 2001 ταῖς
832 1926 883 1990 έπλ
894 1930 951 2009 της
962 1923 1163 2001 ἀντιδόσεως

217 2025 402 2107 ῥηθείσαις,
420 2020 568 2106 ἐμαυτόν
582 2018 613 2088 δ’
627 2023 664 2088 ἐν
679 2019 858 2107 ἀπολογίας
867 2021 1006 2108 σχήματι
1017 2020 1096 2101 τούς
1106 2022 1166 2090 λό·

217 2146 298 2206 γους
317 2121 539 2207 ποιούμενον,
564 2119 670 2197 οὕτως
686 2116 731 2186 ἀν
743 2123 937 2205 ἐκγενέσθαι
953 2149 1008 2207 μοι
1024 2122 1165 2208 μάλιστα
1181 2140 1231 2195 312

219 2223 435 2305 διαλεχθῆναι
451 2223 526 2301 περὶ
540 2216 701 2286 ἀπόντων
714 2210 763 2284 οἷν
778 2219 931 2304 τυγχάνω
946 2220 1160 2306 βουλόμενος.

187 2330 207 2385 9
292 2318 359 2404 (ε’.)
381 2325 493 2385 Ταῦτα
521 2320 557 2386 δὲ
584 2318 776 2404 διανοηθεὶς
801 2322 950 2402 ἔγραφον
978 2316 1037 2385 τόν
1062 2320 1164 2406 λόγον

167 2436 172 2440 ’
216 2425 347 2502 τοῦτον,
363 2415 426 2486 ούκ
437 2418 592 2504 ἀκμάζων
604 2414 677 2485 ἀλλ’
695 2424 750 2500 έτη
761 2414 909 2501 γεγονώς
926 2418 989 2483 δύο
1000 2421 1053 2485 καλ
1065 2416 1164 2502 όγδο-

218 2516 351 2602 η’κοντα.
375 2519 491 2600 διόπερ
505 2517 567 2603 χρὴ
583 2516 788 2601 συγγνώμην
804 2522 900 2599 ἔχειν,
916 2510 959 2600 ἢν
973 2517 1164 2599 μαλακώτε-

218 2641 276 2700 ρος
292 2612 341 2684 ἀν
356 2619 513 2703 φαίνηται
522 2620 593 2684 τῶν
612 2611 692 2699 παρ’
712 2618 794 2700 ἐμοῦ
810 2616 975 2697 πρότερον
992 2618 1165 2702 ἐκδεδομέ-

219 2741 297 2783 νων.
321 2719 374 2783 καλ
389 2718 453 2800 γὰρ
470 2714 548 2782 ούδδ
565 2715 680 2803 ῥᾴδιος
695 2706 737 2799 ἦν
753 2709 828 2778 οὐδ’
845 2710 972 2791 ἁπλοῦς
984 2710 1067 2779 ἀλλά
1084 2722 1165 2781 πολ-

172 2832 206 2887 10
220 2814 282 2902 λὴν
295 2822 380 2901 ἔχων
402 2820 639 2899 πραγματείαν.
660 2818 728 2879 ἔστι
751 2810 815 2896 γάρ
837 2817 905 2878 τῶν
927 2816 1166 2897 γεγραμμένων

219 2921 291 2982 ἔνια
314 2914 377 2999 μὲν
399 2917 436 2981 έν
464 2917 663 3001 δικαστηρίῳ
689 2914 856 2995 πρέποντα
876 2913 1042 2997 ῥηθῆναι,
1068 2909 1107 2977 τά
1130 2913 1166 2978 δὲ

220 3013 302 3100 πρός
323 3015 385 3099 μὲν
405 3012 485 3091 τούς
504 3013 680 3089 τοιούτους
701 3008 834 3095 ἀγῶνας
858 3007 918 3094 ούχ
945 3008 1193 3095 ἀρμόττοντα,ο

219 3116 292 3200 περὶ
306 3115 341 3181 δὲ
353 3119 553 3197 φιλοσοφίας
565 3112 880 3195 πεπαρρησιασμένα
892 3111 945 3174 καὶ
958 3110 1167 3195 δεδηλωκότα

219 3211 280 3300 τὴν
304 3214 451 3300 δύναμιν
471 3210 583 3298 αὐτῆς·
607 3216 675 3279 ἔστι
696 3213 734 3275 δέ
753 3234 784 3275 τι
802 3210 856 3274 καλ
873 3216 1044 3291 τοιοῦτον,
1066 3208 1167 3275 δτῶν

219 3315 391 3397 νεωτέρων
414 3325 483 3390 τοῖς
505 3312 557 3378 ἐπὶ
577 3307 618 3377 τό
641 3307 822 3394 μαθήματα
850 3311 904 3373 καὶ
931 3305 993 3392 τήν
1013 3312 1167 3374 παιδείαν

219 3408 368 3497 ὁρμῶσιν
384 3409 570 3478 ἀκούσασιν
584 3405 627 3477 ἀν
643 3411 850 3492 συνενέγκοι,
867 3405 973 3474 πολλοὶ
986 3409 1022 3473 δέ
1033 3410 1087 3473 καλ
1100 3414 1167 3473 τῶν

219 3507 279 3577 ὑπ’
296 3512 377 3596 ἐμοῦ
398 3512 502 3577 πύλαι
522 3510 764 3595 γεγραμμένων
779 3508 1083 3592 ἐγκαταμεμιγμένα
1099 3519 1168 3583 τοῖς

219 3616 284 3675 νῦν
298 3607 561 3694 λεγομένοις,ούκ
572 3608 701 3697 ἀλόγως
715 3604 793 3674 οὐδ’
808 3605 952 3689 ἀκαίρως
966 3604 1049 3673 ἀλλά
1063 3626 1166 3688 προσ·
