2859 4334
522 363 817 422 ΕΠΙΣΤΟΛΑΙ.
1083 361 1143 424 247

195 523 263 601 δεὶς
276 519 342 608 γάρ
356 527 463 601 ἔστιν,
485 521 576 600 ὅστις
599 519 641 589 ού
662 527 811 606 κατέγνω
827 525 1090 610 προπετέστερύν
1107 547 1143 592 σε

195 624 408 691 κινδυνεύειν
421 618 444 709 ἦ
457 621 728 710 βασιλικώτερον,
745 626 799 689 καὶ
818 622 947 708 μᾶλλόν
963 644 1016 691 σοι
1032 627 1144 711 μέλειν

195 728 263 788 τῶν
277 725 353 806 περί
369 719 432 808 την
447 719 591 803 ἀνδρίαν
606 717 789 808 έπαίνωνῆ
804 729 872 789 τῶν
888 720 978 791 ὅλων
988 726 1143 811 πραγμά-

194 845 272 888 των.
287 825 356 887 ἔστι
371 818 403 887 δ’
421 816 542 906 ὁμοίως
557 816 694 906 αίσγράν
709 822 939 904 περιστάντων
948 850 983 890 τε
994 831 1062 892 τῶν
1077 849 1139 891 πο·
1155 856 1170 894 ε

195 925 318 1005 λεμίων
327 916 371 1006 μὴ
384 922 587 1004 διαφέροντα
599 922 759 1005 γενέσθαι
769 927 836 988 των
850 919 971 1006 ἀλλων,
985 927 1144 1009 μηδεμιᾶς

193 1045 230 1087 τε
243 1020 479 1106 συμπεσούσης
492 1017 641 1104 ἀνάγκης
660 1015 766 1085 αὑτὸν
787 1022 942 1107 ἐμβαλεῖν
964 1027 1009 1099 είς
1030 1022 1143 1090 τοιού-

194 1145 273 1196 τους
288 1116 431 1203 ἀγάνας,
447 1121 485 1186 έν
499 1113 548 1195 οἷς
565 1118 785 1200 κατορθώσας
799 1119 861 1204 μὲν
875 1115 977 1186 οὐδέν
991 1115 1035 1186 ἀν
1050 1113 1142 1206 ἦσθα

192 1221 276 1304 μέγα
287 1219 584 1303 διαπεπραγμένος,
596 1216 793 1302 τελευτήσας
804 1218 840 1284 δὲ
851 1214 911 1284 τὸν
922 1225 999 1303 βίον
1009 1218 1142 1288 ἅπασαν

168 1313 238 1383 εάν
255 1316 316 1402 τὴν
332 1313 551 1402 ὑπάρχουσαν
570 1313 787 1402 εὐδαιμονίαν
802 1325 1004 1394 συνανείλες.
1030 1316 1091 1403 χρὴ
1107 1319 1142 1385 δὲ

192 1414 237 1502 μὴ
253 1411 356 1493 καλάς
371 1412 502 1492 ἁπάσας
519 1413 773 1500 ὑπολαμβάνειν
787 1411 844 1491 τάς
861 1416 897 1480 έν
907 1429 975 1491 τοίς
989 1401 1143 1494 πολέμοις

199 1511 368 1596 τελευτάς,
382 1510 467 1579 ἀλλά
475 1508 765 1597 τάςμὲνύπέρτῆς
773 1515 932 1595 πατρίδος
939 1511 995 1579 καὶ
1003 1516 1071 1578 τῶν
1080 1537 1138 1596 γο-

199 1613 287 1681 νέων
301 1612 357 1680 καί
370 1613 439 1680 τῶν
451 1617 584 1681 παίδων
595 1615 744 1681 ἐπαίνων
753 1610 859 1698 ἀξίας,
874 1611 933 1690 τάς
943 1611 982 1679 δὲ
990 1611 1098 1680 ταῦτά
1106 1637 1142 1679 τε

200 1712 310 1782 πάντα
332 1711 546 1800 βλαπτούσας
571 1715 627 1781 καὶ
652 1711 712 1793 τάς
737 1713 870 1798 πράξεις
892 1710 951 1793 τάς
975 1712 1168 1801 πρότερονο

201 1814 472 1901 κατωρθωμένας
494 1814 830 1902 καταρρυπαίνούσας
844 1813 985 1902 αίσχράς
996 1821 1143 1901 νομίζειν

199 1917 256 1985 καὶ
277 1914 417 2003 φεύγειν
437 1913 482 1996 ἀς
503 1922 614 1995 αἰτίας
635 1920 762 2001 πολλῆς
778 1913 917 1996 ἀδοξίας
932 1915 1141 2003 γιγνομένας.

112 2052 118 2062 ·
176 2013 193 2063 ⁵
280 2016 352 2106 (γ’.)
373 2017 545 2104 Ἤγούμαι
569 2019 610 2090 δέ
626 2037 678 2086 σοι
697 2016 883 2104 συμφέρειν
899 2027 1071 2105 μιμείσθαι
1085 2015 1144 2096 τάς

204 2119 330 2206 πόλεις,
345 2115 386 2187 ὃν
401 2119 528 2204 τρόπον
543 2123 710 2188 διοικοῦσι
722 2117 763 2186 τά
781 2119 857 2204 περὶ
871 2117 952 2198 τούς
966 2120 1142 2207 πολέμους.

202 2219 417 2308 ἀπασαιγάρ,
430 2218 512 2289 ὅταν
522 2219 750 2305 στρατόπεδον
765 2221 989 2306 έκπέμπωσιν,
1004 2221 1145 2289 εἰώθασι

202 2320 239 2389 τδ
257 2321 373 2391 κοινὸν
386 2323 441 2388 καὶ
460 2320 500 2400 τὸ
521 2320 794 2408 βουλευσόμενον
813 2319 902 2409 ύπὲρ
915 2327 985 2390 τάν
1001 2321 1138 2391 ένεστύ·

200 2449 270 2491 των
283 2429 333 2503 είς
346 2418 534 2508 ἀσφάλειαν
547 2423 763 2492 καθιστάναι·
783 2420 835 2490 διὸ
851 2421 893 2511 δὴ
907 2430 1084 2510 συμβαίνει
1098 2423 1144 2511 μὴ

202 2528 279 2611 μιάς
288 2519 429 2611 ἀτυχίας
440 2524 677 2612 συμπεσούσης
690 2520 883 2612 ἀνῃρῆσθαι
896 2527 952 2593 καὶ
966 2525 1027 2612 τὴν
1036 2525 1142 2595 δύνα·
1156 2545 1171 2580 ι’

200 2653 258 2713 μιν
278 2623 402 2711 αύτῶν,
420 2621 506 2694 ἀλλά
527 2624 651 2706 πολλάς
669 2617 855 2711 ἀποφέρειν
869 2624 1040 2695 δύνασθαι
1057 2647 1143 2715 συμ-

171 2726 310 2813 6φοράς
326 2727 383 2795 καὶ
400 2725 501 2794 πάλιν
521 2721 625 2806 αύτάς
645 2728 682 2794 έιι
694 2725 826 2795 τούτων
846 2724 1105 2815 ἀναλαμβάνειν.
1125 2723 1145 2795 ἀ

201 2830 259 2897 καὶ
272 2827 311 2897 σέ
325 2832 380 2898 δεῖ
391 2842 542 2915 σκοπεῖν,
555 2828 611 2896 καί
623 2826 729 2916 μηδὲν
738 2836 851 2915 μεῖζον
860 2825 993 2914 ἀγαθὸν
1009 2834 1066 2914 τῆς
1076 2849 1140 2898 σω·

201 2935 318 3016 τηρίας
326 2927 589 3018 ἀπολαμβάνειν,
608 2934 665 2998 ἴνα
680 2928 807 3008 καὶτὰς
820 2936 917 3009 νίκας
930 2928 1142 3018 τάςσυμβαι·

199 3032 328 3111 υούσας
351 3030 434 3098 κατά
457 3030 584 3116 τρόπον
601 3033 729 3117 διοικῇς
754 3028 822 3119 [καὶ
846 3028 906 3110 τάς
924 3029 1065 3119 ἀτυχίας
1086 3030 1144 3110 τάς

200 3127 1141 3220 σνμπιπτούσαςέπανορθούυδύνη].ίδοιςδάνκαὶΛακε-
1153 3147 1202 3196 408

203 3239 401 3321 δαιμονίους
417 3234 566 3320 περὶτῆς
583 3239 651 3301 τῶν
657 3232 824 3321 βασιλέων
839 3240 1005 3320 σωτηρίας
1015 3237 1144 3324 πολλὴν

203 3337 394 3422 ἐπιμέλειαν
408 3337 631 3422 ποιουμένους
651 3335 708 3403 καί
727 3332 808 3414 τούς
827 3335 1063 3418 ἐνδοξοτάτους
1076 3340 1145 3407 τῶν

202 3440 346 3505 πολιτῶν
363 3436 519 3523 φύλακας
543 3434 660 3505 αύτωυ
677 3433 921 3520 καθιστάντας,
945 3431 995 3518 οἷς
1014 3438 1144 3526 αίσχιόυ

203 3539 293 3606 ἐστιν
301 3539 717 3624 έκείνουςτελεντήσαυτας
727 3534 988 3624 περιιδεῐνῆτάς
998 3537 1144 3620 ἀσπίδας

178 3637 397 3727 τάποβαλεῑν.
412 3635 497 3706 ἀλλά
506 3637 575 3726 μὴν
584 3637 661 3709 οὐδ’
674 3638 786 3707 έκείνά
795 3639 995 3727 σελέληθεν,
1004 3635 1028 3707 ἀ
1035 3642 1142 3729 Ξέρξη
