2859 4334
275 386 336 451 120
557 387 945 470 mmmm)

273 571 379 619 σαντα
394 569 432 617 σε
446 556 598 634 πείθειν,
620 553 651 615 εί
671 553 877 615 δυναστείαν
889 550 997 638 μόνον
1011 555 1066 621 καὶ
1082 557 1247 620 πλοῦτον
1340 585 1341 588 “

273 650 390 735 ἑιόρων
410 651 444 729 ἐξ
465 645 579 716 αὐτόν
599 645 847 733 γενησόμενον·
875 644 1023 736 ἡγοῦμαι
1042 647 1109 736 γάρ
1129 649 1171 718 τά
1193 675 1245 737 γε

272 757 410 818 τοιαῦτα
424 750 479 816 καί
493 753 560 814 νῦν
574 764 628 813 σοι
641 751 745 814 πλείω
760 749 828 812 τόν
842 749 970 815 ίκανοῖν
983 745 1157 836 ὑπάρχειν,
1176 752 1242 818 καὶ

271 844 400 935 πολλὴν
414 843 600 933 ἀπληστίαν
612 850 709 930 ἔχειν,
726 841 818 923 όστις
828 861 1037 931 προαιρεῖται
1048 852 1242 916 κινδυνευ-

272 974 324 1016 ειν
349 939 469 1031 ιιστ’ἦ
493 951 599 1013 ταῦτα
618 950 736 1031 λαβεῖν
756 939 778 1030 ἢ
799 953 1004 1032 στερηθῆναι
1029 955 1088 1035 τῆς
1112 954 1237 1035 ψυχῆς.
1344 934 1345 964 ¹

206 1060 255 1116 134
270 1040 355 1113 ἀλλά
381 1041 447 1130 γάρ
473 1040 515 1111 οῦ
540 1039 625 1130 πρός
645 1039 705 1121 τάς
730 1043 860 1111 τούτων
888 1045 1019 1131 κτήσεις
1040 1043 1239 1134 ἀποβλέψας
1345 1049 1346 1054 ’

271 1151 432 1231 ποιοῦμαι
446 1141 525 1222 τούς
539 1140 662 1231 λόγους
679 1139 755 1212 ἀλλ’
772 1143 927 1229 οἰόμενος
942 1147 978 1212 ἐκ
991 1145 1123 1214 τούτων
1137 1152 1241 1232 μεγί-
1254 1170 1274 1210 ο

270 1264 353 1330 στην
368 1262 422 1311 σοι
442 1243 498 1311 καὶ
512 1249 693 1328 καλλίστην
712 1242 917 1328 γενήσεσθαι
938 1244 1050 1326 δόξαν.
1073 1247 1235 1332 ἐνθυμοῦ

271 1340 305 1411 δ’
322 1341 374 1411 ὅτι
387 1339 425 1411 τό
442 1344 505 1428 μὲν
520 1348 616 1427 σῶμα
633 1337 766 1426 θνητόν
782 1339 927 1421 ἅπαντες
945 1349 1073 1431 ἔχομεν,
1094 1340 1178 1413 κατὰ
1192 1344 1235 1412 δὲ

271 1439 333 1530 τὴν
350 1439 508 1528 εὐλογίαν
530 1442 586 1508 καὶ
605 1438 684 1520 τοῦς
704 1441 863 1520 ἐπαίνους
883 1446 939 1511 καί
957 1441 1020 1531 τὴν
1036 1445 1154 1532 φήμην
1174 1446 1234 1514 καὶ

270 1540 334 1630 τὴν
342 1542 478 1628 μνήμην
488 1537 550 1626 τὴν
558 1547 605 1630 τῷ
614 1539 725 1631 χρόνῳ
735 1551 1135 1627 συμπαρακολουθοῦσαν
1145 1541 1232 1613 ἀθα-

271 1651 389 1721 νασίας
402 1640 719 1728 μεταλαμβάνομευ,
746 1633 786 1727 ἦς
799 1639 895 1722 ἀξιον
910 1641 1134 1731 ὀρεγομένους
1147 1640 1228 1713 καθ’

205 1760 254 1817 135
272 1743 356 1814 ὅσον
370 1737 476 1811 οἷοίτ’
490 1740 590 1827 ἐσμὲν
600 1738 718 1812 ὁτιοῦν
728 1740 878 1827 πάσχειν.
902 1746 986 1823 ἴδοις
999 1741 1030 1811 δ’
1042 1739 1087 1812 ἀν
1097 1747 1152 1814 καὶ
1162 1751 1233 1813 τόν

271 1848 414 1914 ίδιατιῦν
427 1838 507 1918 τοῦς
521 1840 788 1920 ἐπιεικεστάτους
799 1836 885 1927 ὑπὲρ
900 1838 1006 1910 ἀλλον
1016 1842 1080 1929 μὲν
1091 1840 1233 1922 οὐδενός

271 1938 316 2011 ἀν
329 1939 367 2009 τό
383 1945 442 2026 ζῆν
463 1935 867 2026 ἀντικαταλλαξαμίνους,
889 1937 974 2028 ὑπὲρ
989 1944 1025 2010 δὲ
1041 1949 1102 2010 τοῦ
1115 1949 1262 2030 τυχείνδ

271 2046 374 2127 καλῆς
387 2037 486 2125 δόξης
499 2035 732 2125 ἀποθνήσκειν
747 2040 784 2106 ίν
794 2051 863 2118 τοις
873 2043 1030 2127 πολέμοις
1039 2043 1232 2128 Ιἐθέλοντας,

271 2140 357 2220 ὅλως
373 2142 408 2209 δὲ
422 2136 502 2219 τούς
515 2139 579 2227 μὲν
593 2147 688 2228 τιμῆς
703 2142 955 2227 ἐπιθυμοῦντας
970 2138 1022 2210 ἀεὶ
1032 2149 1181 2229 μείζονος
1191 2134 1232 2228 ἧς

273 2249 409 2328 ἔχουσιν
431 2237 499 2308 ῦπδ
523 2238 661 2308 πάντων
682 2240 965 2327 ἐπαινουμένους,
990 2239 1070 2320 τούς
1090 2244 1126 2310 δὲ
1147 2238 1232 2324 πρός

271 2341 354 2411 ἀλλο
364 2366 397 2408 τι
406 2344 474 2406 τῶν
485 2335 595 2406 όντων
604 2335 781 2425 ἀπλήστως
792 2339 1023 2423 διακειμένους
1033 2337 1232 2426 ἀκρατεστά-

207 2460 254 2514 136
272 2467 354 2526 ρους
364 2440 419 2509 καί
431 2440 662 2525 φαυλοτέρους
673 2436 760 2506 εἶναι
770 2441 964 2517 δοκοῦντας.
982 2434 1018 2505 τό
1030 2437 1065 2506 δὲ
1074 2443 1231 2525 μέγιστον

271 2547 340 2610 τόν
361 2542 564 2627 εἰρημένων,
589 2535 641 2606 ὅτι
661 2543 839 2627 συμβαίνει
859 2545 920 2606 τοῦ
934 2537 997 2625 μὲν
1012 2537 1163 2607 πλούτου
1176 2542 1232 2607 καὶ

272 2648 340 2708 τοῖν
360 2642 570 2706 δυναστειῶν
589 2635 751 2716 πολλάκις
764 2633 844 2716 τοῦς
864 2633 1010 2723 ίχθρούς
1024 2642 1163 2724 κυρίους
1176 2641 1260 2723 γί-ε

272 2748 427 2826 γνεσθαι,
438 2744 497 2825 τῆς
508 2735 541 2805 δ’
555 2733 690 2816 εὐνοίας
700 2743 759 2823 τῆς
770 2733 861 2820 παρά
872 2743 941 2804 τῶν
951 2743 1087 2805 πολλῶν
1097 2738 1153 2804 καί
1162 2742 1231 2803 τῶν

273 2838 385 2908 ἀλλων
398 2843 468 2906 τόν
481 2841 736 2925 προειρημένων
746 2837 891 2922 μηδένας
901 2833 1025 2913 ἀλλους
1036 2839 1231 2903 καταλείπε-

272 2947 354 3006 σθαι
382 2937 613 3022 κληρονόμους
639 2933 729 3022 πλὴν
755 2932 835 3014 τούς
861 2937 893 3016 ἐξ
917 2931 1015 3021 ἡμῶν
1038 2933 1229 3022 γεγονότας.

274 3031 353 3102 ὥστ’
363 3031 559 3124 ᾐσχυνόμην
566 3029 621 3118 ἀν,
634 3039 665 3103 εί
673 3031 718 3121 μὴ
728 3033 860 3102 τούτων
871 3035 968 3101 ἕνεκα
979 3032 1232 3120 συνεβούλευον

273 3135 329 3202 καὶ
342 3132 405 3220 την
421 3138 597 3219 στρατείαν
611 3141 783 3201 ποιεῖσθαι
798 3130 925 3219 ταύτην
938 3135 993 3200 καὶ
1007 3139 1166 3219 πολεμεῖν
1177 3131 1232 3197 καὶ
1250 3142 1303 3197 110

273 3233 498 3303 κινδυνεύειν.

206 3349 253 3406 131
358 3331 446 3421 (νζ.)
464 3326 564 3400 Οὕτω
579 3327 610 3396 δ’
624 3328 743 3412 ἀριστα
754 3328 934 3418 βουλεύσει
944 3330 1021 3414 περὶ
1031 3327 1172 3413 τοῦτον,
1186 3321 1232 3414 ἢν

273 3431 444 3520 ὑπολάβης
457 3429 503 3517 μη
519 3428 628 3516 μόνον
645 3427 705 3497 τόν
723 3428 827 3516 λόγον
835 3428 958 3496 τοῦτόν
971 3447 1010 3496 σε
1025 3435 1232 3515 παρακαλεῖν

273 3526 357 3599 αλλά
367 3530 422 3597 καὶ
431 3524 512 3607 τούς
520 3525 711 3613 προγόνους
723 3529 778 3594 καὶ
787 3525 849 3613 την
859 3532 928 3594 τῶν
934 3525 1118 3614 βαρβάρων
1124 3523 1232 3596 ἀναν-

272 3634 370 3711 δρίαν
381 3627 437 3696 καὶ
445 3622 525 3702 τοῦς
537 3621 826 3710 ὀνομαστοτάτους
836 3629 1040 3710 γενομένους
1047 3626 1102 3692 καὶ
1109 3625 1231 3704 δόξαν·
