2859 4334
286 328 344 392 186
560 332 740 390 ΙΣΟΚΡΑ
751 333 807 391 ΤΟ
817 335 877 390 ΤΣ
893 341 954 400 (λδ)

282 511 359 575 σας,
381 490 399 558 ὃ
421 500 488 559 τῶν
503 490 812 577 εύδαιμονεστάτων
831 496 932 576 ἔργον
949 494 1031 577 ἐστὶ,
1051 502 1181 579 φαῦλος
1197 493 1230 562 δ’

281 586 390 667 οὐδεὶς
404 585 448 657 άν
469 590 656 676 ποιήσειεν,
680 586 722 657 οὐ
742 591 849 675 μόνον
875 593 954 670 τούς
978 589 1262 679 άνταγωνιστάςδ

233 701 266 753 34
284 684 366 757 άλλά
378 691 432 757 καλ
443 686 521 767 τούς
532 688 664 757 πῶποτε
675 691 875 775 νικήσαντας
885 688 1115 781 ὑπερεβάλετο.
1130 694 1232 779 ζεύγη

281 785 346 873 γάρ
360 794 487 873 καθῆκε
505 794 648 855 τοσαῦτα
663 792 725 875 μὲν
740 787 800 854 τὸν
814 785 973 875 άριθμδν,
994 789 1086 869 ὅσοις
1102 789 1178 858 οὐδ’
1189 797 1234 858 αι’

281 889 430 972 μέγισται
455 896 522 956 τῶν
548 888 680 955 πόλεων
702 885 926 974 ήγωνίσαντο,
954 897 1090 959 τοιαῦτα
1117 892 1153 957 δὲ
1168 889 1226 977 τήν

282 985 405 1073 ἀρετήν
427 986 509 1055 ῶστε
530 989 583 1055 καὶ
608 995 738 1072 πρῶτος
759 989 813 1055 καὶ
829 988 983 1072 δεύτερος
1000 991 1159 1074 γενέσθαι
1174 991 1233 1055 καὶ

282 1093 398 1167 τρίτος.
419 1089 518 1174 χωρὶς
536 1088 572 1155 δὲ
587 1088 719 1154 τούτων
733 1089 770 1154 ἐν
785 1101 855 1167 ταῖς
869 1095 1004 1166 θυσίαις
1020 1089 1075 1157 καὶ
1091 1101 1162 1165 ταῖς
1173 1086 1232 1157 άλ-

282 1193 354 1263 λαις
371 1201 441 1265 ταῖς
464 1190 539 1270 περὶ
561 1184 622 1272 τήν
646 1184 764 1272 ἑορτήν
787 1187 951 1265 δαπάναις
966 1185 1071 1265 οὕτως
1085 1184 1234 1273 άφειδῶς

283 1288 420 1353 διέκειτο
437 1288 491 1354 καὶ
505 1293 766 1372 μεγαλοπρεπῶς
781 1284 866 1353 ῶστε
884 1293 1066 1372 φαίνεσθαι
1081 1284 1121 1354 τά
1130 1286 1232 1354 κοινά
1247 1331 1252 1345 ·

268 1381 321 1453 ,τά
337 1392 405 1452 τῶν
418 1384 531 1455 ἄλλων
548 1386 671 1454 ἐλάττω
688 1393 756 1452 τῶν
776 1390 872 1453 ἰδίων
884 1393 952 1453 τῶν
973 1389 1112 1455 ἐκείνου.
1136 1382 1232 1454 κατέ·

281 1491 361 1551 λυσε
375 1485 411 1551 δὲ
426 1482 487 1571 τήν
503 1493 663 1570 θεωρίαν,
675 1483 735 1563 τάς
745 1488 806 1571 μὲν
816 1491 885 1551 τῶν
896 1489 1067 1570 προτέρων
1077 1481 1232 1571 εὐτυχίας

280 1580 400 1667 μικράς
420 1580 503 1667 πρὸς
525 1582 583 1661 τάς
604 1581 710 1651 αὐτοῦ
732 1583 825 1663 δόξαι
845 1583 1001 1670 ποιήσας,
1026 1582 1106 1664 τούς
1122 1581 1154 1651 δ’
1171 1588 1187 1653 ἐ
1218 1582 1228 1608 ’

281 1679 387 1748 αὑτοῦ
402 1682 602 1768 νικήσαντας
618 1683 749 1760 παύσας
765 1685 998 1769 ζηλουμένους,
1013 1698 1081 1762 τοῖς
1096 1684 1132 1752 δὲ
1147 1687 1232 1770 με’λ-
1248 1710 1301 1765 354

281 1790 398 1850 λουσιν
413 1786 634 1870 ἱπποτροφεῖν
648 1781 809 1868 οὐδεμίαν
820 1779 1011 1869 ὑπερβολήν
1023 1784 1228 1852 καταλιπων.
1362 1785 1363 1792 '

232 1886 265 1939 ³5
282 1882 357 1964 περὶ
378 1884 414 1949 δὲ
436 1888 503 1948 τῶν
524 1882 648 1949 ἐνθάδε
669 1886 836 1967 χορηγιῶν
869 1882 924 1947 καὶ
952 1884 1229 1967 γυμνασιαρχιῶυ

283 1984 337 2049 καλ
349 1989 572 2069 τριηραρχιῶν
584 1982 781 2066 αἰσχύνομαι
793 1982 917 2065 λέγειν·
939 1988 1101 2049 τοσούτου
1114 1982 1180 2069 γάρ
1191 1986 1231 2049 εὐ

282 2095 348 2159 τοῖς
363 2079 476 2159 άλλοις
491 2081 679 2166 διήνεγκεν,
695 2075 780 2146 (ὅσθ’
798 2082 831 2146 οἱ
843 2077 905 2163 μὲν
916 2080 1131 2163 ἐνδεεστέρως
1142 2083 1231 2150 ἐκεί-

282 2207 346 2247 νου
368 2179 655 2269 λητουργήσαντες
680 2180 716 2245 ἐκ
730 2176 860 2244 τούτων
881 2185 967 2262 σφοῖς
981 2176 1105 2259 αὐτούς
1121 2182 1230 2266 ἐγκω-

280 2278 465 2362 μιάζουσιν,
481 2274 566 2363 ὑπὲρ
578 2279 708 2344 ἐκείνου
719 2271 750 2342 δ’
766 2285 853 2354 εἴτις
867 2277 922 2342 καὶ
936 2283 1004 2343 τῶν
1020 2278 1230 2364 τηλικούτων

230 2426 231 2429 ,
280 2376 379 2461 χάριν
394 2373 566 2461 άπαιτοίη,
593 2376 669 2456 περὶ
688 2382 817 2459 μικρῶν
834 2370 878 2441 άν
893 2373 998 2455 δόξειε
1012 2373 1091 2455 τούς
1105 2378 1231 2462 λόγους

279 2485 456 2542 ποιεῖσθαι.

236 2594 272 2650 ³8
355 2578 432 2670 (ιε’.)
446 2580 539 2666 Πρὸς
549 2578 587 2648 δὲ
596 2577 657 2664 τήν
671 2584 855 2664 πολιτείαν,
868 2571 949 2643 οὐδὲ
963 2574 1029 2659 γὰρ
1041 2576 1143 2641 τούτο
1155 2586 1256 2641 πα-λ)

268 2683 486 2773 »ραλειπτὲον,
495 2678 607 2765 ῶσπερ
615 2675 692 2748 οὐδ’
702 2682 828 2757 ἐκεῖνος
836 2670 938 2764 αὐτῆς
951 2672 1130 2765 ήμέλησεν,
1138 2673 1224 2744 ἀλλὰ

278 2786 426 2873 τοσούτω
442 2790 511 2850 τῶν
526 2778 659 2868 μάλιστ’
678 2777 972 2866 εὐδοκιμησάντων
988 2774 1135 2865 άμείνων
1150 2791 1225 2861 περὶ

268 2880 460 2967 Ιτὸν-δήμου
475 2884 632 2966 γε’γονεν,
654 2878 737 2947 ὅσον
752 2876 831 2957 τούς
849 2879 912 2964 μὲν
925 2876 1048 2957 άλλονς
1063 2875 1224 2965 εὑρήσεθ’

236 3059 237 3063 ¹
278 2980 362 3064 ὑπὲρ
389 2978 502 3049 αὑτῶν
522 2980 779 3063 στασιάσαντας,
808 2980 936 3046 ἐκεῖνον
962 2975 994 3044 δ’
1023 2976 1108 3061 ὑπὲρ
1131 2976 1227 3062 ὑμῶν

278 3079 530 3149 κινδυνεύοντα.
554 3077 596 3148 οὐ
616 3076 680 3164 γάρ
703 3075 974 3163 άπελαυνόμενος
994 3073 1060 3145 άπδ
1082 3083 1139 3163 τής
1155 3074 1224 3144 ὀλι-

277 3189 414 3270 γαρχίας
437 3177 521 3249 άλλά
549 3178 847 3264 παρακαλούμενος
875 3169 920 3264 ήν
945 3177 1139 3262 δημοτικός·
1171 3181 1226 3244 καὶ

279 3281 439 3359 πολλάκις
458 3280 681 3366 ἐκγενόμενον
702 3274 793 3365 αὐτῶ
814 3273 859 3362 μή
883 3274 990 3363 μόνον
1011 3273 1084 3361 μετ’
1103 3273 1227 3362 ὀλίγων

279 3390 346 3449 τῶν
370 3378 482 3449 άλλων
502 3377 617 3465 άρχειν
640 3374 723 3446 άλλά
751 3380 805 3443 καὶ
833 3375 963 3443 τούτων
988 3372 1100 3443 αὐτῶν
1125 3379 1228 3444 πλέον

268 3488 375 3569 γέχειν,
391 3477 454 3547 οὐκ
467 3473 719 3564 ἠθέλησεν,άλλ’
739 3472 844 3544 εἵλεθ’
865 3472 930 3541 ὑπὸ
946 3481 1003 3560 τῆς
1013 3475 1141 3553 πόλεως
1152 3471 1254 3544 ἄδι-ε

232 3595 261 3647 37
279 3587 558 3666 κηθήναιμάλλου
569 3574 590 3664 ή
601 3579 663 3664 τήν
674 3581 845 3644 πολιτείαν
855 3578 1050 3655 προδοῦναι.
1063 3577 1117 3642 καὶ
1129 3581 1224 3642 ταῦθ’
