2859 4334
314 375 356 437 92
600 380 914 439 ιΣολΡΑΤουΣ
933 386 994 447 (ιι)

269 552 302 605 2³
315 544 350 605 οἲ
361 542 468 624 μηδὲν
482 548 549 606 τῶν
563 537 677 606 αὐτῶν
692 553 761 617 τοῖς
776 536 888 615 ἄλλοις
901 540 1159 623 γιγνώσκουσιν.
1178 540 1263 626 οἶμαι
1340 538 1342 629 ί

315 634 381 723 γὰρ
399 637 503 707 άκασι
528 637 679 724 φανερὸν
703 636 805 720 εἶναι,
831 641 914 704 διότι
938 641 1099 726 προσήκει
1126 640 1205 718 τοῦς
1227 634 1262 707 εύ
1277 656 1315 709 σοι
1340 676 1342 711 ι

316 745 528 823 φρονοῦντας
543 742 580 806 ἐν
593 739 655 826 μὲν
666 744 711 824 τῷ
725 739 857 827 πολέμῳ
867 753 1016 823 σκοπεῖν,
1032 737 1122 818 ὅπως
1134 742 1170 807 ἐκ
1181 765 1263 806 παν·
1283 792 1285 799 1

316 831 371 913 τὰς
386 836 513 920 τρόπον
529 838 631 905 πλέον
646 838 758 917 ἕξουσι
772 843 839 903 τῶν
856 838 999 921 ἐχθρῶν,
1017 838 1154 904 ἐπειδάν
1171 836 1202 904 δ’
1219 845 1262 904 εί-

316 935 403 1020 ρήνη
420 940 565 1025 γίνηται,
580 936 684 1024 μηδὲν
695 939 770 1019 περὶ
786 945 938 1014 πλείονος
948 947 1117 1004 ποιεῖσθαι
1129 944 1197 1003 τῶν
1207 937 1263 1019 ὄρ-

268 1045 303 1097 24
317 1059 387 1102 κων
402 1043 456 1105 καί
468 1046 536 1105 τῶν
546 1044 739 1125 συνθηκῶν.
763 1028 856 1103 οῦτοι
870 1037 905 1102 δὲ
917 1036 990 1103 τότε
1002 1038 1064 1121 μὲν
1075 1039 1111 1103 ἐν
1124 1035 1263 1114 άπάσαις

316 1148 387 1213 ταῖς
401 1145 589 1224 πρεσβείαις
603 1136 688 1220 ὑπὲρ
702 1146 761 1221 της
775 1138 968 1219 ἐλευθερίας
983 1138 1037 1201 καὶ
1052 1143 1109 1220 της
1125 1134 1263 1201 αὐτονο-

316 1243 392 1320 μίας
417 1239 591 1304 ἐποιοῦντο
613 1234 692 1314 τοῦς
716 1237 853 1320 λόγους·
883 1235 995 1321 ἐπειδη
1018 1239 1053 1302 δὲ
1075 1242 1263 1321 νομίζουσιν

317 1331 429 1414 αὑτοῖς
443 1334 561 1405 ἄδειαν
579 1344 799 1423 γεγενῆσθαι,
823 1337 959 1402 πάντων
974 1344 1042 1402 τῶν
1056 1334 1169 1404 ἄλλων
1186 1334 1285 1421 άμε-ιι

317 1434 475 1519 λήσοντες
490 1433 575 1518 ὑπὲρ
592 1443 660 1503 τῶν
676 1441 771 1503 ίδίων
786 1439 917 1520 κερδῶν
929 1439 982 1501 καὶ
997 1442 1054 1521 της
1066 1433 1179 1503 αὑτῶν
1193 1444 1263 1524 βίας

268 1548 302 1598 λό
317 1535 426 1617 λέγειν
440 1542 594 1619 τολμῶσι,
611 1537 665 1603 καί
680 1538 762 1620 φασὶ
777 1532 813 1601 τὸ
830 1542 999 1622 Θηβαίους
1011 1540 1096 1619 ἔχειν
1110 1533 1173 1617 τὴν
1185 1545 1262 1622 ημε-

317 1633 427 1714 τέραν,
447 1639 545 1700 τοῦτο
562 1638 738 1720 συμφέρον
754 1632 837 1702 εἶναι
854 1650 921 1713 τοῖς
936 1637 1138 1721 συμμάχοις,
1156 1644 1263 1713 κακῶς

317 1726 457 1810 εἰδότες,
471 1724 516 1804 ῶς
531 1723 606 1793 οὐδ’
623 1722 741 1803 αὐτοῖς
754 1740 824 1804 τοῖς
831 1728 921 1810 παρὰ
929 1726 966 1793 τῦ
975 1731 1108 1794 δίκαιον
1118 1737 1259 1796 πλεονε-

316 1830 454 1896 κτοῦσιν
462 1826 683 1895 ούδὲπιάποτε
689 1826 908 1914 συνήνεγκεν,
921 1825 1006 1895 άλλδι
1021 1830 1141 1896 πολλοὶ
1151 1828 1193 1915 δὴ
1201 1835 1258 1915 τῆς

316 1929 493 2015 ἀλλοτρίας
518 1922 645 2007 άδίκως
670 1927 936 2024 ἐπιθυμήσαντες
964 1930 1041 2015 περὶ
1066 1930 1124 2015 τῆς
1145 1928 1259 1998 αῦτῶν

317 2036 453 2109 δικαίως
471 2037 520 2108 είς
534 2026 615 2107 τούς
632 2036 811 2115 μεγίστους
835 2028 1016 2109 κινδύνους
1039 2030 1258 2118 κατέστησαν.

266 2146 299 2200 ’λθ
399 2129 483 2214 (ια’.)
503 2127 598 2197 Ἀλλά
615 2128 766 2218 μὴνοῦδ
785 2131 892 2199 ἐκεδνό
907 2130 941 2217 γ’
959 2134 1070 2210 ἕξουσι
1087 2134 1208 2217 λέγειν,
1222 2132 1262 2211 ῶς

315 2228 410 2297 αὐτοὶ
426 2236 499 2316 μὲν,
516 2229 594 2316 μεθ’
614 2224 663 2297 ῶν
678 2228 722 2299 άν
740 2236 913 2317 γένωνται,
931 2235 1040 2299 πιστοί
1053 2235 1283 2301 διατελοῦσινι·
1340 2254 1341 2261 ’

314 2328 419 2413 ὄντες,
434 2328 520 2416 ἡμᾶς
537 2329 568 2397 δ’
586 2330 681 2411 ἄξιον
697 2339 889 2417 φοβεῖσθαι,
906 2332 950 2417 μη
970 2333 1191 2418 κομισάμενοι
1205 2334 1263 2418 την

315 2428 429 2511 χάραν
451 2427 536 2510 πρὸς
557 2435 841 2515 Λακεδαιμονίους
865 2428 1078 2517 άποστῶμεν·
1109 2432 1262 2520 εὑρήσετε

315 2528 380 2614 γάρ
393 2525 479 2615 ἡμᾶς
500 2533 562 2614 μὲν
582 2533 631 2607 δὶς
646 2532 1013 2617 ἐκπεπολιορκημένους
1031 2530 1116 2617 ὑπὲρ
1133 2542 1191 2619 τῆς
1208 2560 1263 2618 φι-

316 2635 387 2705 λίας
402 2634 459 2714 τῆς
473 2624 648 2714 ὑμετέρας,
671 2629 813 2707 τούτους
839 2631 874 2696 δὲ
896 2631 1054 2710 πολλάκις
1076 2638 1121 2709 είς
1142 2634 1263 2717 ταύτην
1339 2656 1340 2671 ’

266 2746 300 2800 27
315 2725 378 2813 την
393 2726 492 2794 πόλιν
506 2728 778 2812 ἐξημαρτηκότας.
803 2729 889 2815 (ιβ’.)
904 2733 966 2796 Καὶ
982 2729 1040 2807 τάς
1051 2732 1116 2815 μὲν
1124 2728 1263 2807 παλαιάς

315 2828 496 2908 προδοσίας
510 2824 598 2892 πολύ
619 2822 662 2892 ἂν
683 2833 784 2911 ἔργον
806 2837 856 2913 εἴη
879 2832 1003 2911 λέγειν’
1027 2834 1215 2915 γενομένου
1231 2831 1263 2895 δὲ

315 2930 376 2989 τοῦ
388 2930 621 3004 Κορινθιακοῦ
634 2927 782 3011 πολέμου
795 2925 849 2993 διὰ
861 2924 923 3012 τὴν
937 2926 1039 3013 ὕβριν
1050 2925 1112 3013 την
1125 2930 1264 3011 τούτων,

316 3026 370 3090 καὶ
385 3028 658 3109 Λακεδαιμονίων
681 3027 744 3110 μὲν
766 3023 819 3093 ἐπ’
842 3025 965 3104 αύτούς
979 3028 1263 3111 στρατευσάντων,

315 3121 358 3189 δι’
376 3121 462 3208 ὑμᾶς
473 3123 509 3190 δὲ
521 3129 687 3204 σωθέντες
708 3123 769 3211 ούχ
780 3124 870 3204 ὅπως
886 3126 1017 3193 τούτων
1034 3127 1134 3212 χάριν
1144 3126 1285 3197 ἀπέδυ(1

315 3242 390 3305 σαν,
408 3218 481 3287 ἀλλ’
501 3221 613 3310 ἐπειδὴ
635 3229 810 3299 θιελύεσθι
835 3223 896 3292 τὸν
907 3226 1065 3310 πόλεμον,
1081 3224 1264 3295 ἀπολιπόν-

314 3345 367 3397 τες
378 3316 465 3404 ῦμᾶς
483 3327 528 3397 είς
539 3319 601 3407 τὴν
612 3330 887 3409 Λακεδαιμονίων
899 3330 1087 3410 συμμαχίαν
1096 3330 1262 3410 εἰσῆλθον.

268 3444 301 3495 28
315 3420 369 3485 καὶ
385 3424 461 3486 Χῖοι
476 3419 538 3503 μὲν
554 3424 609 3487 καὶ
620 3429 845 3508 Μυτιληναῖοι
858 3427 913 3491 καὶ
925 3425 1100 3505 Βυζάντιοι
1111 3446 1264 3511 συμπαρ-

317 3541 463 3600 εμειναν,
481 3508 576 3585 οῦτοι
598 3521 634 3585 δὲ
656 3522 859 3607 τηλικαύτην
882 3522 983 3590 πόλιν
999 3527 1172 3602 οἰκοῦντες
1187 3522 1264 3591 οῦδὲ

315 3613 452 3693 κοινούς
466 3626 555 3700 σφοῖς
571 3616 696 3699 αῦτοῦς
712 3636 895 3708 παρασχεῖν
911 3621 1108 3707 ἐτόλμησαν,
1121 3619 1196 3695 ἀλλ’
1221 3631 1263 3701 είς
1337 3658 1338 3699 ι
