2859 4334
294 396 354 461 110
573 401 968 473 εΣοιΡΑΤουΣαο)

292 562 425 644 τρέπειν
443 557 495 627 ἐπ’
514 557 636 646 ἀρετήν
651 562 707 627 καὶ
718 557 797 638 τούς
808 558 892 644 ὑπὲρ
906 570 963 648 της
977 563 1105 642 πόλεως
1123 568 1242 631 κινδυ-

292 684 385 743 νους,
402 652 424 744 ή
438 662 574 736 δικαίως
581 652 627 724 δν
637 662 758 724 δοῦναι
773 662 870 742 δίκην
880 657 966 743 ὑπὲρ
977 667 1046 727 τῶν
1057 669 1274 748 είρημένωνδ
1333 742 1334 763 3

243 874 275 929 σι
292 876 385 942 στην,
400 854 438 935 ὃς
452 854 559 934 οὕτως
573 857 800 941 έγκεκωμίακα
815 853 876 942 τήν
891 858 991 925 πόλιν
1003 860 1057 925 καὶ
1067 858 1146 937 τούς
1157 884 1242 943 προ-

291 954 414 1040 γόνους
429 957 483 1022 καδ
496 952 576 1033 τούς
589 954 771 1032 κινδύνους
788 952 867 1033 τοὺς
881 957 918 1023 έν
934 957 1073 1035 ἐκείνοις
1083 971 1152 1035 τοῖς
1161 957 1242 1043 χρό-

292 1078 361 1131 νοις
371 1054 625 1139 γεγενημένονς,
642 1050 726 1119 ὥστε
737 1054 816 1130 τούς
826 1079 861 1120 τε
872 1054 1038 1139 πρότερον
1048 1053 1243 1140 γράψαντας
1335 1019 1336 1091 ί

290 1154 366 1234 περὶ
381 1149 444 1238 τήν
457 1150 626 1219 ὑπόθεσιν
642 1153 769 1236 ταύτην
783 1149 933 1230 ἅπαντας
944 1150 1146 1239 ἠφανικέναι
1164 1152 1244 1232 τοὺς

292 1251 425 1335 λόγους,
442 1252 703 1336 αἰσχυνομένους
726 1248 811 1334 ὑπὲρ
828 1257 895 1317 τῶν
918 1256 1103 1337 εἰρημένων
1118 1251 1243 1339 αὑτοῖς,
1336 1249 1337 1307 ί

291 1350 371 1426 τούς
386 1374 420 1415 τε
437 1356 503 1415 νυν
519 1348 715 1427 δοκοῦντας
726 1348 809 1417 εἶναι
832 1349 965 1429 δεινοὺς
985 1349 1029 1438 μή
1049 1360 1178 1437 τολμᾶν
1194 1360 1270 1421 έτιε

291 1451 401 1534 λέγειν
409 1450 484 1531 περὶ
496 1450 623 1516 τούτων
634 1447 718 1517 ἀλλὰ
730 1452 1006 1534 καταμέμφεσθαι
1022 1448 1084 1537 τήν
1096 1451 1245 1537 δύναμιν
1337 1478 1338 1509 ι

292 1546 355 1633 τήν
370 1547 536 1632 σφετέραν
551 1544 671 1614 αὐτῶν.

244 1660 280 1715 62
379 1643 471 1732 (κγ’.)
492 1642 577 1713 Ἀλλ’
597 1645 702 1731 ὅμως,
717 1645 848 1712 τούτων
863 1644 970 1726 οὕτως
991 1648 1152 1732 ἑχόντων,
1175 1675 1246 1733 φα·
1338 1707 1339 1733 ,

292 1745 454 1832 νήσουταί
473 1770 562 1822 τινες
585 1751 654 1811 τῶν
681 1742 793 1827 εὑρεῖν
823 1746 885 1829 μέν
911 1744 1013 1814 οὐδὲν
1037 1745 1113 1814 οὐδ’
1137 1754 1246 1815 εἰπεῖν

292 1844 387 1925 ἄξιον
404 1844 511 1930 λόγου
526 1848 736 1929 δυναμένων,
753 1846 906 1929 ἐπιτιμᾶν
927 1847 964 1913 δέ
978 1850 1033 1913 καὶ
1046 1854 1246 1933 βασκαίνειν
1281 1879 1283 1883 ·

291 1943 330 2012 τὰ
346 1951 413 2012 των
435 1942 546 2011 ἄλλων
563 1944 849 2029 μεμελετηκότων,
873 1950 907 2011 οἳ
926 1947 1105 2030 χαριέντως
1120 1948 1182 2031 μέν
1198 1952 1249 2014 εί·
1262 1962 1309 2014 33³
1339 1937 1340 1965 ¹

292 2051 417 2129 ρησδαι
441 2049 543 2109 ταῦτα
566 2042 730 2129 φήσουσι,
750 2041 787 2110 τό
803 2040 868 2127 γὰρ
884 2035 923 2110 εὖ
941 2046 1179 2131 φθονήσουσιν
1196 2052 1247 2112 εί-

292 2157 384 2225 πεῑν,
406 2138 493 2208 πολὺ
513 2144 626 2227 μέντοι
646 2144 914 2227 χρησιμωτέρους
933 2139 1018 2209 εἶναι
1041 2150 1109 2209 τοῖν
1130 2140 1246 2227 λόγων
1340 2168 1341 2171 ’

291 2243 346 2309 καὶ
361 2246 530 2325 κρείττους
550 2236 629 2316 τούς
650 2240 907 2326 ἐπιπλήττοντας
923 2256 991 2319 τοῖς
1013 2249 1078 2309 νῦν
1093 2240 1246 2328 ἁμαρτα-

292 2341 444 2427 νομένοις
458 2336 480 2426 ή
495 2336 574 2417 τούς
588 2337 627 2405 τὰ
645 2343 860 2426 πεπραγμένα
881 2339 1046 2425 πρότερον
1061 2344 1245 2409 ἐπαινοῦν-

292 2468 359 2523 τας,
375 2443 429 2507 καί
444 2438 523 2517 τούς
537 2436 622 2522 ὑπὲρ
641 2431 690 2506 οἷν
705 2445 758 2523 δεῖ
776 2439 934 2521 πράττειν
948 2440 1246 2525 συμβουλεύοντας

244 2555 277 2609 fia
293 2538 314 2630 ή
330 2538 408 2618 τούς
423 2538 463 2607 τὰ
480 2537 603 2608 παλαιὰ
626 2545 695 2605 τῶν
716 2544 824 2622 έργων
848 2536 1038 2618 διεξιόντας.
1074 2538 1138 2616 (κδ
1141 2556 1163 2615 .)
1179 2536 1244 2607 Ἵν’
1323 2614 1327 2633 ¹

294 2633 358 2708 οὖν
373 2639 455 2727 μηδὲ
470 2636 563 2707 ταῦτ’
580 2645 698 2723 ἔχωσιν
715 2644 829 2720 εἰπεῖν,
843 2635 1009 2722 ἀφέμενος
1022 2644 1084 2703 τοῦ
1101 2644 1246 2723 βοηθεῖν

293 2754 361 2817 τοῖς
371 2739 759 2824 είρημένοιςπειροέσομαι
770 2740 870 2823 μέρος
879 2740 993 2821 ἑτέρου
1004 2737 1110 2821 λόγου
1121 2742 1246 2804 τοσοῦ·
1262 2746 1278 2798 b

293 2865 363 2920 τον,
376 2836 458 2905 ὅσον
478 2864 539 2921 περ
554 2836 648 2922 ἄρτι,
665 2842 813 2903 διελθεῖν
830 2833 927 2919 ὑμῖν,
947 2825 1026 2919 ένῷ
1050 2835 1246 2921 φανήσομαι

293 2938 512 3024 περὶτούτων
535 2935 694 3004 ἁπάντων
716 2933 843 3019 πολλὴν
858 2937 1046 3019 ἐπιμέλειαν
1061 2934 1246 3019 πεποιημέ-

294 3065 360 3119 νος.
376 3039 489 3107 ἔστιδὲ
502 3037 540 3105 τὰ
554 3040 616 3124 μὲν
627 3041 665 3106 έν
676 3034 760 3126 ἀρχή
775 3037 937 3121 λεγόμενα
951 3039 1026 3121 περὶ
1040 3044 1098 3121 τῆς
1110 3038 1246 3122 εἰρήνης

246 3168 279 3221 ςι
294 3148 351 3227 τῆς
365 3136 449 3222 πρὸς
459 3147 562 3216 Χίους
572 3135 776 3213 καὶῬοδίους
786 3139 840 3203 καὶ
851 3140 1064 3219 Βυζαντίους,
1081 3138 1245 3215 ἐπιδείξας

294 3238 327 3308 δ’
344 3238 388 3318 ὡς
405 3243 567 3324 συμφέρει
589 3245 629 3325 τη
649 3237 744 3303 πόλει
762 3236 986 3303 διαλύσασθαι
1007 3233 1067 3299 τόν
1083 3234 1244 3319 πόλεμον,

294 3345 466 3425 κατηγορῶ
483 3345 539 3423 τῆς
554 3341 751 3413 δυναστείας
765 3341 822 3419 τῆς
836 3336 874 3401 έν
889 3347 957 3411 τοῖς
965 3330 1098 3418 Ἕλλησι
1112 3336 1167 3400 καὶ
1187 3339 1244 3418 τῆς

293 3428 1237 3524 δρχήςτήςκατᾶθοέλατταν,ἄποφαίνωυαύτήνούδένδια

295 3538 466 3619 φέρουσαν
475 3530 628 3609 οὕτεταῖς
639 3533 799 3615 πράξεσιν
812 3530 888 3598 οὔτε
900 3545 967 3604 τοῖς
974 3530 1099 3597 πάθεσι
1107 3538 1244 3615 τωνμο-
1256 3554 1272 3590 ο

296 3640 450 3717 ναρχιοίν·
469 3630 711 3716 ἀναμιμνήσκω
727 3632 761 3697 δὲ
774 3629 877 3697 καὶτὰ
889 3630 1062 3716 συμβάντα
1074 3626 1120 3697 δι’
1137 3625 1242 3713 αὐτήν
