2859 4334
501 389 766 452 01111111105.
1057 385 1116 452 lll

162 559 289 639 λέγουσι
309 546 439 639 δωρεάς
457 544 479 636 ἢ
494 547 558 635 τήν
571 553 618 627 είς
634 544 713 626 τούς
727 547 930 632 στρατιώτας
945 556 1118 634 μισθοφο-

126 668 146 723 λ
163 651 234 738 ράν.
253 653 306 718 καλ
316 648 385 736 μὴν
396 653 426 717 εί
438 653 666 734 βουληθεῖμεν
678 643 828 727 ἐξετάσαι
841 647 897 715 ιιαλ
910 653 1119 736 παραβαλεῖν

162 755 201 820 σε’
214 775 248 818 τε
259 746 319 816 τὸν
332 756 399 816 νῦν
410 745 624 834 ἡγησόμενον
640 753 698 833 τῆς
711 753 884 830 στρατείας
898 747 952 816 καί
971 755 1117 836 βουλευ-
1132 774 1148 815 ε

161 850 301 937 σύμενον
321 851 397 932 περὶ
417 844 578 915 ἁπάντων
598 847 654 915 καὶ
667 847 842 932 Κλέαρχον
863 843 924 916 τὸν
941 846 1117 936 ἐπιστατή-

160 971 261 1018 σαντα
273 953 342 1015 των
356 946 431 1016 τότε
452 946 675 1034 πραγμάτων,
699 942 887 1034 εὑρήσομεν
904 947 1033 1016 ἐκείνου
1053 944 1116 1033 μὲν

159 1047 314 1135 οὐδεμιᾶς
329 1045 463 1116 πώποτε
478 1046 654 1131 δυνάμεως
676 1045 843 1132 πρότερον
859 1045 937 1115 οὔτε
958 1053 1117 1133 ναυτικῆς

158 1147 237 1218 οὔτε
249 1154 344 1234 πεζῆς
354 1147 565 1216 καταστάντα
575 1144 698 1231 κύριον
708 1141 785 1213 ἀλλ’
799 1147 835 1212 ἐκ
845 1153 903 1232 τῆς
914 1143 1048 1234 άτυχίας
1059 1154 1118 1233 τῆς

156 1249 328 1336 συμβάσης
343 1245 434 1337 αύτῷ
448 1250 524 1332 περί
537 1244 601 1334 τὴν
615 1243 756 1332 ἤπειρον
771 1241 960 1331 ὀνομαστὸν
974 1245 1116 1333 γευόμε-

125 1372 237 1433 ςνου,
253 1350 290 1416 σὲ
304 1351 340 1416 δὲ
354 1354 499 1416 τοσαῦτα
516 1351 571 1415 ιιαλ
588 1350 770 1433 τηλικαῦτα
787 1340 825 1412 τύ
840 1345 984 1430 μέγεθος
999 1349 1117 1413 διαπε-
1135 1362 1184 1418 1⁰2

152 1448 366 1534 πραγμένον,
381 1449 457 1532 περὶ
472 1438 521 1514 οἷν
536 1451 567 1516 εί
580 1447 643 1533 μέν
657 1440 743 1531 πρὸς
757 1445 890 1529 ἐτέρους
900 1441 979 1523 τούς
993 1443 1116 1532 λόγους

150 1546 357 1634 ἐποιούμην,
371 1553 481 1626 καλῶς
491 1541 536 1614 ἂν
547 1542 611 1632 εἶχε
624 1548 790 1629 διελθεῖν,
806 1540 892 1628 πρὸς
905 1543 942 1612 σε
954 1543 989 1612 δὲ
1005 1546 1117 1612 διαλε-

149 1647 314 1735 γόμενος,
331 1652 362 1715 εί
374 1644 434 1726 τάς
444 1642 506 1725 σάς
515 1644 651 1731 πράξεις
666 1664 721 1712 σοι
733 1647 907 1730 διεξιοίην,
925 1646 1061 1721 δικαίως
1072 1637 1117 1711 άν

148 1745 297 1832 ἀνόητος
313 1743 381 1833 ἅμα
395 1747 451 1814 καὶ
464 1752 638 1832 περίεργος
652 1742 740 1812 εἶναι
753 1748 900 1830 δοκοίην.

125 1867 134 1920 ι
239 1845 336 1932 (μα’.)
349 1844 462 1926 Ἀξιον
473 1844 510 1914 δὲ
520 1851 716 1932 μνησθῆναι
730 1847 785 1912 καὶ
797 1851 864 1912 των
874 1846 1041 1932 βασιλέων
1051 1841 1117 1932 άμ-

147 1946 327 2032 φοτέρων,
349 1941 403 2030 ἐφ’
426 1940 469 2013 ὃν
482 1949 541 2012 σοί
557 1967 593 2012 τε
614 1942 837 2032 συμβουλεύω
854 1945 1048 2030 στρατεύειν
1062 1947 1118 2014 κοιλ

146 2042 238 2131 πρὸς
256 2041 297 2110 δν
315 2046 484 2131 Κλέαρχος
499 2044 722 2131 ἐπολέμησεν,
744 2039 792 2110 ἵν’
810 2043 968 2131 εἰιατέρου
984 2047 1039 2114 καὶ
1054 2041 1117 2131 τὴν

143 2143 295 2234 γνώμην
312 2146 367 2212 καὶ
382 2141 444 2233 τὴν
463 2144 612 2230 δύναμιν
628 2146 725 2231 εἰδῇς.
749 2133 768 2204 ὃ
782 2141 845 2229 μὲν
858 2150 977 2214 τοίνυν
990 2143 1114 2213 τούτου
1129 2161 1146 2217 b

141 2248 262 2335 πατὴρ
268 2246 331 2333 τήν
345 2272 381 2314 τε
394 2246 493 2314 πόλιν
499 2243 562 2332 τὴν
574 2241 739 2331 ἡμετέραν
751 2243 809 2311 καί
823 2241 926 2312 πάλιν
938 2240 1000 2330 τὴν
1008 2251 1118 2312 Λακε-

140 2353 339 2436 δαιμονίων
356 2345 638 2433 κατεπολέμησεν,
655 2333 756 2424 ούτος
774 2339 806 2413 δ’
823 2338 967 2423 ούδενὸς
984 2340 1122 2412 πύποτε

140 2451 218 2518 τῶν
232 2445 494 2536 στρατευμάτων
507 2447 578 2516 τῶν
586 2445 650 2533 τὴν
663 2443 778 2533 χάραν
791 2439 901 2514 αύτού
915 2443 1120 2531 λυμαινομέ-

141 2577 221 2619 νων
239 2547 476 2637 ἐπεκράτησεν.
513 2543 620 2618 ἔπειθ’
641 2544 661 2616 ύ
684 2545 749 2635 μὲν
772 2545 835 2634 τὴν
848 2543 967 2616 Ἀσίαν
985 2541 1121 2613 ἅπασαν

141 2649 242 2738 παρά
256 2654 328 2718 τοῖν
339 2647 509 2736 Ἑλλήνων
523 2649 562 2717 ἐν
573 2663 650 2730 ταῖς
667 2646 857 2734 συνθήκαις
871 2647 1038 2730 ἐξέλαβεν,
1056 2635 1120 2714 ού-

139 2779 202 2834 τος
221 2750 265 2821 δέ
282 2749 450 2820 τοσούτου
470 2751 603 2820 δεττῶν
629 2745 745 2818 ἄλλων
768 2746 902 2836 άργειν,
928 2740 1011 2816 ὥστ’
1037 2741 1120 2815 ούδδ

138 2859 216 2922 τῶν
230 2855 442 2922 ἐκδοθεισοῖν
457 2848 576 2944 [αύτῷ]
590 2849 726 2919 πόλεων
739 2847 901 2938 ἐγκρατής
916 2849 1012 2917 ἐστιν.
1038 2844 1119 2916 ὥστ’

136 2953 265 3035 ούδεὶς
284 2951 377 3036 ὅστις
394 2951 459 3022 ούιι
475 2949 520 3024 ἂν
536 2950 734 3040 άπορήσειε,
752 2950 877 3037 πότερα
894 2947 956 3040 χρὴ
974 2955 1121 3036 νομίζειν
1140 2979 1155 3012 ο

133 3061 275 3126 τοῦτον
305 3052 419 3125 αύτῶν
445 3053 631 3142 άφεστάναι
656 3050 703 3122 δι’
734 3049 923 3140 ιἰναυδρίαν
947 3046 969 3138 ἣ
992 3045 1122 3132 ἰιέίνας

133 3155 428 3245 ύπερτωραιιέναι
438 3155 498 3225 ιιαέ
508 3152 1122 3242 καταπεφρονηκέναιτῆςβαρβαρικῆς

133 3264 364 3338 δυναστείας.

224 3356 327 3447 (μβ.)
355 3357 406 3428 Τά
424 3363 547 3426 τοίνυν
564 3358 642 3444 περὶ
665 3356 728 3443 τὴν
745 3354 860 3443 χώραν
884 3351 931 3433 ὥς
948 3351 1119 3440 διάκειται,

131 3467 195 3540 τίς
215 3458 287 3528 ούιι
304 3453 349 3527 άν
367 3452 519 3539 άιιούσας
531 3456 762 3545 παροξυνθείη
775 3463 935 3543 πολεμεῖν
952 3453 1037 3541 πρὸς
1055 3451 1119 3523 αύ-

129 3560 228 3643 τόνς
242 3570 425 3646 Αἴγυπτος
436 3558 501 3646 μὶν
511 3558 577 3647 γάρ
591 3554 785 3646 άφειστήιιει
801 3554 865 3644 μὲν
876 3553 935 3624 ιιαλ
947 3553 1020 3624 κατ’
1031 3556 1116 3624 ἐπετ-

130 3688 207 3729 υον
215 3659 432 3749 τύνχρύνον,
446 3657 488 3729 ού
496 3660 565 3748 μὴν
578 3656 655 3728 ἀλλ’
665 3661 865 3748 ἐφοβοῦντο,
878 3655 926 3746 μή
935 3681 1016 3727 ποτε
1020 3662 1116 3748 βασι-
