2859 4334
491 411 857 472 ΠΑΝΗΓΤΡΙΚΟΣ.
1110 411 1151 471 4⁹

206 575 431 656 κεκλειμένους
444 573 498 638 καὶ
513 567 568 638 διά
584 571 789 656 σπανιότητα
803 577 860 656 τῆς
873 577 934 658 γῆς
952 571 1150 659 ἐπιβουλεύ-

205 668 296 747 οντάς
313 694 350 736 τε
369 674 487 756 σφίσιν
506 665 619 747 αάτοίς
638 671 694 737 καλ
715 675 887 752 στρατείας
910 667 962 737 ἐπ’
985 668 1151 757 ἀλλήλους

202 769 435 853 ποιουμένους,
450 771 506 836 καὶ
520 765 600 846 τούς
614 771 677 854 μέν
691 763 734 834 δι’
747 773 880 836 ένδειαν
893 777 961 838 τῶν
976 766 1056 839 καθ’
1069 766 1150 856 ἡμέ-

160 883 188 938 λσ
202 891 279 952 ραν,
301 863 382 945 τούς
401 866 438 934 δέ
452 862 507 934 διά
528 863 590 934 τὸν
609 865 759 950 πόλεμον
779 865 1047 955 ἀπολλυμένους,
1070 865 1177 936 οάδδᾶ

198 961 296 1032 ταῦθ’
313 959 422 1043 οὕτως
443 971 560 1050 έχοντα
580 969 754 1048 περιεῖδεν,
765 962 840 1032 ἀλλ’
855 962 1021 1053 ἡγεμόνας
1035 973 1081 1047 είς
1093 965 1152 1045 τάς

197 1065 307 1142 πόλεις
320 1066 513 1150 ἐξέπεμψεν,
527 1069 563 1132 οἳ
570 1063 821 1149 παραλαβόντες
830 1061 911 1143 τούς
921 1065 1063 1150 μάλιστα
1074 1071 1152 1152 βίου

198 1166 387 1250 δεομένους,
402 1165 578 1250 στρατηγοὶ
592 1161 815 1239 καταστάντες
829 1159 941 1229 αὐτῶν
952 1167 1007 1232 καὶ
1017 1169 1151 1255 πολέμῳ

196 1263 419 1348 κρατήσαντες
430 1260 510 1340 τούς
523 1262 733 1348 βαρβάρους,
751 1258 875 1339 πολλὰς
890 1263 953 1347 μέν
967 1258 1023 1348 ἐφ’
1040 1266 1152 1330 ἑκατέ-

196 1385 254 1445 ρας
263 1357 476 1447 τήςήπείρου
486 1360 600 1439 πόλεις
610 1366 754 1444 ε’κτισαν,
771 1357 901 1438 ἁπάσας
912 1363 947 1427 δὲ
957 1357 1016 1438 τάς
1028 1361 1152 1447 νήσους

197 1458 396 1548 κατῴκισαν,
417 1455 628 1545 ἀμφοτέρους
642 1461 678 1526 δέ
692 1463 747 1526 καὶ
760 1457 839 1538 τοάς
855 1455 1154 1548 ἀκολουθήσαντας
1257 1460 1261 1468 “

158 1577 186 1630 εο
198 1554 344 1634 καλτοάς
357 1553 603 1644 ὑπομείναντας
620 1564 767 1626 ἔσωσαν·
787 1572 855 1638 τοῖς
871 1559 933 1645 μὲν
949 1560 1014 1646 γάρ
1031 1557 1152 1646 ίκανήν

196 1653 254 1741 τήν
268 1661 358 1722 οῐκοι
374 1655 488 1740 χώραν
502 1665 696 1742 κατέλιπον,
713 1669 783 1735 τοῖς
797 1661 834 1726 δέ
849 1666 951 1727 πλείω
965 1666 1023 1746 τῆς
1039 1657 1177 1745 ὕπαρ-ε

194 1756 316 1840 χοάσης
333 1755 511 1840 έπέρισαυ·
534 1753 666 1824 ἅπαντα
680 1753 747 1843 γάρ
764 1757 1002 1844 περιεβάλοντο
1020 1756 1080 1826 τὸν
1093 1754 1151 1824 τά-

195 1878 274 1941 πον,
298 1851 341 1922 ἀν
360 1862 427 1922 νῦν
447 1856 657 1941 τυγχάνομεν
676 1859 875 1941 κατέχοντες.
906 1854 990 1923 ὥστε
1009 1859 1064 1924 καὶ
1084 1868 1152 1934 τοϊς

194 1953 338 2037 ὕστερον
352 1960 573 2040 βουληθεῖσιν
586 1951 757 2022 ἀποικίσαι
769 1953 863 2033 τινάς
877 1958 931 2023 καλ
942 1956 1150 2043 μιμήσασθαι

194 2051 252 2140 τήν
266 2051 373 2121 πάλιν
384 2051 448 2140 τήν
460 2050 625 2140 ἡμετέραν
638 2052 767 2138 πολλήν
782 2052 958 2142 ῥᾳστώνην
973 2057 1149 2140 ἐποίησαν·

193 2149 234 2219 οά
247 2149 316 2238 γὰρ
330 2148 455 2230 αὐτοὺς
466 2156 533 2220 έδει
542 2156 733 2239 κτωμένους
744 2153 856 2239 χώραν
869 2153 1149 2236 διακινδυνεύειν,

193 2247 267 2318 ἀλλ’
285 2256 333 2328 είς
345 2249 409 2337 τήν
422 2247 485 2337 ἀφ’
500 2248 598 2338 ἡμῶν
611 2249 870 2337 ἀφορισθεῖσαν,
895 2257 941 2330 είς
955 2253 1082 2338 ταύτην
1099 2257 1150 2320 ol·
1164 2270 1196 2320 εε

151 2368 180 2422 δλ
195 2363 266 2417 κεῖν
283 2349 406 2427 ίάντας.
435 2357 541 2417 καίτοι
560 2357 610 2430 τίς
626 2347 670 2417 ἀν
686 2350 809 2435 ταύτης
826 2347 1007 2437 ἡγεμονίαν
1028 2354 1152 2419 ἐπιδεί-

195 2453 282 2528 ξειεν
292 2443 316 2536 ἢ
326 2453 557 2535 πατριωτέραν
565 2458 625 2536 τῆς
634 2452 801 2538 πρότερον
812 2453 992 2538 γενομένης
1004 2451 1083 2533 πρὶν
1093 2447 1149 2527 τάς

194 2555 352 2626 πλείστας
359 2555 551 2637 οἰκισθῆναι
561 2547 835 2634 τῶνἙλληνίδων
842 2543 1014 2635 πόλεων,ἢ
1024 2554 1152 2632 μᾶλλον

195 2650 438 2732 συμφέρουσαν
460 2655 519 2736 τῆς
538 2645 618 2727 τοάς
641 2651 702 2734 μὲν
729 2647 922 2734 βαρβάρους
945 2645 1152 2724 ἀναστάτους

193 2743 396 2831 ποιησάσης,
418 2745 498 2826 τοὺς
518 2743 549 2815 δ’
558 2745 720 2834 Ἕλληνας
741 2753 787 2826 είς
807 2747 974 2832 τοσαάτην
990 2743 1151 2828 εὐπορίαν

194 2843 471 2932 προαγαγούσηςς

150 2957 182 3011 ³8
280 2941 344 3026 (ι’.)
368 2941 421 3009 Οὐ
436 2950 564 3031 τοίνυν,
586 2943 698 3031 ἐπειδή
715 2943 755 3012 τά
769 2947 905 3030 μέγιστα
921 2946 1149 3028 συνδιέπραξε,

194 3047 262 3106 τῶν
275 3038 389 3109 ἀλλον
401 3040 625 3128 ιλιγάρησεν,
641 3039 716 3110 ἀλλ’
728 3039 835 3129 ἀρχήν
845 3043 907 3128 μὲν
918 3041 1044 3126 ταύτην
1055 3043 1174 3108 ἕπου-1)

192 3139 297 3224 ήσοιτο
312 3144 382 3205 τῶν
396 3135 607 3225 εὐεργεσιῶν,
622 3137 755 3226 τροφήν
765 3155 833 3218 τοις
844 3143 1014 3227 δεομένοις
1026 3136 1149 3221 εὑρεῖν,

185 3237 295 3324 ἥνπερ
312 3236 377 3325 χρή
393 3235 476 3317 τούς
493 3237 678 3325 μέλλοντας
700 3235 759 3304 καὶ
777 3235 939 3322 περὶτῶν
959 3234 1071 3304 ἀλλων
1089 3263 1151 3305 κα-

187 3343 253 3418 λῶς
270 3338 468 3426 διοικήσειν,
492 3336 663 3425 ἡγουμένη
681 3335 720 3404 δέ
742 3338 803 3405 τὸν
819 3343 897 3424 βίον
913 3335 974 3405 τὸν
993 3339 1049 3405 ἐπὶ
1071 3337 1151 3406 τού-

187 3465 255 3519 τοις
273 3439 381 3526 μόνον
399 3436 496 3508 οὔπω
512 3441 574 3507 τοῦ
591 3444 650 3526 ζῆν
669 3439 848 3524 ἐπιθυμεῖν
865 3434 965 3518 ἀξίως
984 3443 1070 3524 ἔχειν
1089 3439 1149 3508 ου’·

187 3567 250 3621 τως
271 3539 459 3629 ἐπεμελήθη
473 3542 530 3609 καὶ
547 3545 617 3608 τοῖν
630 3544 771 3624 λοιπῶν,
790 3537 875 3608 ὥστε
889 3544 959 3607 τῶν
973 3538 1151 3627 παρόντων

187 3658 256 3722 τοῖς
275 3640 472 3727 ἀνθρώποις
490 3641 643 3728 ἀγαθῶν,
663 3637 727 3708 ὅσα
740 3638 785 3728 μή
804 3640 895 3730 παρά
913 3644 1007 3710 θεῶν
1023 3648 1151 3729 ἔχομεν,

235 3752 394 3793 uocum.
410 3741 429 3795 L
984 3757 1001 3802 ε

1200 2829 1211 2866 ³
1238 2819 1240 2824 ,
