2859 4334
471 359 853 418 ΤΡΛΠΕΖΙΤΙΚΟΣ.
1071 354 1133 416 m

184 525 323 588 Πασίων
339 522 497 604 ἐπεχείρει
514 521 632 603 λέγειν.
658 516 712 585 ὅτε
729 520 791 604 μὲν
806 518 872 603 γὰρ
889 516 998 598 οὕτως
1012 524 1133 600 ἔπρατ-

184 644 260 703 τον,
282 615 361 685 ὥστ’
381 614 455 685 οὐδ’
474 612 535 701 ἀν,
558 621 588 683 εί
606 617 857 703 προσωμολόγει
877 620 914 702 μ’
939 616 1134 700 ἀποστερεῖν

183 725 252 785 τῶν
266 717 460 803 χρημάτων,
485 712 555 795 οἷός
569 715 598 784 τ’
616 713 659 784 ἀν
678 711 724 803 ήυ
737 715 816 799 παρ’
841 714 947 785 αὐτοῦ
962 721 1059 803 δίκην
1073 725 1133 783 λα-

182 824 267 903 βεεν,
278 818 352 885 τότε
362 816 424 904 μὲν
435 822 579 887 αἰτιᾶταί
582 823 618 902 μ’
630 813 752 895 ἀδίκως
759 821 908 901 ἐγκαλεῖν
915 819 1132 901 ἐπιχειρήσαι·

183 914 297 1002 ἐπειδή
316 912 347 981 δ’
362 915 426 1001 ἐγώ
440 942 476 984 τε
490 924 558 984 τῶν
574 914 658 1000 πρὸς
671 917 830 1000 Σάτυρον
845 920 1011 1003 διαβολῶν
1026 913 1133 1001 ἀπηλ-

183 1014 292 1100 λάγην
306 1016 361 1081 καὶ
382 1020 502 1082 τοῦτον
519 1012 662 1091 ἅπαντες
682 1011 845 1099 ὀφλήσειν
863 1010 926 1099 τήν
943 1018 1039 1098 δίκην
1057 1013 1163 1081 ἀνά-ο

182 1119 289 1200 μιξον,
306 1113 488 1198 τηνικαῦτά
509 1115 552 1200 μέ
563 1132 668 1199 φησιν
685 1110 822 1199 ἀφεῖναι
844 1112 981 1180 πάντων
995 1120 1063 1180 τῶν
1078 1115 1133 1197 ἐγ-

181 1212 361 1297 κλημάτων
376 1209 489 1281 αάτόν.
519 1217 625 1281 καίτοι
646 1218 715 1290 πῶς
736 1206 781 1278 ἀν
795 1212 923 1279 τούτων
943 1206 1134 1297 ἀλογωτερα

182 1315 330 1397 γένοιτος

129 1420 166 1477 λθ
268 1411 356 1499 (κε’.)
374 1408 471 1478 Ἀλλά
493 1409 558 1495 γὰρ
582 1419 661 1488 ἴσως
681 1414 756 1495 περὶ
776 1410 906 1476 τούτων
925 1410 1033 1495 μόνον
1056 1406 1130 1477 ἀλλ’

183 1508 226 1578 οὐ
241 1514 294 1579 καὶ
317 1512 392 1594 περὶ
415 1518 483 1578 τῶν
504 1507 615 1577 ἀλλων
633 1507 758 1577 ἐναντί’
782 1506 883 1587 αὐτὸς
896 1506 987 1600 αὐτῷ
1003 1512 1055 1575 καί
1078 1511 1134 1577 λε’-

183 1635 254 1695 γων
270 1611 324 1676 καὶ
338 1607 492 1694 πράττων
513 1608 659 1693 φανερός
678 1611 784 1675 ἐστιν·
814 1604 850 1684 ὃς
869 1605 1006 1692 τὸνμὲν
1021 1610 1133 1689 παῖδα,

181 1707 225 1777 ἀν
241 1705 342 1786 αὐτὸς
356 1705 538 1793 ἠφάνισεν,
563 1703 625 1793 ὑφ’
649 1704 743 1792 ήμῶν
766 1712 912 1788 ἔφασκεν
926 1703 1133 1789 ἀνδραποδι-

181 1814 319 1892 σθῆναι,
334 1804 394 1874 τάν
405 1803 510 1873 αὐτὸν
520 1806 556 1872 δὲ
570 1812 692 1873 τοῦτον
710 1801 926 1890 ἀπεγράψατο
940 1805 1002 1889 μὲν
1019 1806 1056 1870 ἐν
1065 1817 1132 1880 τοῖς

181 1904 362 1991 τιμήμασιν
383 1901 427 1983 ὡς
445 1909 570 1972 δοῦλον
584 1900 665 1989 μετά
681 1909 749 1969 τῶν
766 1908 905 1969 οἰκετῶν
926 1910 993 1969 τῶν
1008 1900 1131 1983 ἀλλων,

182 2006 252 2072 ἐπεὶ
264 2000 296 2071 δ’
314 2000 418 2071 αὐτὸν
434 2000 529 2089 ήξίου
545 2004 733 2081 Μενέξενος
750 2006 949 2087 βασανίζειν,
969 1996 1158 2089 ἀφῃρείθέ

130 2127 166 2177 50
183 2101 228 2182 ὡς
243 2102 427 2185 ἐλεύθερον
443 2100 532 2168 ὄντα.
555 2099 638 2186 πρὸς
660 2101 695 2169 δὲ
713 2102 843 2178 τούτοις
859 2099 1054 2187 ἀποστερῶν
1069 2097 1132 2167 αά-

181 2201 238 2281 τὸς
253 2200 315 2288 τήν
337 2201 640 2287 παρακαταθήκην,
670 2199 851 2287 ἐτόλμησεν
871 2197 951 2285 ήμῑν
969 2201 1131 2284 ἐγκαλεῖν,

181 2298 226 2379 ὡς
242 2306 359 2387 ἔχομεν
380 2303 413 2380 ἓξ
434 2297 569 2367 τάλαντ’
586 2296 650 2365 ἀπὸ
666 2306 724 2384 τῆς
736 2298 858 2364 τούτου
869 2300 1034 2383 τραπέζης.
1059 2305 1129 2365 καί-

179 2425 232 2467 τοι
251 2397 342 2478 ὅστις
363 2401 438 2484 περὶ
458 2400 662 2484 πραγμάτων
682 2396 771 2464 οὕτω
795 2405 954 2483 φανερῶν
975 2402 1133 2484 ἐπεχείρει

180 2497 384 2582 ψεύδεσθαι,
399 2504 469 2575 πῶς
490 2495 551 2582 χρή
570 2498 741 2564 πιστεύειν
757 2493 848 2586 αὐτῷ
870 2498 946 2581 περὶ
970 2489 1019 2563 ῶν
1033 2497 1136 2582 μόνος
1149 2511 1200 2567 369

179 2596 263 2682 πρὸς
277 2596 384 2681 μόνον
396 2600 554 2680 ἔπραξευς

127 2714 163 2763 51
265 2695 353 2781 (κέ.)
380 2693 425 2762 Τὸ
443 2704 634 2763 τελευταῖον
648 2702 775 2779 τοίνυν,
791 2688 817 2763 ά
835 2692 956 2780 ἀνδρες
970 2698 1131 2779 δικασταὶ,

179 2794 386 2882 ὁμολογήσας
398 2792 442 2873 ῶς
452 2794 611 2878 Σάτυρον
622 2800 890 2862 είσπλευσεισθαι
909 2796 964 2861 καί
981 2794 1131 2881 ποιήσειν

180 2896 252 2965 ἅττ’
271 2892 316 2965 ἀν
331 2899 458 2975 ἐκεῖνος
472 2904 553 2987 γνῷ,
568 2898 623 2963 καὶ
638 2894 733 2963 ταῦτ’
754 2897 946 2982 ἐξηπάτησε,
963 2897 1018 2963 καὶ
1030 2893 1131 2973 αὐτὸς

179 2998 242 3083 μὲν
259 2991 321 3063 οὐκ
336 2994 460 3082 ήθελεν
476 3002 666 3063 εἰσπλεῦσαι
688 2995 847 3073 πολλάκις
865 2997 947 3081 ἐμοῦ
967 3005 1131 3079 προκαλε-

179 3100 340 3182 σαμένου,
365 3096 539 3182 εἰσέπεμψε
563 3094 599 3162 δὲ
616 3093 676 3162 τὸν
692 3102 829 3162 Κίττον*
850 3092 887 3173 ὃς
901 3092 1013 3162 ἐλθών
1026 3098 1126 3162 ἐκεῑσ’

178 3204 303 3284 ἔλεγεν,
319 3195 369 3265 ὅτι
385 3198 564 3281 ἐλεύθερος
579 3206 628 3283 εἴη
641 3199 694 3263 καὶ
708 3193 854 3281 τὸγένος
866 3196 1043 3281 Μιλήσιος,
1062 3201 1129 3262 είσ-

178 3301 317 3383 πέμψειε
335 3292 367 3363 δ’
384 3293 489 3363 αὐτὸν
500 3302 638 3363 Πασίων
652 3296 827 3375 διδάξοντα
839 3295 914 3377 περὶ
926 3301 993 3361 τῶν
1001 3293 1130 3380 χρημά-

123 3415 162 3469 52
176 3421 255 3463 των.
279 3392 426 3474 ἀκούσας
441 3398 477 3462 δὲ
492 3395 646 3479 Σάτυρος
661 3393 861 3480 ἀμφοτέρων
874 3392 969 3480 ήμῶν
984 3395 1157 3474 δικάζεινι)

179 3496 243 3581 μὲν
257 3492 321 3561 οὐκ
343 3492 438 3581 ήξίου
459 3498 534 3580 περὶ
554 3502 622 3562 τῶν
642 3496 767 3562 ἐνθάδε
788 3497 980 3580 γενομένων
1000 3499 1129 3579 συμβο-

178 3599 300 3674 λαίων,
321 3591 429 3672 άλλως
450 3620 484 3661 τε
508 3596 561 3661 καὶ
577 3590 620 3680 μή
637 3592 803 3679 παρόντος
816 3592 940 3661 τούτου
954 3594 1035 3678 μηδὲ
1048 3600 1129 3676 μελ-
