2859 4334
299 401 320 462 ν
576 403 914 479 [ιεοκεκνουεγ
936 402 986 483 (ι)

298 559 451 649 δόξουσι,
477 563 626 654 τοσούτω
655 568 784 648 μᾶλλον
811 565 950 628 ἐκείνων
971 562 1051 642 τοὺς
1072 564 1291 648 ύκουονταςθ

299 656 508 748 ὠφελοῦσιν,
526 659 610 730 ὅσον
621 664 655 728 ολ
663 658 726 745 μὲν
737 661 791 728 ἐπὶ
800 659 905 745 λόγον
917 660 1027 747 μόνον
1040 671 1261 743 παρακαλοῦ·
1293 653 1297 661 ’

297 779 369 846 σιν,
387 765 421 829 οἱ
435 762 472 829 δὲ
486 758 547 828 τόν
561 759 687 845 τρόπον
703 755 816 825 αὑτων
831 760 1070 844 ἐπανορθοῦσι.

268 879 285 930 5
382 859 513 944 Διόπερ
524 855 617 944 ἡμεῖς
628 854 671 922 ού
681 857 893 941 παράκλησιν
903 855 1059 941 εὑρόντες
1070 857 1154 928 ἄλλα
1168 884 1259 948 παρ-

297 965 428 1026 αίνεσιν
446 959 636 1044 γράψαντες
656 957 821 1041 μέλλομέν
843 976 898 1024 σοι
919 960 1183 1046 συμβουλεύειν,
1206 953 1259 1028 οὑν

296 1053 358 1143 χρὴ
371 1053 450 1134 τοὺς
459 1058 644 1142 νεωτέρους
652 1049 832 1139 ὀρέγεσθαι
840 1055 897 1122 καὶ
904 1063 1007 1125 τίνων
1016 1063 1125 1143 ἐργων
1135 1056 1256 1146 ὑπέχε-

297 1166 379 1224 σθαι
390 1158 447 1222 καλ
461 1159 569 1231 ποίοις
583 1154 670 1221 τισὶν
685 1149 882 1235 ἀνθρώποις
897 1149 1026 1240 ὁμιλεῖν
1039 1157 1095 1224 καὶ
1105 1163 1176 1236 πῶς
1192 1157 1255 1226 τόν

296 1257 425 1322 ἑαυτῶν
435 1257 511 1339 βίον
520 1258 720 1337 οἰκονομεῖν.
734 1248 808 1319 ὅσοι
820 1248 886 1340 γὰρ
894 1260 956 1320 τοῦ
966 1261 1045 1340 βίον
1055 1255 1182 1344 ταύτην
1190 1254 1254 1345 τὴν

295 1348 378 1421 ὁδόν
392 1348 645 1436 ἐπορεύθησαν,
664 1341 758 1415 οὑτοι
768 1348 867 1435 μόνοι
878 1357 935 1436 τῆς
944 1347 1063 1440 ἀρετῆς
1074 1357 1252 1440 ἐφικέσθαι
1264 1371 1285 1426 ι)

293 1455 438 1538 γνησίως
461 1445 701 1535 ἠδυνήθησαν,
727 1439 768 1533 ἧς
795 1445 896 1514 οὐδὲν
919 1457 1026 1536 κτῆμα
1048 1453 1253 1540 σεμνότερον

263 1549 373 1622 δούδὲ
401 1546 619 1637 βεβαιότερόν
645 1550 723 1616 έστι.
764 1547 886 1626 κάλλος
904 1549 968 1634 μὲν
993 1545 1058 1636 γὰρ
1081 1545 1104 1636 ἢ
1131 1552 1254 1638 χρόνος

294 1648 469 1738 ἀνήλωσεν
483 1643 505 1733 ἢ
518 1649 620 1727 νόσος
642 1646 804 1734 ἐμάρανε,
826 1653 971 1726 πλοῦτος
985 1648 1022 1716 δέ
1036 1657 1154 1729 κακίας
1166 1658 1255 1738 μᾶλ-

293 1761 355 1822 λον
365 1745 387 1838 ἦ
399 1753 649 1834 καλοκαγαθίας
659 1743 825 1831 ὑπηρέτης
839 1748 944 1833 ἐστὶν,
966 1749 1120 1828 ἐξουσίαν
1135 1753 1199 1836 μὲν
1212 1760 1255 1840 τῇ

293 1853 446 1940 ῥᾳθυμίᾳ
461 1846 742 1933 παρασκευάζων,
762 1846 815 1912 ἐπὶ
831 1842 940 1923 δὲτὰς
958 1842 1084 1932 ἡδονὰς
1098 1845 1178 1926 τούς
1194 1853 1253 1918 νέ-

294 1974 353 2028 ους
367 1954 587 2035 παρακαλῶν·
610 1945 705 2033 ριίμη
720 1946 757 2012 δὲ
773 1943 855 2030 μετὰ
872 1943 935 2030 μὲν
950 1944 1146 2031 φρονήσεως
1161 1943 1253 2033 ύφέ-

292 2056 409 2134 λησεν,
431 2047 516 2117 ἄνευ
537 2047 574 2115 δὲ
592 2046 713 2130 ταύτης
734 2049 837 2111 πλείω
856 2040 936 2122 τοὺς
959 2048 1092 2129 ἔχοντας
1114 2049 1250 2132 ἔβλαψε,

293 2150 349 2214 καλ
362 2143 402 2214 τὰ
417 2148 480 2230 μὲν
491 2144 628 2232 σύματα
639 2150 707 2211 τῶν
723 2141 921 2210 ἀσκούντων
936 2142 1114 2229 ἐκόσμησε,
1130 2157 1202 2222 ταίς
1212 2144 1250 2212 δέ

263 2251 349 2332 7τῆς
367 2251 474 2330 ψυχῆς
494 2247 693 2330 ἐπιμελείαις
707 2241 937 2327 ἐπεσκότησευ.
965 2238 986 2326 ἡ
1003 2241 1040 2308 δέ
1053 2247 1112 2327 τῆς
1127 2238 1247 2330 ἀρετῆς
1260 2274 1276 2311 ι

293 2350 406 2429 κτῆσις
426 2339 475 2422 οἷς
498 2338 543 2410 όν
558 2340 747 2430 όκιβδήλως
763 2355 834 2418 ταῖς
854 2344 1017 2419 διανοίαις
1036 2346 1249 2430 συναυξηθῇ,

291 2441 379 2529 μόνη
393 2441 455 2529 μὲν
470 2439 712 2527 συγγηράσκει,
728 2439 878 2508 πλούτου
889 2437 926 2508 δὲ
933 2441 1116 2525 1κρείττων,
1130 2461 1250 2526 χρησι-

291 2543 421 2628 μωτέρα
437 2543 466 2607 δ’
485 2535 654 2625 εύγενείας
668 2541 752 2624 ἐστὶ,
766 2534 807 2604 τὰ
820 2537 882 2623 μὲν
893 2551 961 2616 τοῖς
972 2537 1084 2619 ἄλλοις
1095 2536 1249 2609 ύδύνατα

292 2637 419 2709 δυνατὰ
434 2644 638 2723 καθιστᾶσα,
659 2635 699 2704 τὰ
715 2637 751 2704 δὲ
768 2643 813 2725 τῷ
831 2636 955 2723 πλήθει
970 2634 1098 2723 φοβερὰ
1112 2647 1248 2724 θαρσα-

290 2745 373 2819 λέως
386 2735 620 2824 ὑπομένουσα,
639 2732 770 2804 καὶτὸν
788 2735 851 2821 μὲν
869 2732 973 2803 ὄκνον
989 2734 1115 2822 ψόγον,
1134 2734 1196 2804 τόν
1211 2741 1249 2806 δέ

264 2839 399 2906 στόνον
415 2843 555 2905 ἔπαινον
573 2833 754 2925 ἡγουμένη.
786 2835 906 2925 ῥηίδιον
925 2836 962 2903 δὲ
981 2841 1080 2902 τοῦτο
1097 2862 1248 2923 καταμα-

289 2946 368 3005 θεῖν
381 2940 470 3005 ἐστὶν
486 2941 522 3005 ίκ
536 2962 572 3005 τε
586 2943 653 3004 τόν
668 2933 872 3021 Ἡρακλέους
889 2931 1008 3002 ἄθλων
1021 2936 1077 3001 καὶ
1093 2941 1162 3001 τῶν
1176 2942 1248 3022 Θη-

292 3039 374 3112 σέως
390 3040 514 3120 ἔργων,
530 3030 580 3114 οἷς
592 3032 614 3121 ἡ
626 3043 695 3102 τῶν
708 3035 844 3121 τρόπων
858 3030 958 3121 ἀρετὴ
974 3042 1173 3119 τηλικοῦτον
1189 3032 1278 3103 εύ-ιλ

290 3138 400 3214 δοξίας
413 3140 603 3220 χαρακτῆρα
613 3148 681 3213 τοῖς
696 3140 805 3220 ἔργοις
819 3135 980 3221 ἐπέβαλεν
995 3130 1079 3200 ὥστε
1091 3132 1176 3218 μηδὲ
1185 3131 1247 3200 τόν

290 3231 422 3301 ἅπαντα
435 3231 559 3318 χρόνον
574 3231 745 3302 δύνασθαι
759 3233 872 3320 λήθην
886 3234 1060 3317 ἐμποιῆσαι
1076 3237 1146 3297 τῶν
1160 3233 1246 3300 έκεί·

290 3358 362 3410 νοις
376 3331 630 3417 πεπραγμένων.

264 3450 280 3502 9
375 3429 447 3517 (γ’.)
470 3426 522 3498 Ού
536 3427 603 3517 μην
618 3427 702 3499 ἀλλὰ
720 3433 775 3498 καὶ
795 3428 854 3507 τίς
870 3436 930 3498 τοῦ
945 3428 1071 3514 πατρὸς
1085 3431 1244 3515 προαιρέ-

291 3549 359 3606 σεις
373 3525 602 3616 ἀναμνησθεὶς
616 3535 740 3598 οἰκείου
755 3531 810 3598 καὶ
820 3525 926 3597 καλόν
940 3531 1022 3610 ἕξεις
1034 3529 1246 3613 παράδειγμα

291 3633 357 3694 τιόν
367 3623 428 3694 ὑπ’
438 3629 520 3712 ἐμοῦ
529 3647 583 3694 σοι
592 3630 790 3712 λεγομένων.
802 3624 845 3694 ού
851 3624 916 3713 γὰρ
923 3625 1098 3715 ὀλιγωρῶν
1105 3634 1164 3715 τῆς
1170 3624 1246 3712 όρε·
