2859 4334
303 380 359 441 104
577 383 970 461 ιΣοιιεΑνονΣρε)

252 556 280 608 11
297 541 448 626 ηκόντως
464 557 532 620 τοῖς
547 541 788 627 ὑποκειμένοις.
813 548 975 610 τοσοῦτον
990 536 1054 610 ούν
1069 549 1172 628 μῆκος
1187 542 1250 610 λό-
1265 570 1281 608 c

297 664 361 724 γου
377 644 528 708 συνιδεῖν
543 643 597 708 καὶ
614 642 777 719 τοσαύτας
792 644 880 720 ἰδέας
894 645 947 709 καὶ
966 650 1126 709 τοσοῦτον
1142 640 1249 727 άλλή-

298 747 367 806 λων
378 736 574 822 ἀφεστώσας
596 740 806 825 συναρμόσαι
829 741 882 807 καὶ
899 754 1102 825 συναγαγεῖν
1119 743 1173 807 καὶ
1188 737 1249 819 τάς

298 838 538 920 ἐπιφερομένας
549 844 716 905 οἰκειῶσαι
727 853 797 917 ταῖς
808 842 1061 925 προειρημέναις
1072 843 1125 907 καὶ
1138 840 1247 917 πάσας

298 944 432 1021 ποιῆσαι
453 944 570 1021 σφίσιν
591 935 706 1015 αὐταῖς
726 936 996 1023 ὁμολογουμένας
1017 936 1058 1005 ού
1084 939 1175 1006 πάνυ
1191 966 1239 1024 μι·

299 1032 382 1119 κρόν
404 1028 448 1120 ἦν
465 1041 574 1121 ἔργον.
598 1034 687 1121 ὅμως
702 1033 733 1103 δ’
757 1035 820 1103 ούκ
843 1034 1006 1123 άπέστην,
1022 1046 1139 1118 καίπερ
1154 1044 1234 1123 τηλι.

299 1141 418 1211 κοῦτος
433 1130 498 1220 όν,
521 1138 600 1217 πρὶν
620 1134 725 1202 αὐτόν
746 1132 1024 1221 άπετέλεσα,μετά
1046 1142 1170 1221 πολλῆς
1184 1135 1247 1220 μὲν

299 1230 457 1316 άληθείας
479 1236 670 1318 εἰρημένον,
690 1231 731 1299 τά
756 1230 787 1300 δ’
808 1230 892 1301 ἄλλα
914 1239 1084 1319 τοιοῦτον,
1113 1229 1182 1311 οἷος
1202 1230 1246 1299 άν

253 1350 284 1402 Ιθ
300 1329 382 1397 εἶναι
398 1330 478 1420 δόξη
492 1347 559 1409 τοῖς
575 1330 807 1417 ἀκροωμένοις.
840 1331 905 1416 (ς’.)
927 1330 998 1416 Χρὴ
1017 1333 1051 1398 δὲ
1067 1331 1146 1411 τούς
1160 1336 1247 1411 διεξ-
1343 1368 1344 1373 ’

300 1429 413 1507 ιόντας
433 1426 539 1496 αὐτὸν
564 1437 699 1513 πρῶτον
718 1433 780 1516 μέν
800 1428 845 1507 ὡς
866 1429 962 1509 ὄντος
979 1438 1098 1517 μικτοῦ
1112 1438 1172 1498 τοῦ
1187 1431 1277 1499 λό-δ

299 1553 363 1614 γου
378 1532 432 1595 καὶ
447 1526 530 1611 πρὸς
544 1527 675 1608 ἁπάσας
688 1528 747 1608 τάς
761 1527 941 1607 ὑποθέσεις
958 1530 1079 1609 ταύτας
1099 1554 1247 1615 γεγραμ-

299 1630 403 1713 μένου
418 1637 588 1695 ποιεῖσθαι
604 1619 666 1712 τὴν
678 1626 851 1713 ἀκρόασιν,
874 1634 982 1695 ἔπειτα
997 1631 1171 1713 προσέχειν
1185 1624 1248 1694 τὸν

299 1735 386 1793 νοῦν
400 1733 446 1795 ἔτι
461 1735 589 1814 μᾶλλον
608 1742 676 1807 τοῖς
697 1732 854 1814 λέγεσθαι
870 1732 1049 1814 μέλλουσιν
1065 1723 1085 1815 ἢ
1099 1742 1167 1806 τοῖς
1182 1726 1246 1815 ἤδη

300 1827 565 1911 προειρημένοις,
583 1824 667 1908 πρὸς
680 1829 716 1894 δὲ
734 1827 866 1904 τούτοις
882 1823 926 1912 μὴ
946 1832 1053 1911 ζητεῖν
1068 1823 1201 1903 εύθύςέ
1228 1867 1246 1878 -

301 1925 464 2003 ελθόντας
475 1923 557 1992 όλον
572 1924 676 1993 αύτὸν
690 1931 838 1994 διελθεῖν
859 1924 942 1993 άλλά
958 1933 1120 1994 τοσοῦτον
1135 1929 1247 2010 μέρος,

300 2021 382 2089 ὅσον
398 2020 443 2109 μη
466 2024 607 2110 λυπήσει
624 2023 704 2103 τούς
722 2025 899 2106 παρόντας.
923 2020 967 2111 ἢν
986 2022 1051 2112 γάρ
1073 2028 1247 2111 ἑμμείνητε

298 2120 445 2204 τούτοις,
460 2129 588 2207 μᾶλλον
602 2125 791 2210 δυνήσεσθε
805 2129 967 2207 κατιδεῖν,
990 2134 1021 2191 εῖ
1032 2150 1063 2191 τι
1080 2124 1247 2209 τυγχάνο-
1285 2163 1294 2181 ·

300 2246 362 2305 μεν
380 2225 531 2306 λέγοντες
545 2219 640 2302 ἄξιον
652 2221 748 2310 ἡμῶν
765 2220 886 2290 αὐτῶν.

254 2337 285 2391 13
380 2318 445 2404 (ξ.)
466 2316 504 2386 “A
529 2322 590 2407 μὲν
611 2316 675 2388 οὖν
695 2319 879 2407 άυαγκαῖον
895 2314 940 2408 ἦν
953 2337 1136 2407 προειπεῖν,
1151 2319 1275 2389 ταῦτέ

300 2421 404 2486 ἐστίν·
438 2417 501 2505 ἤδη
529 2419 565 2486 δ’
591 2418 860 2506 άναγιγνιισκετε
891 2418 953 2507 τὴν
978 2419 1161 2506 ἀπολογίαν
1185 2418 1248 2506 τὴν

299 2520 593 2604 προσποιουμένην
608 2522 670 2606 μὲν
693 2521 767 2601 περὶ
790 2526 928 2602 κρίσεως
943 2521 1147 2608 γεγράφθαι,
1164 2528 1248 2606 βου-

300 2617 445 2700 λομένην
471 2616 507 2685 δὲ
532 2620 607 2702 περὶ
632 2621 715 2704 ἐμοῦ
742 2623 886 2703 δηλῶσαι
908 2617 1166 2706 τὴνάλήθειαυ,
1193 2621 1247 2686 καὶ

298 2714 377 2793 τούς
393 2714 455 2802 μέν
469 2713 677 2803 ἀγνοοῦντας
692 2720 814 2785 είδέναι
832 2725 984 2804 ποιησαι,
1009 2715 1087 2797 τούς
1103 2719 1138 2785 δὲ
1154 2728 1245 2803 φθο-

298 2822 442 2893 νοῦντας
454 2821 499 2883 ἔτι
510 2823 638 2901 μᾶλλον
649 2815 715 2884 ὑπὸ
732 2824 789 2903 τῆς
800 2820 904 2884 νόσον
918 2819 1040 2904 ταύτης
1052 2826 1243 2886 λυπεῖσθαι·
1261 2832 1308 2885 313

298 2921 395 3001 μείζω
407 2912 471 3002 γάρ
487 2920 585 3001 δίκην
594 2914 657 2983 ούκ
670 2912 714 2983 δν
727 2922 893 3001 δυναίμην
905 2924 1020 3003 λαβεῖν
1031 2915 1109 3000 παρ’
1121 2916 1241 2983 αὐτῶν.

254 3034 286 3088 ις
380 3012 448 3099 (η’.)
471 3015 614 3081 Πάντων
641 3013 786 3101 ἡγοῦμαι
812 3016 1060 3101 πονηροτάτους
1086 3014 1243 3084 εἶναικαὶ

299 3118 453 3198 μεγίστης
478 3118 590 3198 ζημίας
605 3111 727 3198 άξίους,
743 3117 863 3193 οἵτινες
884 3109 934 3193 οἷς
951 3114 1045 3182 αὐτοὶ
1059 3116 1243 3201 τυγχάνον·

300 3233 355 3278 σιν
371 3210 465 3290 ὄντες
482 3218 601 3297 ἔνοχοι,
617 3221 722 3281 ταῦτα
736 3221 804 3280 τῶν
822 3212 934 3281 άλλων
944 3219 1087 3299 τολμῶσι
1102 3240 1243 3301 κατηγο-

300 3323 386 3393 ρεῖν,
409 3308 491 3393 ὅπερ
514 3318 700 3397 Λυσίμαχος
721 3319 909 3398 πεποίηκεν.
939 3304 1037 3389 οὗτος
1058 3310 1123 3396 γάρ
1146 3308 1244 3389 αὐτὸς

300 3413 576 3495 συγγεγραμμένα
591 3414 699 3496 λέγων
713 3414 789 3494 περὶ
800 3419 866 3478 των
878 3414 966 3497 έμών
977 3413 1243 3497 συγγραμμάτων

298 3515 399 3575 πλείω
427 3516 599 3595 πεποίηται
627 3512 730 3597 λόγον
759 3508 780 3598 ἢ
805 3513 879 3597 περί
906 3519 973 3579 ταῖν
997 3509 1109 3579 ἄλλων
1135 3508 1241 3577 ἁπάν·

297 3635 376 3689 των,
395 3606 513 3691 ὅμοιον
530 3612 758 3695 ἐργαζόμενος,
777 3611 887 3693 ὥσπερ
900 3606 944 3677 άν
959 3620 992 3679 εί
999 3636 1047 3688 τις
1058 3613 1242 3690 ἱεροσυλίας
