2859 4334
497 426 792 487 ΕΠΙΣΤΟΛΑΙ.
1067 422 1129 488 273

171 579 253 661 τοάς
266 581 427 671 Ἕλληνας
449 587 502 654 έπλ
518 584 581 670 τὴν
600 590 669 652 τῶν
687 583 870 672 βαρβάρων
887 593 1061 671 στρατείαν
1075 587 1129 654 καὶ

171 677 236 748 τόν
250 683 385 768 τάχιστα
394 687 556 772 μέλλοντα
571 681 630 762 τὰς
647 683 781 770 πράξεις
796 687 956 752 ἐπιτελεῖν
970 681 1029 763 τάς
1043 704 1130 769 συμ-

170 781 292 865 φέρειν
316 783 472 867 δοξάσας,
496 779 559 850 οὐκ
577 776 621 849 ἀν
641 778 857 860 ἀλλονςάνδ’
876 780 972 870 ἡμῶν
990 806 1130 867 προκρι-

169 885 288 966 θῆναι.
330 890 437 950 καίτοι
458 890 528 962 πῶς
548 879 610 949 οὐκ
635 876 679 948 ἀν
700 878 838 967 ἀἰσχρὸν
862 882 1078 968 ποιήσαιμεν,
1102 884 1132 948 εί

169 978 304 1044 τούτων
315 975 539 1066 ἀμελήσαιμεν
550 978 657 1058 οὕτως
670 981 813 1064 ἐντίμων
827 977 947 1064 ὄντων,
961 971 1009 1046 ῶν
1019 977 1129 1046 ἅπαν-

113 1105 153 1152 18
171 1103 230 1155 τες
250 1073 294 1145 ἀν
314 1076 400 1166 ἡμᾶς
420 1079 615 1164 ἀξιῶσαιενς
649 1077 686 1146 τὸ
714 1079 777 1165 μὲν
795 1073 860 1148 οὖν
887 1078 969 1168 έμόν
994 1079 1130 1150 ἔλαττόν
1146 1099 1197 1154 438

174 1181 282 1246 έστιν·
306 1172 547 1267 ἀποφήνασθαι
564 1176 646 1266 γάρ,
667 1177 689 1245 ἀ
706 1178 886 1264 γιγνῶσκεεΙ
899 1206 964 1267 τις,
981 1178 1022 1247 οὐ
1038 1178 1131 1248 πάνυ

175 1285 247 1345 τῶν
265 1286 418 1364 χαλεπῶν
437 1283 603 1364 πέφυκεν·
633 1280 685 1344 σοὶ
702 1278 738 1344 δὲ
753 1277 913 1364 προσήκει
933 1283 1127 1365 προσέχοντι

173 1375 238 1445 τόυ
258 1384 344 1445 νοῦν
365 1391 434 1454 τοῖς
458 1374 518 1444 ὑπ’
547 1379 629 1462 ἐμοῦ
652 1378 844 1462 λεγομένοις
867 1375 1129 1464 βουλεύσασθαι,

175 1477 321 1560 πότερον
342 1474 564 1563 ὀλιγωρητέον
578 1476 645 1543 έστὶ
664 1483 733 1543 τῶν
750 1473 953 1562 Ἑλληνικῶν
975 1476 1126 1562 πραγμά-

172 1602 244 1643 των
260 1575 413 1662 γεγονότι
433 1578 506 1663 μὲν,
528 1573 638 1659 ῶσπερ
653 1572 755 1666 ὀλίγῳ
770 1578 934 1662 πρότερον
951 1577 1015 1664 έγῶ
1037 1580 1130 1663 διηλ-

175 1688 261 1760 θον,
291 1673 430 1761 ἡγεμόνι
464 1674 500 1743 δέ
526 1680 800 1761 Λακεδαιμονίων
828 1674 916 1760 ὄντι,
944 1684 1075 1764 βασιλεῖ
1095 1676 1131 1742 δὲ

175 1774 516 1865 προσαγορευομένῳ,
538 1782 696 1862 μεγίστην
711 1776 747 1842 δὲ
765 1782 832 1843 τῶν
840 1772 1008 1863 Ἐλλήνων
1023 1769 1129 1862 έχοντι

177 1876 296 1958 δόξαν,
310 1870 330 1960 ἢ
342 1881 410 1942 τῶν
421 1876 483 1960 μὲν
494 1874 684 1942 ἐνεστώτων
696 1874 901 1962 πραγμάτοιν
913 1871 1128 1960 ὑπεροπτέον,

175 1979 301 2060 μείζοσι
316 1970 348 2038 δ’
366 1975 595 2059 ἐπιχειρητέον.

118 2089 154 2143 19
261 2068 333 2156 (η’.)
364 2067 445 2156 ’byei
476 2072 538 2156 μὲν
566 2072 632 2156 γάρ
660 2099 744 2158 φημι
773 2081 894 2161 χρῆναί
923 2095 960 2141 σε
996 2080 1142 2147 πάντων,

175 2168 346 2256 ἀφέμενον
366 2176 434 2236 τῶν
460 2167 571 2240 ἀλλων
599 2175 697 2240 δυοῖν
721 2172 855 2240 τούτοιν
876 2178 1050 2260 προσέχειν
1072 2171 1131 2242 τάν

176 2275 279 2352 νοῦν,
294 2266 385 2346 ὅπως
398 2267 478 2346 τοάς
492 2268 554 2355 μέν
562 2267 724 2357 Ἕλληνας
738 2268 936 2351 ἀπαλλάξεις
950 2279 1018 2340 τῶν
1033 2274 1129 2340 πολέ·

177 2393 252 2454 μων
276 2369 330 2435 καὶ
352 2373 420 2434 τῶν
447 2365 559 2436 ἀλλων
584 2376 697 2437 κακῶν
713 2377 782 2436 τῶν
796 2376 862 2436 νῦν
877 2368 989 2448 αὐτοῖς
1003 2368 1132 2454 παρον-

177 2490 257 2550 των,
269 2462 348 2543 τούς
362 2465 399 2533 δὲ
409 2466 601 2553 βαρβάρους
611 2465 750 2543 παύσεις
762 2463 956 2552 ὑβρίζοντας
966 2469 1020 2534 καὶ
1031 2473 1131 2534 πλείω

179 2566 402 2650 κεκτημένους
430 2562 542 2649 ἀγαθά
566 2571 627 2632 τοῦ
655 2565 889 2652 προσήκοντος.
937 2564 982 2644 ὡς
1007 2563 1039 2633 δ’
1066 2567 1131 2633 έστλ

180 2671 285 2731 ταῦτα
307 2661 434 2731 δυνατά
452 2666 507 2730 καὶ
527 2665 742 2750 συμφέροντα
768 2667 822 2734 καὶ
838 2668 889 2732 σοί
905 2667 958 2731 καὶ
977 2671 1018 2752 τῇ
1038 2663 1134 2731 πόλει

180 2764 319 2841 καὶτοῖς
334 2761 447 2839 ἀλλοις
464 2760 605 2847 άπασιν,
622 2760 703 2849 έμόν
720 2770 820 2850 ἔργον
833 2762 897 2850 ἤδη
916 2764 1043 2842 διδάξαι
1058 2765 1133 2846 περὶ
