2859 4334
447 390 867 450 ΠΑΝΑΘΗΝΑΙΚΟΣ.
1090 388 1129 451 77

173 554 233 619 καὶ
249 559 307 636 της
323 559 417 637 τιμής
432 552 553 636 ταύτης
568 558 686 635 ἔτυχον
703 549 765 617 οὐκ
780 549 1007 638 άλόγως,άλλδι
1023 550 1078 617 διὰ
1093 550 1130 618 τό

174 656 285 739 μάχας
299 656 519 740 ποιησάμενοι
535 659 688 731 πλείστας
702 652 897 737 ἀνθρώπων
914 652 985 720 κατ’
1003 657 1131 720 ἐκείνου

173 750 239 819 τὸν
261 753 385 836 χρόνον
405 756 570 838 μηδεμίαν
591 751 777 839 ἡττηθῆναι
799 754 928 819 τούτων
943 750 1132 838 ἡγουμένου

88 865 152 918 258
173 854 339 937 βασιλέως
353 849 435 917 άλλά
452 856 662 936 νενικηκέναι
679 853 802 930 πάσας·
827 844 868 917 οὗ
882 853 1062 937 τεκμήριον
1076 848 1130 917 ού·
1148 868 1198 923 28⁷

176 952 247 1025 δεὶς
264 945 308 1015 άν
328 951 466 1016 δύναιτο
484 955 594 1035 μεῖζον
613 958 716 1018 εἰπεῖν
732 949 869 1033 άνδρίας
889 954 942 1017 καὶ
960 957 1133 1034 καρτερίαις

176 1052 306 1134 καὶτῆς
324 1047 406 1132 πρὸς
420 1047 585 1135 ἀλλήλους
600 1047 771 1136 ὁμονοίας,
796 1052 881 1136 πλήν
895 1046 916 1136 ή
930 1049 967 1118 τὸ
984 1049 1133 1138 ῥηθήσε-

175 1157 262 1215 σθαι
283 1149 420 1231 μέλλον·
441 1150 612 1215 τοσούτων
632 1149 696 1234 γάρ
718 1147 754 1215 τδ
776 1157 906 1235 πλῆθος
921 1157 988 1215 τοῖν
1002 1148 1133 1215 πόλεων
1172 1194 1177 1205 ,

175 1244 458 1333 τῶνἘλληυίδων
474 1245 596 1331 ούσων,
612 1256 680 1315 τῶν
694 1250 756 1332 μὲν
770 1246 882 1314 ἄλλων
896 1245 1008 1315 οὐδέν’
1027 1242 1070 1312 άν
1086 1252 1132 1314 εί-

175 1361 256 1412 πεῑν
268 1342 340 1412 οὐδ’
357 1344 468 1428 εὑρεῖν
487 1345 559 1432 ήτις
578 1345 619 1412 οὐ
630 1350 855 1430 περιπέπτωκε
867 1361 936 1425 ταῖς
946 1359 1134 1431 συμφοραῖς

94 1455 156 1509 259
175 1460 250 1523 ταῖς
276 1450 479 1530 εἰθισμέναις
504 1454 680 1532 γίγνεσθαι
705 1462 775 1525 ταῖς
800 1448 952 1530 πόλεσιν,
978 1450 1014 1514 έν
1037 1448 1073 1514 δέ
1094 1454 1134 1534 τή

177 1552 402 1627 Σπαρτιατῶν
422 1541 532 1621 οὐδεὶς
553 1539 597 1610 άν
613 1547 805 1624 ἐπιδείξειεν
825 1544 901 1612 οὕτε
923 1546 1040 1612 στάσιν
1057 1541 1133 1611 οὔτε

179 1639 314 1725 σφαγάς
329 1639 407 1707 ούτε
423 1640 535 1726 φυγὰς
550 1639 698 1727 άνόμους
713 1646 953 1729 γεγενημένας,
980 1640 1053 1709 οὐδ’
1072 1640 1133 1724 ἁρ-

178 1739 290 1827 παγὰς
300 1742 478 1825 χρημάτων
490 1740 564 1807 οὐδ’
577 1744 735 1827 αἰσχύνας
745 1751 917 1829 γυναικῶν
929 1746 983 1812 καί
994 1748 1133 1826 παίδων,
1146 1763 1162 1815 b

179 1836 256 1908 ἄλλ’
270 1836 348 1905 οὐδὲ
364 1846 528 1917 πολιτείας
541 1841 728 1928 μεταβολήν
741 1841 820 1911 οὐδὲ
838 1851 946 1929 χρεών
964 1840 1135 1919 ἀποκοπάς

180 1936 261 2005 οὐδὲ
278 1945 337 2022 γῆς
350 1934 544 2023 ἀναδασμόν
559 1937 633 2006 οὐδ’
650 1939 724 2009 ἄλλ’
742 1942 842 2010 οὐδὲν
858 1950 925 2010 τῶν
943 1943 1134 2027 ἀνηκέστων

180 2048 305 2134 κακῶν.
329 2040 403 2119 περί
415 2031 464 2105 άν
476 2040 656 2118 διεξιόντας
668 2040 730 2108 οὐκ
743 2048 832 2109 ἔστιν
842 2042 931 2121 ὅπως
942 2040 984 2108 ού
995 2044 1048 2108 καὶ
1059 2048 1132 2117 σοῦ,

180 2148 244 2209 τοῦ
255 2137 285 2204 τ’
297 2136 521 2222 ἀθροίσαντος
532 2142 585 2206 καί
597 2144 830 2225 διαλεχθέντος
840 2140 928 2208 οὕτω
941 2148 1049 2218 καλῶς
1060 2142 1135 2224 περὶ

101 2256 161 2309 260
181 2237 311 2322 αὐτῶν,
326 2240 555 2325 μεμνήσεσθαι
571 2242 625 2305 καλ
640 2238 769 2325 πολλήν
783 2241 881 2324 χάριν
897 2243 991 2319 ἕξειν.
1042 2240 1134 2324 (μα’.)

184 2337 237 2406 Οὐ
258 2337 320 2424 τήν
341 2335 446 2423 αὐτήν
467 2339 503 2405 δὲ
517 2339 656 2424 γνώμην
673 2344 735 2422 έχω
750 2342 823 2416 περὶ
836 2346 897 2404 σοῦ
909 2345 974 2405 νῦν
986 2340 1040 2405 καὶ
1051 2337 1135 2419 πρό-

183 2463 292 2521 τερον.
319 2440 356 2503 έν
370 2438 432 2522 μὲν
449 2434 512 2522 γάρ
527 2451 595 2515 τοῖς
612 2445 820 2521 παρελθοῦσι
835 2440 968 2522 χρόνοις
984 2437 1131 2521 έθαύμα-

185 2536 243 2615 ζόν
253 2554 314 2601 σου
322 2533 383 2622 τήν
389 2562 426 2603 τε
433 2535 602 2620 φύσινκαὶ
609 2534 671 2619 τήν
679 2539 741 2601 τού
750 2539 828 2618 βίου
836 2532 929 2613 τάξιν
937 2534 993 2601 καί
999 2532 1062 2619 τήν
1077 2558 1135 2618 φι-
1147 2567 1162 2603 ε

184 2632 348 2702 λοπονίαν
364 2635 418 2700 καί
438 2636 578 2719 μάλιστα
593 2634 656 2719 τήν
672 2631 836 2719 άλήθειαν
853 2642 909 2718 τῆς
925 2637 1135 2719 φιλοσοφίας,

185 2742 251 2799 νῦν
264 2734 299 2799 δὲ
312 2738 395 2816 ζηλῶ
410 2754 446 2798 σε
461 2737 515 2800 καί
529 2738 696 2818 μακαρίζω
712 2740 768 2818 τής
783 2729 1010 2817 εὐδαιμονίας·
1029 2734 1136 2807 δοκεῖς

184 2832 251 2917 γάρ
270 2856 326 2916 μοι
350 2836 412 2909 ζῶν
432 2831 494 2915 μὲν
513 2832 680 2917 λήψεσθαι
702 2832 804 2909 δόξαν
824 2829 866 2897 οὐ
882 2836 979 2916 μείζω
994 2831 1071 2914 μὲν,
1096 2819 1137 2913 ής

185 2931 276 3009 ἄξιος
290 2927 333 3012 εί,
354 2928 499 3013 χαλεπὸν
517 2930 599 3017 γάρ,
625 2931 714 3018 παρὰ
735 2939 863 2999 πλείοσι
879 2932 914 2998 δέ
934 2933 988 2997 καί
1009 2937 1137 3015 μᾶλλον

185 3027 458 3115 ὁμολογουμένην
478 3035 535 3114 τῆς
556 3037 619 3096 νῦν
636 3029 864 3115 ὑπαρχούσης,
889 3029 1085 3115 τελευτήσας
1101 3028 1136 3093 δὲ

185 3123 245 3194 τδν
260 3132 336 3210 βίον
350 3126 503 3209 μεθέξειν
516 3124 715 3211 ἀθανασίας,
733 3126 774 3193 ού
789 3136 847 3213 τής
859 3142 926 3205 τοῖς
943 3138 1034 3204 θεοῖς
1050 3151 1137 3211 παρ-

186 3223 290 3309 ούσης
309 3220 393 3290 ἀλλὰ
410 3231 467 3310 τής
485 3238 552 3302 τοῖς
569 3228 833 3311 ἐπιγιγνομένοις
843 3228 917 3308 περί
928 3232 996 3293 τῶν
1008 3230 1136 3309 διενεγ-

185 3323 318 3390 κόντωυ
327 3323 383 3389 έπί
388 3349 454 3389 τινι
464 3330 532 3390 τῶν
542 3332 654 3391 καλῶν
664 3331 772 3408 ἒργων
782 3324 916 3409 μνήμην
926 3323 1135 3409 ἐμποιούσης.
1149 3336 1167 3391 d

111 3435 164 3488 261
185 3425 242 3489 καὶ
257 3426 391 3498 δικαίως
404 3420 509 3501 τεύξει
526 3422 670 3489 τούτων·
695 3423 856 3510 ἐπήνεκας
873 3421 937 3508 γάρ
954 3419 1011 3500 τὰς
1025 3423 1139 3498 πόλεις

186 3519 376 3605 ἀμφοτέρας
387 3528 495 3599 καλῶς
505 3524 560 3588 καὶ
571 3524 823 3607 προσηκόντως,
838 3518 899 3607 τήν
911 3522 972 3605 μὲν
982 3517 1065 3587 κατὰ
1076 3516 1138 3604 τήν

187 3623 290 3700 δόξαν
305 3619 361 3703 τήν
379 3628 447 3686 τῶν
463 3627 606 3704 πολλῶν,
621 3611 660 3706 ής
672 3618 781 3699 οὐδεὶς
792 3627 858 3687 τῶν
870 3617 1065 3702 ὀνομαστῶν
1075 3618 1133 3685 άν·
