2859 4334
305 400 367 465 100
578 406 980 485 ΙΣοΚΡΑΤοΤΣοε)

303 590 359 631 ναι
381 565 595 653 παραπλήσια
611 579 680 645 τοῖς
695 568 812 651 ἐρῶσι·
841 575 916 635 τίνα
931 564 996 655 γὰρ
1014 565 1058 635 ἄν
1073 595 1124 648 τις
1141 567 1265 651 αὐτοῖς

238 668 288 725 246
304 666 498 750 ἐπενεγκεῖν
514 672 624 734 αίτίαν
640 672 707 753 ἔχοι
725 671 1001 751 πρεπωδεστέραν
1011 669 1151 754 ταύτης;
1168 673 1263 737 οἵτι-

303 788 358 842 νες
369 771 587 850 μακαρίζουσι
598 767 661 851 μὲν
673 767 729 834 καλ
740 772 875 853 ζηλοῦσι
890 765 969 845 τούς
987 774 1096 845 καλῶς
1104 774 1261 853 χρῆσθαι

302 863 447 952 τῷλόγῳ
460 866 679 950 δυναμένους,
691 866 863 951 ἐπιτιμῶσι
875 864 911 933 δέ
922 871 990 932 τοῖν
1000 873 1174 950 νεωτέρων
1183 881 1261 945 τοῖς

302 977 413 1047 τυχεῖν
434 964 556 1048 ταύτης
573 970 631 1049 τῆς
651 970 749 1050 τιμῆς
768 967 995 1051 βουλομένοις.
1025 965 1080 1032 καλ
1101 978 1171 1041 τοῖς
1188 968 1260 1049 μὲν

300 1073 394 1140 θεοῖς
412 1060 521 1142 ούδελς
540 1068 630 1131 ἐστιν
648 1060 739 1141 ὅστις
750 1062 813 1132 ούκ
830 1060 875 1131 ἂν
893 1061 1023 1143 εὔξαιτο
1035 1064 1178 1148 μα’λιστα
1189 1064 1260 1149 μὲν
1346 1059 1347 1062 “

301 1158 403 1240 αὐτός
414 1161 584 1230 δύνασθαι
599 1164 721 1248 λέγειν,
733 1168 763 1230 εί
772 1162 808 1230 δέ
821 1161 878 1250 μὴ,
890 1160 969 1241 τούς
976 1166 1096 1240 παῖδας
1106 1165 1163 1231 καλ
1175 1161 1258 1241 τούς

233 1272 282 1328 247
302 1265 444 1337 οἰκείους
462 1258 541 1339 τούς
562 1257 685 1329 αὑτοῦ·
714 1258 794 1339 τούς
814 1261 850 1329 δέ
874 1258 968 1351 πόνῳ
986 1263 1041 1328 καλ
1066 1269 1254 1349 φιλοσοφία

301 1367 400 1427 τοῦτο
412 1360 683 1446 κατεργάσασθαι
695 1361 933 1447 πειρωμένους,
944 1357 965 1426 δ
976 1357 1065 1444 παραὶ
1078 1366 1147 1427 τῶν
1157 1367 1255 1427 θεων
1347 1373 1348 1376 ’

302 1456 397 1526 αύτολ
417 1457 598 1545 βούλονται
619 1464 752 1543 λαβεῖν,
780 1454 882 1525 οὐδέν
905 1476 989 1542 φασι
1015 1464 1083 1523 τῶν
1104 1455 1254 1524 δεόντων
1347 1491 1348 1494 “

300 1555 468 1641 πράττειν,
481 1552 555 1624 ἀλλ’
567 1557 672 1624 ἐνίοτε
683 1557 747 1641 μὲν
760 1551 805 1634 ὡς
817 1557 1074 1642 ἐξηπατημένων
1085 1558 1140 1622 καὶ
1152 1581 1251 1640 πεφε-

299 1659 511 1741 νακισμένων
522 1663 785 1741 προσποιοῦνται
795 1662 981 1741 καταγελᾶν
988 1651 1112 1740 αὐτῶν,
1124 1653 1252 1723 ὁπόταν

299 1756 335 1823 δέ
352 1755 485 1841 τύχωσι,
502 1755 744 1842 μεταβαλόντες
763 1750 809 1833 ὥς
827 1758 901 1840 περὶ
918 1765 1132 1824 πλεονεκτεῖν
1143 1758 1251 1823 δυνα-

231 1865 283 1918 248
298 1858 410 1939 μένων
428 1851 507 1933 τούς
530 1853 652 1940 λόγους
668 1863 856 1923 ποιοῦνται.
885 1857 939 1921 καὶ
959 1854 1164 1943 συμβούλοις
1175 1860 1251 1942 μὲν,

299 1951 381 2020 ὅταν
399 1953 558 2030 κίνδυνός
576 1980 625 2032 τις
642 1955 813 2041 καταλάβῃ
829 1951 892 2040 τὴν
909 1954 1019 2041 πόλιν,
1041 1969 1109 2033 τοῖς
1130 1953 1251 2038 ἄριστα

299 2054 459 2137 περὶτῶν
479 2052 684 2138 πραγμάτων
705 2054 852 2139 λέγουσι,
863 2053 994 2131 τούτοις
1014 2062 1171 2141 χρῶνται,
1194 2059 1251 2123 καὶ

299 2151 504 2238 πράττουσιν
528 2148 548 2219 ὅ
559 2179 590 2219 τι
601 2147 644 2219 ἄν
657 2156 689 2221 οί
698 2159 845 2221 τοιοῦτοι
857 2156 1100 2235 παραινέουσι·
1124 2158 1200 2239 περὶ
1212 2158 1251 2221 δὲ

299 2249 377 2329 τούς
394 2257 494 2336 ἔργον
510 2254 749 2338 ποιουμένους,
767 2250 858 2330 ὅπως
872 2258 1054 2339 χρησίμους
1073 2250 1196 2332 αὑτούς
1212 2257 1250 2320 έν

299 2364 366 2428 τοῖς
387 2363 514 2435 καιροῖς
535 2364 603 2428 τοῖς
622 2352 787 2430 τοιούτοις
807 2358 847 2439 τῇ
869 2351 965 2419 πόλει
985 2351 1250 2439 παρασχήσουσι,

189 2500 190 2504 ,
298 2457 507 2536 βλασφημεῖν
518 2458 646 2519 οίονται
656 2458 786 2537 χρῆναι.
804 2454 859 2518 καλ
870 2456 1029 2537 Θηβαίοις
1040 2455 1103 2538 μὲν
1114 2454 1252 2529 καὶτοῖς

298 2546 410 2627 ἄλλοις
426 2549 558 2633 ἐχθροῖς
577 2546 639 2633 τὴν
657 2546 807 2634 ἀμαθίαν
824 2547 1040 2634 ὀνειδίζουσι,
1063 2546 1144 2628 τούς
1160 2548 1193 2616 δ’
1213 2553 1251 2617 ἐκ

297 2645 421 2726 παντός
431 2648 559 2733 τρόπου
570 2646 1058 2735 ζητοῦνταςτηυνόσονταύτην
1069 2653 1252 2735 διαφυγεῖν

231 2754 282 2807 '249
300 2752 532 2832 λοιδοροῦντες
543 2752 762 2816 διατελοῦσιν.
786 2744 807 2814 δ
818 2746 850 2816 δ’
862 2745 904 2814 ού
915 2747 1024 2833 μόνον
1035 2756 1177 2835 ταραχῆς
1189 2768 1253 2835 ση-
1271 2766 1314 2819 ιῖῖ

298 2847 393 2932 μεῖόν
412 2848 502 2913 ἐστιν
518 2844 602 2915 ἄλλό
621 2849 745 2935 καὶτῆς
762 2850 838 2932 περὶ
847 2845 927 2925 τούς
938 2847 1042 2928 θεούς
1054 2846 1250 2935 ὀλιγωρίας·

299 2943 360 3033 τὴν
376 2944 438 3031 μὲν
454 2943 518 3031 γὰρ
529 2944 647 3013 Πειθύ
657 2955 739 3031 μίαν
756 2954 823 3015 τῶν
842 2954 936 3015 θεῶν
951 2955 1145 3036 νομίζουσιν
1163 2947 1251 3015 εἷναι

299 3047 352 3113 καὶ
372 3042 433 3131 την
450 3046 550 3113 πόλιν
568 3042 671 3131 δρῶσι
690 3044 772 3113 καθ’
789 3049 931 3113 ἕκαστον
941 3044 1003 3114 τόν
1014 3045 1170 3115 ἐνιαυτόν
1179 3058 1251 3114 θυ-

299 3150 375 3211 σίαν
385 3141 468 3232 αὐτῇ
480 3146 696 3229 ποιουμένην,
708 3142 787 3223 τούς
798 3145 835 3212 δέ
846 3151 902 3232 τῆς
914 3145 1087 3231 δυνάμεως
1095 3138 1252 3233 ἦςὴθεός

299 3249 363 3328 ἔχει
375 3258 547 3328 μετασχεῖν
558 3247 787 3330 βουλομένους
799 3240 843 3322 ὡς
854 3252 961 3312 κακοῦ
973 3246 1165 3332 πράγματος
1174 3248 1243 3313 ἐπι-

229 3344 282 3398 250
298 3346 493 3425 θυμούντας
505 3344 767 3426 διαφθείρεσθαί
776 3362 888 3427 φασιν.
911 3339 931 3409 δ’
945 3344 980 3411 δὲ
992 3345 1129 3410 πάντων
1141 3346 1249 3412 δεινό-

299 3464 408 3522 τατον,
421 3436 471 3505 ότι
484 3446 701 3528 προκρίναιεν
712 3442 775 3527 μὲν
783 3437 827 3508 ἄν
838 3439 899 3527 τὴν
911 3440 1021 3529 ψυχὴν
1033 3447 1248 3514 σπουδαιοτέ-

299 3567 363 3626 ραν
375 3536 457 3607 εἶναι
470 3548 530 3607 τοῦ
542 3538 703 3626 σώματος,
723 3539 812 3610 οὕτω
824 3544 860 3609 δὲ
871 3542 1114 3628 γιγνώσκοντες
1123 3540 1248 3610 ἀποδέ-

298 3662 411 3719 χονται
423 3644 551 3721 μᾶλλον
562 3635 640 3715 τούς
651 3642 924 3725 γυμναζομένους
934 3646 1001 3706 τῶν
1013 3640 1246 3723 φιλοσοφούν-
