2859 4334
294 360 356 424 ἥδ
576 362 755 421 ΙΣΟΚΡΑ
766 362 893 421 Tem*
910 362 974 432 (19)

294 521 368 592 οὐδ’
386 526 423 593 ἐν
436 524 568 603 τούτοις
583 538 651 601 τοῖς
666 536 779 600 κακοῖς
793 519 964 608 ἠγάπησα,
982 524 1099 603 mods
1107 528 1251 599 οἰκείους

293 620 372 702 τούς
381 626 696 710 ἐμαυτοῦδιασῶσαι
705 627 902 707 δυνηθείην,
911 619 980 689 ἀλλ’
989 623 1248 701 είδῶςΣῶπολιν

292 720 608 809 μὲνάποδημοῦντα,
624 718 730 789 αύτδν
745 717 775 788 δ’
793 724 922 789 ἐκεῖνον
932 719 1112 804 ἀρρῶστως
1124 725 1269 788 διανεί-ο

293 848 413 910 μενον,
439 818 670 910 συνεξεκόμισ’
689 820 780 911 αύτῷ
801 824 856 887 καί
882 818 945 906 τὴν
966 826 1090 907 μητέρα
1112 824 1168 888 καὶ
1190 818 1248 907 την

294 920 448 1007 ἀδελφὴν
466 926 520 989 καὶ
534 918 596 1007 τὴν
610 919 731 989 ούσίαν
745 918 888 987 ἅπασαν.
909 927 1015 988 καίτοι
1030 928 1105 988 τίνα
1121 920 1245 988 δικαιύ

293 1048 391 1104 τερον
403 1019 509 1108 αὐτὴν
521 1028 606 1107 ἔχειν
618 1016 639 1107 ἢ
653 1018 712 1088 τδν
721 1021 796 1087 τότε
806 1018 869 1105 μὲν
880 1019 1170 1100 συνδιασῶσαντα,
1187 1028 1248 1087 νῦν

292 1122 330 1190 δέ
343 1119 433 1204 παρά
448 1129 516 1189 τῶν
532 1128 659 1206 κυρίων
675 1119 851 1205 εἰληφότας

246 1226 277 1279 21
380 1219 462 1301 (ια’.)
499 1219 546 1289 T&
579 1217 643 1306 μὲν
673 1227 793 1291 τοίνυν
824 1223 971 1309 είρημέν’
1001 1224 1093 1293 ἐστίν
1126 1228 1165 1293 ἐν
1203 1214 1247 1295 οἷς

294 1318 516 1389 ἐκινδύνευσα
530 1319 609 1404 μὲν,
632 1324 788 1403 φλαῦρον
805 1312 837 1381 δ’
860 1312 961 1381 οὐδὲν
977 1312 1166 1385 ἀπέλαυσα·
1188 1322 1246 1402 ἔχω

294 1417 329 1485 δέ
344 1419 398 1487 ιιαὶ
414 1414 540 1485 τοιαῦτ’
554 1421 670 1499 εἰπεῖν,
686 1417 719 1495 ἐξ
735 1406 784 1480 ῶν
795 1416 910 1501 ἐκείνῳ
920 1413 1136 1499 χαριζόμενος
1151 1412 1248 1491 αὐτὸς

292 1530 362 1593 ταῖς
381 1521 548 1601 μεγίσταις
562 1528 751 1599 συμφοραῖς
771 1513 976 1595 περιέπεσον.
1011 1510 1096 1599 (ιβ’.)
1115 1510 1269 1597 Ἐπειδήδ

293 1611 357 1700 γὰρ
372 1612 523 1700 ἤλθομεν
539 1618 584 1690 είς
600 1618 740 1698 Μῆλον,
762 1611 982 1695 αἰσθόμενος,
1004 1609 1055 1677 ὅτι
1070 1613 1247 1697 μέλλοιμεν

294 1708 398 1779 αὐτοῦ
411 1711 619 1796 καταμένειν,
635 1710 742 1778 ἐδεῖτό
757 1735 824 1795 μου
838 1719 1004 1796 συμπλεῖν
1020 1715 1066 1788 είς
1084 1717 1246 1797 Τροιζῆνα

293 1811 348 1878 καὶ
359 1813 517 1897 μηδαμῶς
532 1806 636 1876 αὐτὸν
651 1806 842 1893 ἀπολιπεῖν,
860 1813 967 1895 λέγων
982 1809 1043 1897 τὴν
1058 1809 1248 1898 ἀρρωστίαν

292 1918 353 1979 τοῦ
370 1912 520 1998 σώματος
534 1913 590 1980 καὶ
604 1909 641 1978 τδ
656 1918 787 1996 πλῆθος
800 1918 868 1978 τῶν
883 1915 1032 1998 ἐχθρῶν,
1047 1914 1103 1979 καὶ
1116 1910 1169 1980 ὅτι
1183 1939 1248 1999 χω-

294 2012 343 2096 ρίς
368 2014 450 2098 ἐμοῦ
466 2011 647 2097 γενόμενος
671 2006 772 2076 οὐδὲν
795 2011 861 2089 ἕξοι
886 2017 1031 2096 χρῆσθαι
1053 2026 1122 2089 τοῖς
1142 2009 1247 2078 αὑτοῦ

242 2129 275 2181 ²2
290 2110 490 2196 πράγμασιν.
515 2110 729 2197 φοβουμεῖνης
741 2110 776 2175 δὲ
787 2117 845 2194 τῆς
856 2106 995 2194 μητρὸς,
1010 2107 1061 2175 ὅτι
1072 2108 1111 2175 τδ
1123 2116 1248 2195 χωρίον

292 2211 501 2277 ἐπυνθάνετο
523 2213 669 2287 νοσῶδες
689 2206 791 2290 εἶναι,
818 2209 871 2274 καί
888 2214 956 2273 τῶν
975 2211 1080 2287 ξένων
1094 2215 1245 2295 συμβου-

291 2306 461 2375 λευόντων
473 2303 578 2374 αὐτοῦ
593 2309 725 2394 με’νειν,
740 2303 830 2391 ὅμως
842 2309 956 2385 ἔδοξεν
967 2302 1047 2392 ἡμῖν
1058 2308 1175 2395 ἐκείνω
1185 2332 1247 2393 χα-
1263 2333 1276 2369 e

292 2409 423 2491 ριστίον
439 2406 532 2474 εἶναι.
557 2411 611 2476 καὶ
622 2405 704 2494 μετὰ
720 2404 813 2473 ταῦτ’
833 2403 896 2474 ούκ
912 2412 1066 2492 ἐφθημεν
1082 2412 1128 2486 είς
1145 2414 1248 2493 Τροι-

293 2502 361 2593 ζῆν’
381 2506 538 2584 ἐλθόντες
564 2509 618 2574 καὶ
648 2506 816 2585 τοιαύταις
841 2505 955 2584 νόσοις
975 2507 1188 2594 ἐλήφθημεν,
1214 2510 1249 2587 ἐξ

293 2598 342 2671 ῶν
357 2603 457 2684 αὐτὸς
476 2606 538 2692 μὲν
558 2604 648 2691 ααρά
665 2604 787 2691 μικρὸν
803 2597 913 2692 ἦλθον
927 2603 1130 2690 ἀποθανεῖν,
1147 2604 1249 2674 ἀδελ-

292 2703 362 2790 φὴν
373 2706 408 2772 δέ
423 2704 530 2790 κόρην
541 2707 826 2789 τετρακαιδεκέτιν
843 2719 1025 2790 γεγονυῖαν
1042 2703 1135 2783 ἐντός
1151 2706 1249 2790 τριά-

292 2800 390 2871 κονθ’
411 2800 546 2888 ἡμερῶν
566 2806 756 2890 κατέθαψα,
778 2802 840 2890 την
859 2805 895 2869 δέ
911 2802 1025 2889 μητέρ’
1044 2802 1121 2872 οὐδὲ
1144 2808 1249 2873 πένθ’
1342 2765 1344 2912 Ι

293 2899 428 2989 ἡμέραις
441 2904 568 2989 ἐκείνης
583 2901 735 2986 ὕστερον.
766 2911 872 2971 καίτοι
889 2900 954 2971 τίν’
972 2907 1089 2972 οἴεσθέ
1100 2931 1141 2991 με
1156 2908 1251 2992 γνῶ·
1265 2918 1311 2975 389

290 3028 357 3088 μην
372 3008 458 3088 ἐχειν
480 3004 642 3089 τοσαύτης
663 3031 721 3090 μοι
736 3011 918 3090 μεταβολῆς
938 3010 1000 3069 τοῦ
1015 3010 1093 3087 βίου
1106 3030 1251 3091 γεγενη-
1341 3009 1342 3056 ί

238 3120 272 3173 23
289 3104 407 3187 μένηςς
430 3098 468 3180 ὃς
488 3100 548 3170 τόν
562 3106 624 3189 μὲν
645 3102 750 3171 ἀλλον
766 3103 890 3189 χρόνον
909 3100 1045 3187 ἀπαθὴς
1061 3096 1105 3189 ἦν
1120 3112 1249 3188 κακῶν,
1341 3143 1342 3150 1

291 3203 409 3268 νεωστὶ
421 3198 453 3267 δ’
471 3203 659 3288 ἐπειρώμην
675 3209 786 3287 φυγῆς
802 3206 856 3270 καὶ
871 3210 932 3270 τοῦ
947 3200 1027 3285 παρ’
1045 3204 1168 3289 ἑτέροις
1182 3204 1249 3290 μὲν

291 3314 471 3387 μετοικεῖν,
493 3305 668 3386 στέρεσθαι
692 3305 728 3369 δὲ
748 3308 815 3369 τῶν
830 3305 993 3388 ἐμαυτοῦ,
1015 3302 1099 3389 πρὸς
1112 3304 1149 3371 δέ
1164 3306 1249 3371 τού-

291 3424 360 3477 τοις
375 3395 466 3482 δρῶν
479 3395 541 3484 τὴν
555 3404 679 3485 μητέρα
694 3398 757 3486 τὴν
772 3399 877 3469 αὑτοῦ
894 3404 949 3469 καὶ
965 3401 1029 3489 την
1044 3400 1196 3491 ἀδελφὴν
1208 3408 1247 3473 εἰι

290 3498 353 3585 μὲν
367 3506 425 3582 τῆς
439 3505 594 3583 πατρίδος
608 3504 866 3585 ἐκπεπτωκυίας,
877 3503 929 3568 ἐπὶ
941 3503 977 3568 δέ
991 3504 1086 3588 ξένης
1099 3505 1154 3570 καὶ
1167 3502 1245 3588 παρ’

291 3596 476 3675 ἀλλοτρίοις
491 3595 550 3665 τὸν
564 3607 640 3680 βίον
660 3599 873 3677 τελευτώσας.
908 3599 987 3666 ὥστ’
1002 3598 1113 3680 οὐδεὶς
1129 3601 1172 3669 ἀν
1187 3631 1244 3690 μοι
