2859 4334
302 383 366 447 νοο
593 384 974 456 ammom>

303 554 384 632 δων,
400 548 455 614 καὶ
465 551 587 612 τοῦτον
597 546 823 630 καταδέξηοδε
834 544 889 610 καὶ
901 539 961 608 τόν
972 543 1097 624 πατέρα
1111 539 1166 606 καὶ
1181 538 1260 615 τοὺς

302 647 480 732 ἀδελφούς.
511 651 667 732 λέγοντος
678 648 716 712 δέ
725 671 794 732 μου
807 641 891 729 πρός
902 639 1035 726 αὐτούς,
1051 639 1103 708 ότι
1114 643 1258 722 δέδοικα,

302 745 348 835 μὴ
365 753 442 815 λίαν
457 743 581 823 ἄτοπος
596 741 681 811 εἶναι
697 745 783 824 δόξω
798 745 853 812 καί
869 752 1058 828 περίεργος,
1080 745 1186 826 ζητῶν
1201 735 1259 806 εὖ·

303 853 478 929 ρίσκεσθαι
505 851 685 929 τηλικαῦτα
702 840 739 910 τδ
761 846 904 928 μέγεθος
926 837 1007 924 παρ’
1031 838 1183 922 ἀνδρῶν,
1212 833 1260 916 οἷς

302 942 382 1012 οὐδὲ
395 943 529 1011 πάποτε
545 943 711 1028 πρότερον
728 939 805 1009 οὔτε
819 943 997 1027 διελέχθην
1012 937 1089 1006 οὔτε
1105 936 1284 1024 συνήδηςε

303 1042 477 1129 έγενόμην,
493 1040 698 1121 ἀκούσαντες
707 1048 812 1108 ταῦτα
823 1037 910 1108 πολύ
921 1047 1050 1126 μᾶλλον
1062 1040 1255 1120 έλιπάρονν.

269 1140 346 1222 πῶς
373 1139 404 1208 δ’
428 1139 530 1208 οὐδὲν
555 1137 668 1219 αότοίς
688 1137 868 1230 ἀπέβαινεν
884 1132 933 1208 ῶν
952 1138 1107 1226 ἤλπιζον,
1132 1135 1259 1205 ἅπασιν

303 1234 391 1327 ἦσαν
405 1254 607 1326 καταφανεῖς
621 1236 733 1326 άηδῶς
748 1243 951 1326 διακείμενοι
965 1240 1020 1306 καὶ
1033 1244 1184 1325 χαλεπῶς
1200 1239 1259 1322 φέ-

304 1365 428 1427 ροντες.
471 1335 563 1422 ὁρῶν
586 1334 618 1405 δ’
641 1335 766 1416 αύτούς
788 1341 1021 1424 λυπουμένους
1048 1343 1179 1424 μᾶλλον
1202 1341 1260 1403 τοῦ

303 1439 548 1525 προσήκοντος,
566 1445 731 1506 τελευτῶν
744 1433 939 1524 ὑπεσχόμην
952 1437 1097 1523 γράψειν
1111 1433 1175 1521 τὴν
1191 1437 1260 1502 έπι·
1333 1479 1336 1484 -

304 1535 427 1624 στολὴν
433 1538 487 1606 καί
498 1533 739 1623 πέμυεινύμίν.
757 1534 843 1621 ὑπὲρ
854 1536 916 1623 μὲν
927 1529 990 1604 οὖν
999 1543 1059 1603 τοῦ
1071 1534 1116 1623 μή
1128 1539 1261 1612 δικαίως

303 1631 348 1704 ἂν
359 1641 472 1703 δοκεῖν
482 1633 594 1722 μωρὰς
607 1633 692 1703 εἶναι
706 1632 786 1721 μηδ’
803 1631 942 1721 όχληρδς
953 1631 1046 1702 ταῦτ’
1062 1641 1125 1720 ἔχω
1139 1636 1259 1718 λέγειν.

271 1755 289 1808 3
388 1743 402 1814 ί
403 1735 463 1821 β’.)
476 1732 641 1820 Ἡγούμαι
659 1732 695 1802 δὲ
713 1741 821 1812 καλῶς
839 1731 924 1820 ὑμᾶς
943 1740 1194 1822 βεβουλευσθαι
1208 1733 1289 1798 καλό

306 1836 604 1920 διαλλαττομένους
614 1847 682 1912 τολς
693 1840 842 1912 πολίταις
852 1847 920 1910 τοῖς
927 1831 1107 1917 ὑμετέροις,
1124 1833 1179 1897 καὶ
1191 1855 1263 1896 πει-

305 1936 478 2021 ρωμένους
501 1929 579 2010 τούς
594 1930 658 2019 μέν
674 1931 862 2018 φεύγοντας
882 1928 1016 2017 ὀλίγους
1037 1943 1162 2010 ποιεῖν,
1184 1925 1262 2006 τούς

305 2032 341 2100 δέ
356 2033 703 2118 συμπολιτευομένους
723 2028 886 2116 πολλούς,
909 2031 962 2097 καὶ
977 2031 1207 2114 μιμουμένους
1220 2025 1261 2093 τά

304 2133 379 2213 περὶ
393 2127 456 2216 την
470 2128 588 2197 στάσιν
601 2128 663 2216 τὴν
678 2131 779 2197 πόλιν
796 2126 858 2215 τὴν
871 2125 1043 2216 ἡμετέραν.
1066 2125 1210 2216 μάλιστα
1226 2117 1260 2191 δ’

305 2228 348 2296 ἄν
363 2253 411 2305 τις
424 2224 511 2313 ὑμᾶς
522 2227 743 2313 ἐπαινέσειεν,
759 2226 810 2295 ότι
822 2241 891 2305 τοῖς
904 2233 1076 2295 κατιοῦσιν
1085 2223 1263 2293 ἀποδίδοτε

304 2325 366 2413 τὴν
381 2321 517 2394 οὐσίαν·
529 2329 765 2395 έπιδείκνυσθε
778 2325 843 2413 γὰρ
855 2329 909 2395 καὶ
922 2335 1043 2394 ποιεῖτε
1058 2331 1138 2392 πᾶσι
1155 2347 1267 2411 φανε-

305 2425 387 2512 ρδυ,
404 2422 449 2504 ῶς
463 2422 506 2493 ού
519 2434 588 2494 τῶν
602 2426 779 2514 κτημάτων
793 2425 1061 2511 ἐπιθυμήσαντες
1075 2429 1144 2490 τῶν
1161 2420 1263 2490 άλλο-

303 2532 405 2608 τρέων
416 2521 490 2593 ἀλλ’
501 2521 586 2608 ὑπὲρ
597 2533 655 2611 τῆς
664 2525 794 2604 πόλεως
808 2528 974 2618 δείσαντες
985 2524 1190 2608 ἐποιήσασθε
1201 2519 1263 2607 την
1277 2535 1315 2589 425

272 2645 287 2697 ε
305 2620 448 2712 ἐκβολὴν
467 2620 588 2692 αὐτῶν.
618 2627 687 2712 (γ’.)
705 2623 758 2696 Οὐ
772 2624 839 2712 μὴν
854 2621 928 2693 ἀλλ’
946 2630 977 2692 ει’
989 2625 1043 2692 καί
1059 2625 1165 2709 μηδὲν
1182 2619 1264 2707 ὑμίν

305 2728 397 2802 ἔδοξε
413 2722 544 2791 τούτων
558 2723 641 2809 μηδὲ
656 2728 898 2809 προσεδέχεσθε
915 2725 1041 2807 μηδένα
1058 2728 1126 2788 τῶν
1148 2720 1263 2806 φυγά-

305 2824 392 2905 δων,
415 2821 556 2900 τούτους
580 2847 618 2906 γε
643 2832 764 2908 νομίζω
788 2823 975 2909 συμφέρειν
990 2817 1072 2905 ὑμῖν
1093 2820 1261 2903 κατάγειν.

305 2918 443 3004 αἰσχρόν
453 2916 518 3004 γάρ
532 2919 593 3006 τὴν
604 2923 666 3006 μέν
680 2921 782 2990 πόλιν
797 2920 893 3008 ὑμῶν
904 2917 970 2987 ὑπό
987 2919 1124 2987 πάντων
1139 2916 1265 3006 ὁμολο-

305 3028 438 3104 γεῖσθαι
447 3020 701 3107 μουσικωτάτην
717 3019 801 3088 εἶναι
817 3021 871 3089 καὶ
881 3015 960 3098 τούς
974 3016 1265 3104 ὀνομαστοτάτους

306 3121 343 3185 ἐν
358 3114 443 3206 αὐτῇ
455 3115 535 3201 παρ’
553 3115 633 3204 ύμῖν
645 3120 824 3207 τυγχάνειν
837 3118 1037 3206 γεγονότας,
1054 3115 1114 3185 τόν
1126 3117 1164 3186 δὲ
1178 3142 1263 3202 προ

306 3219 422 3302 έχοντα
437 3222 505 3283 τῶν
517 3224 584 3283 νῦν
596 3215 704 3285 ὄντων
720 3220 795 3304 περὶ
809 3216 870 3306 τὴν
881 3223 1031 3301 ίστορίαυ
1044 3223 1102 3302 τῆς
1113 3219 1265 3292 παιδείας

306 3315 427 3402 ταύτης
440 3315 583 3402 φεύγειν
597 3318 632 3384 ἐκ
646 3324 705 3402 τῆς
720 3318 875 3403 τοιαύτης
886 3315 1025 3400 πόλεως,
1040 3316 1095 3381 καί
1110 3310 1190 3392 τούς
1200 3313 1264 3397 μὲν
1278 3331 1289 3377 ο

306 3413 595 3501 άλλουςἝλληνας
608 3413 688 3495 τούς
699 3419 920 3503 διαφέροντας
934 3421 1012 3499 περί
1024 3441 1056 3482 τι
1069 3421 1139 3482 τῶν
1149 3418 1263 3480 καλῶν

306 3517 585 3601 ἐπιτηδευμάτων,
601 3515 667 3584 κάν
677 3514 783 3602 μηδὲν
797 3516 1000 3604 προσηκωσι,
1018 3523 1188 3582 ποιεῖσθαι
1199 3537 1261 3579 πυ-

305 3621 413 3695 λίτας,
429 3612 516 3698 ὑμᾶς
534 3614 662 3699 δέτοδς
677 3613 939 3700 εὐδοκιμοῦντάς
959 3639 995 3680 τε
1012 3610 1102 3695 παρά
1119 3627 1187 3692 τοῖς
1201 3611 1261 3681 άλ-
