2859 4334
283 404 326 467 ει
548 404 948 483 mmmmm)

285 574 398 651 σαφῶς
416 566 510 646 είδώς
522 566 583 654 τὴν
596 569 658 652 μὲν
669 549 744 651 περὶ
759 564 819 632 τὸν
832 564 935 651 λόγου
946 563 1102 650 ἀκαιρίαν
1112 560 1262 643 ἄδοξός

284 692 382 747 τερον
405 668 460 752 ἐμὲ
480 668 706 754 ποιήσουσαν,
731 664 793 753 τὴν
811 666 846 733 δὲ
862 668 936 750 περὶ
951 664 1009 745 τάς
1024 665 1157 748 πράξεις
1175 661 1233 732 ε’ὒ-

284 772 424 850 βουλίαυ
447 762 570 855 αὐτοὺς
592 764 670 844 τοάς
686 764 950 849 ἐπαινουμένους
974 762 1230 850 ἀφελησονσαν·

283 859 357 929 ἀλλ’
375 855 463 947 ὅμως
474 861 538 950 έγά
556 862 592 931 τό
605 865 771 940 λυσιτελὲς
784 864 882 940 ἐάσας
893 860 928 929 τὸ
942 867 1071 931 δίκαιον
1084 863 1228 948 είλόμην.

236 972 269 1030 87
285 956 326 1027 οὐ
342 961 449 1045 μόνον
471 958 503 1028 δ’
525 957 570 1028 ἀν
594 960 771 1047 εὑρεθείην
796 965 846 1028 ἐπὶ
862 975 929 1039 τοῖς
950 970 1017 1027 νῦν
1041 962 1232 1046 λεγομένοις

285 1060 410 1143 ταύτην
431 1066 515 1145 ἔχων
536 1058 598 1146 τὴν
614 1060 768 1127 διάνοιαν
783 1056 856 1127 ἀλλ’
881 1058 1002 1145 ὁμοίως
1017 1062 1068 1129 ἐπί
1083 1061 1231 1141 πάντων,

285 1159 352 1225 ἐπεὶ
369 1160 423 1225 καλ
437 1166 504 1225 των
515 1157 790 1244 πεπλησιακότων
805 1183 860 1243 μοι
878 1165 1022 1246 φανείην
1042 1156 1087 1227 ἀν
1105 1166 1232 1245 μᾶλλον

283 1262 407 1342 χαίρων
419 1270 485 1334 τοῖς
494 1258 546 1325 έπλ
558 1264 603 1347 τῷ
615 1263 677 1347 βίῳ
686 1258 739 1323 καὶ
747 1270 817 1334 ταῖς
828 1257 986 1338 πράξεσιν
997 1256 1232 1342 εὐδοκιμοῦσιν

284 1351 304 1442 ἢ
317 1369 385 1433 τοῖς
397 1358 472 1439 περὶ
483 1354 561 1433 τούς
576 1356 697 1441 λόγους
709 1359 831 1432 δεινοῖς
843 1353 927 1422 εἶναι
937 1359 1105 1425 δοκοῦσιν.
1125 1367 1230 1424 καίτοι
1243 1368 1263 1423 d

283 1460 350 1521 τῶν
374 1451 436 1538 μὲν
462 1447 501 1520 εὖ
526 1456 702 1542 ῥηθέντων
728 1460 757 1521 εί
783 1457 836 1523 καὶ
860 1456 964 1541 μηδὲν
987 1462 1231 1543 συμβαλοίμην,

283 1551 427 1630 ἅπαντες
441 1547 485 1618 άν
502 1554 573 1637 ἐμοὶ
590 1550 653 1638 τὴν
668 1560 778 1622 αἰτίαν
793 1551 963 1639 ἀναθεῖεν,
990 1564 1056 1622 των
1072 1552 1102 1621 δ’
1120 1552 1232 1639 ὀρθῶς

284 1656 521 1737 πραττομένων
537 1657 567 1718 εί
580 1654 634 1719 καί
648 1651 771 1730 πάντες
782 1656 899 1719 εἰδεῖέν
913 1678 953 1737 με
966 1653 1161 1739 σύμβουλον
1176 1680 1230 1739 γε-

284 1756 479 1836 γενημένον,
495 1747 604 1828 οὐδεὶς
621 1748 712 1829 ὅστις
727 1749 789 1818 οὐκ
804 1747 847 1817 άν
859 1746 963 1817 αὐτόν
977 1747 1037 1817 τὸν
1047 1776 1230 1837 μεταχειρι-

286 1851 426 1936 ζόμενον
443 1847 501 1928 τάς
512 1849 646 1932 πράξεις
661 1852 872 1918 ἐπαινέσειεν.

235 1960 270 2013 88
368 1950 457 2034 (λγῖ)
477 1945 572 2016 Ἀλλά
584 1947 649 2034 γάρ
666 1948 729 2016 οὐκ
745 1947 808 2017 οἷδ’
825 1948 902 2016 ὅποι
918 1950 1071 2035 τυγχάνω
1086 1951 1230 2037 φερόμε-
1261 1994 1265 2001 -

286 2073 358 2124 νος·
384 2043 436 2113 ἀεί
453 2044 517 2132 γάρ
534 2048 687 2133 οἰόμενος
701 2053 773 2115 δεῖν
783 2051 1000 2131 προστιθέναι
1012 2045 1048 2116 τό
1066 2057 1134 2115 των
1149 2073 1229 2133 προ-

285 2148 469 2233 ειρημένων
491 2147 666 2231 ἐχόμενον,
689 2148 879 2215 παντάπασι
899 2145 1014 2232 πόρρω
1034 2147 1156 2232 γέγονα
1176 2152 1258 2232 τηςε

287 2241 483 2322 ὑποθέσεως.
502 2242 622 2312 λοιπὸν
636 2237 700 2312 οὖν
715 2248 803 2312 ε’στλν
822 2241 922 2312 οὐδὲν
943 2242 1023 2314 ἀλλο
1040 2241 1128 2331 πλὴν
1139 2250 1231 2329 αίτη·

283 2345 431 2430 σάμενον
445 2352 490 2432 τῷ
507 2345 593 2431 γήρᾳ
606 2345 809 2430 συγγνώμην
822 2342 906 2426 ὑπὲρ
918 2350 974 2430 της
984 2344 1092 2430 λη’θης
1109 2347 1163 2411 καὶ
1177 2350 1232 2429 της

283 2452 514 2530 μακρολογίας,
530 2454 596 2511 τῶν
608 2446 810 2528 εἰθισμένων
821 2448 1085 2529 παραγίγνεσθαι
1096 2457 1163 2520 τοῖς
1175 2468 1232 2527 τη-

284 2546 459 2627 λικοότοις,
475 2547 674 2613 ἐπανελθεῖν
686 2548 732 2621 είς
742 2541 801 2609 τὸν
812 2543 915 2610 τόπον
927 2543 1066 2624 ἐκεῖνον,
1079 2543 1111 2619 ἐξ
1123 2532 1231 2625 οὗπερ

234 2654 269 2709 89
284 2643 454 2709 εἰσέπεσον
466 2648 512 2720 είς
526 2639 587 2727 τὴν
598 2648 849 2727 περιττολογίαν
860 2639 994 2726 ταύτην.
1019 2636 1109 2725 οἶμαι
1121 2635 1154 2706 δ’
1169 2637 1231 2725 ἤδη
1250 2652 1300 2703 θοι

284 2748 454 2826 καθορᾶν,
477 2739 561 2807 ὅθεν
579 2741 782 2826 ἐπλανήθην.
825 2740 912 2819 ολδ.)
938 2746 1013 2818 Τοῖς
1027 2736 1092 2825 γάρ
1109 2735 1232 2805 ὀνειδί-

285 2846 398 2921 ζουσιν
412 2838 507 2926 ἡμῶν
522 2848 560 2928 τῇ
575 2842 669 2908 πόλει
692 2838 751 2919 τάς
768 2846 910 2925 Μηλίων
932 2842 986 2907 καλ
1005 2836 1063 2915 τάς
1080 2845 1149 2905 τῶν
1163 2862 1214 2904 τοι

284 2938 395 3006 οότων
417 2947 596 3023 πολιχνίων
618 2937 794 3024 συμφοράς
820 2936 1015 3025 ἀντέλεγον,
1039 2934 1157 3024 οὐηεδς
1172 2932 1234 3023 οὐχ

285 3036 524 3124 ἡμαρτημένων
534 3038 673 3122 τούτων,
688 3035 762 3106 ἀλλ’
776 3039 998 3108 ἐπιδεικνύων
1009 3038 1086 3116 τοὺς
1096 3035 1233 3124 ἀγαπω-

283 3139 407 3224 μένους
431 3133 485 3203 ὑπ’
505 3135 616 3203 αὐτῶν
636 3134 723 3204 πολὺ
747 3146 879 3217 πλείους
901 3140 1013 3217 πόλεις
1033 3140 1087 3205 καλ
1102 3144 1234 3223 μείζους

285 3235 380 3324 ἡμῶν
394 3234 600 3315 ἀναστάτους
618 3238 855 3324 πεποιηκότας,
881 3241 917 3305 ἐν
940 3233 989 3317 οἷς
1005 3239 1060 3307 καὶ
1079 3241 1154 3320 περί
1176 3247 1234 3324 της

284 3334 402 3421 ἀρετῆς
418 3343 474 3422 τῆς
486 3332 729 3421 Ἀγαμέμνονος
742 3339 795 3404 καί
808 3336 988 3403 Μενελάου
999 3339 1052 3406 καί
1067 3339 1234 3420 Νέστορος

284 3437 474 3519 διελέχθην,
503 3438 624 3513 ψεῦδος
644 3435 707 3521 μὲν
721 3431 822 3501 οὐδὲν
835 3438 959 3518 λέγων,
986 3443 1087 3502 πλείω
1102 3432 1134 3501 δ’
1152 3444 1233 3513 ίσως

232 3547 267 3603 9⁰
282 3541 349 3599 τῶν
365 3538 514 3616 μετρίων.
547 3540 643 3599 τοῦτο
668 3529 699 3599 δ’
716 3534 863 3614 ἐποίουν,
884 3529 1064 3618 ὑπολαβάν
1088 3529 1231 3611 οὐδενός
1247 3546 1262 3595 b

284 3638 420 3697 ἔλαττον
434 3631 610 3711 ἀαάρτημα
624 3637 721 3697 τοῦτο
739 3632 847 3711 δόξειν
863 3629 946 3697 εἶναι
964 3638 1032 3697 των
1046 3630 1227 3715 τολμησάν-
