2859 4334
313 359 374 422 ιεο
588 358 986 431 ιεοιιεκνονειιι)

310 528 377 588 τάν
403 521 512 587 ὄντων
536 517 788 593 ἐκπεπτωκότας
813 510 834 601 ἦ
858 513 937 592 τούς
961 523 1061 599 δίκην
1085 513 1173 598 ὑπὲρ
1198 522 1266 581 τῶν

247 640 288 695 ιρι
309 616 554 703 ἁμαρτημάτων
571 614 764 692 δεδωκότας.
797 616 850 681 καὶ
865 622 899 681 τί
911 618 963 680 δεῖ
975 619 1084 698 λέγειν
1100 619 1175 698 περὶ
1197 619 1267 679 τῶν

311 723 453 797 κοινῶν;
476 714 576 793 αὐτὸς
593 712 658 800 γάρ
675 711 716 778 οὐ
731 709 854 797 μικρὸν
868 713 1051 799 διήμαρτον
1068 712 1123 779 διά
1138 714 1269 797 ταύτην

311 811 373 900 τὴν
380 811 567 899 μεταβολὴν
577 820 645 879 των
656 814 802 897 ἐμαυτοῦ
813 811 1026 895 πραγμάτων.
1047 808 1102 876 ὅτε
1114 807 1179 894 γάρ
1192 813 1266 876 ἐπα·
1342 861 1343 888 ,

312 912 431 998 μύνειν
457 909 607 997 ἠρχόμην
634 925 701 989 τοῖς
722 914 819 987 ίδίοις
839 908 1057 995 ἀπολομένων
1076 912 1115 977 έν
1135 917 1181 999 τῷ
1206 936 1271 975 πο-

313 1016 399 1100 λέμῳ
421 1017 465 1097 τςδ
486 1010 570 1090 πρὸς
584 1015 867 1093 Λακεδαιμονίους
888 1006 1048 1075 ἁπάντων
1069 1016 1137 1075 τῶν
1157 1006 1271 1096 ὑπαρ-

313 1108 442 1194 χόντων
461 1108 557 1195 ἡμῖν,
579 1108 638 1195 ἀφ’
665 1102 713 1177 ἀν
728 1106 746 1176 ὁ
762 1105 870 1194 πατὴρ
887 1106 956 1194 ἀμα
970 1115 1010 1193 τῇ
1025 1134 1060 1175 τε
1074 1109 1171 1174 πόλει
1187 1106 1270 1192 χρή-

314 1232 412 1291 σιμον
433 1205 537 1275 αὐτόν
556 1223 710 1293 παρεῖχεν
725 1205 809 1294 ἡμᾶς
822 1202 860 1273 θ’
879 1203 984 1283 οὕτως
999 1208 1160 1290 ἐπιμελῶς
1176 1209 1272 1272 ἐπαί-

314 1312 434 1374 δευσεν
456 1303 533 1373 ὥστ’
551 1308 812 1390 ἐπιφανέστερον
828 1301 914 1370 εἶναί
926 1329 967 1387 με
982 1304 1055 1371 τότε
1070 1305 1125 1369 καὶ
1142 1330 1271 1387 μνωρι-
1343 1311 1344 1316 ’

313 1405 464 1490 μωττρον
479 1408 516 1471 ἐν
530 1419 598 1482 τοῖς
615 1404 805 1491 ἡλικιώταις
823 1404 878 1469 καὶ
900 1405 1226 1489 συμπαιδευομένοις
1249 1398 1272 1486 ἢ
1344 1469 1345 1490 η

249 1520 297 1575 162
314 1510 380 1570 νῦν
402 1504 527 1580 ἐντοῖς
549 1505 903 1589 συμπολιτευομένοις,
924 1499 978 1567 ὅτε
1000 1498 1030 1567 δ’
1053 1494 1135 1585 οὖν,
1158 1498 1272 1578 ὥσπερ

315 1602 419 1686 εἷπον,
433 1597 583 1688 ἠρχόμην
598 1604 789 1688 πλησιάζειν
803 1603 900 1686 τισὶν,
916 1599 1021 1690 η’ίμην,
1038 1608 1070 1669 εί
1081 1606 1273 1686 δυνηθείην

315 1710 416 1771 πλείω
433 1701 615 1787 κτήσασθαι
633 1702 687 1769 καὶ
698 1703 981 1785 περιποιήσασθαι
992 1709 1059 1769 των
1070 1705 1122 1770 ἐπὶ
1133 1701 1196 1769 τόν
1208 1699 1276 1770 αά-

315 1798 374 1867 τόν
398 1806 473 1884 βίον
502 1797 738 1885 ὁρμησάντων,
763 1796 936 1885 ἀμφότερα
961 1801 1087 1887 δόξειν,
1115 1804 1170 1870 καὶ
1195 1803 1274 1879 περὶ

315 1894 377 1983 τὴν
392 1904 596 1982 φιλοσοφίαν
613 1900 786 1983 διαφέρειν
801 1901 855 1964 καί
869 1898 1097 1984 κοσμιάτερον
1110 1898 1274 1986 βεβιωκέ-

252 2010 299 2064 163
314 2021 369 2061 ναι
384 2001 451 2062 τῶν
465 1992 593 2062 ἀλλωνΙ
623 1996 693 2081 ἐμοὶ
712 1996 748 2061 δέ
770 1992 969 2063 τούναντίον
989 1993 1208 2081 ἀποβέβηκεν.
1245 2002 1276 2062 εί

317 2095 378 2181 μὲν
392 2091 456 2180 γάρ
471 2091 546 2181 μήτ’
563 2094 653 2174 ἀξιος
664 2093 808 2180 μηδενὸς
824 2096 988 2182 ἐγενόμην
1003 2096 1083 2182 μήτε
1097 2121 1274 2178 περιεποι-

317 2192 449 2278 ησάμην
470 2193 591 2277 μηδὲν,
621 2188 730 2270 οὐδεὶς
749 2190 792 2259 ἀν
817 2220 873 2280 μοι
901 2195 1078 2279 πράγματα
1102 2209 1273 2279 παρεῖχεν,

317 2290 400 2360 ἀλλά
415 2296 568 2375 φανεράς
583 2287 710 2359 ἀδικῶν
725 2289 883 2376 ἀσφαλῶς
898 2288 942 2359 ἀν
955 2298 1036 2372 ἔζων
1047 2294 1144 2360 ἕνεκά
1157 2321 1195 2379 γε
1206 2302 1280 2361 των
1291 2306 1321 2361 8⁶

318 2396 558 2475 συκοφαντῶν·
582 2396 647 2456 νῦν
662 2386 692 2456 δ’
710 2387 785 2457 ἀντὶ
799 2396 857 2474 τῆς
874 2388 972 2475 δόξης
991 2381 1031 2475 ἦς
1052 2392 1274 2475 προσεδόκων

317 2488 445 2574 ἀγάνες
459 2496 538 2573 περί
549 2515 589 2573 με
604 2491 659 2557 καὶ
673 2494 827 2557 κίνδυνοι
842 2492 897 2555 καλ
913 2489 1039 2574 φθόνοι
1052 2493 1106 2557 καί
1118 2494 1273 2576 διαβολαὶ

255 2600 302 2653 164
318 2586 505 2672 γεγόνασιν.
539 2584 627 2653 οὕτω
640 2585 705 2673 γάρ
721 2586 741 2673 ἡ
756 2589 852 2665 πόλις
873 2591 910 2654 ἐν
931 2595 976 2676 τῷ
999 2590 1141 2668 παρόντι
1165 2597 1276 2674 χαίρει.

317 2684 396 2765 τούς
410 2686 635 2771 μὲνέπιεικεις
657 2686 813 2771 πιέζουσα
837 2688 894 2757 καί
916 2684 1096 2767 ταπεινοάς
1117 2693 1277 2776 ποιοῦσα,

318 2797 384 2861 τοῖς
400 2785 434 2851 δὲ
448 2798 607 2869 πονηροῖς
622 2787 775 2866 ἐξουσίαν
791 2789 928 2850 διδοῦσα
944 2787 998 2850 καὶ
1009 2787 1118 2869 λέγειν
1128 2786 1184 2852 καὶ
1194 2807 1276 2851 ποε-

319 2896 369 2950 εῐν
386 2880 405 2947 ό
420 2909 449 2948 τι
465 2876 508 2947 ἀν
522 2889 756 2969 βουληθῶσιν,
773 2881 856 2951 άστε
873 2889 1060 2969 Λυσίμαχος
1076 2882 1138 2967 μέν
1153 2880 1171 2950 δ
1187 2908 1276 2966 προ-

318 2983 481 3070 ηρημένος
503 2986 560 3067 ζην
575 2984 610 3048 έκ
625 2990 686 3050 τοῦ
698 2997 923 3069 συκοφαντεῖν
941 2985 994 3050 καὶ
1009 2990 1117 3061 κακῶς
1131 2980 1187 3050 ἀεί
1197 3010 1276 3050 τινα

319 3093 428 3149 ποιεῖν
448 3085 515 3146 τῶν
528 3088 673 3148 πολιτῶν
689 3083 928 3168 κατηγορήσων
943 3078 1039 3168 ἡμῶν
1053 3079 1274 3169 ἀναβέβηκεν,

320 3176 383 3264 ἐγώ
406 3174 437 3245 δ’
460 3175 496 3256 δς
517 3176 595 3247 οὐδὲ
619 3184 693 3266 περὶ
719 3183 778 3247 ἕνα
804 3177 934 3248 πώποτ’
963 3179 1162 3266 ἐξήμαρτον,
1188 3179 1275 3248 ἀλλά

319 3286 386 3347 τῶν
401 3276 463 3365 μέν
476 3280 615 3347 ἐνθένδε
631 3282 811 3365 λημμάτων
825 3279 1033 3365 ἀπεσχόμην,
1055 3276 1145 3362 παρὰ
1167 3281 1275 3359 ξένων

319 3380 356 3447 δὲ
371 3382 425 3446 καί
440 3380 644 3463 νομιζόντων
662 3374 701 3447 εὖ
718 3380 856 3464 πάσχειν
874 3376 1081 3462 ἐπορισάμην
1102 3375 1160 3455 τὰς
1182 3375 1274 3462 ὠφε-

319 3484 418 3560 λείας,
436 3474 480 3557 άς
496 3476 590 3545 δεινά
601 3486 708 3546 ποιῶν
720 3484 766 3557 είς
777 3478 987 3564 τηλικουτονί
998 3476 1187 3560 καθέστηκα
1200 3482 1274 3543 κίν-

255 3594 302 3650 ῑδὸ
317 3583 431 3647 δυνον.
457 3583 563 3645 καίτοι
578 3585 726 3665 προσῆκε
742 3574 822 3655 τούς
838 3570 877 3644 εὖ
892 3580 1103 3661 φρονοῦντας
1115 3572 1275 3657 εὔχεσθαι
