2859 4334
743 142 805 155 v

304 361 365 427 1⁰8
580 368 978 441 ιΣοιιΡΑνονΣυε)

302 528 407 613 μηδὲν
427 529 683 613 ἐξαμαρτάνειν,
705 524 928 611 ἀδικούμενος
948 529 984 595 δὲ
1002 524 1047 613 μη
1063 525 1145 613 μετά
1163 530 1265 595 δικα-

302 634 441 712 στηρίου
462 637 632 695 ποιεῖσθαι
652 624 712 704 τάς
726 632 885 711 τιμωρίας
906 622 980 693 ἀλλ’
1003 629 1127 704 ἐντοῖς
1149 634 1266 710 φίλοις

301 738 370 803 τοῖς
384 727 522 793 ἐκείνων
536 726 734 793 διαλύεσθαι
749 726 907 808 περὶτῶν
921 721 1263 811 άμφισβιητουμένων.

252 844 285 899 23
302 816 351 892 ὦν
374 823 474 892 οὐδέν
494 851 551 912 μοι
566 828 669 892 πλέον
688 828 843 909 γέγονεν,
866 821 939 891 ἀλλ’
959 821 1150 910 άνεγιιλητεὶ
1165 828 1262 909 μέχρι

301 926 436 1010 ταυτησί
459 932 517 1011 της
535 922 665 1012 ἡλικίας
683 920 853 1012 βεβιωκως
873 929 920 1002 είς
938 921 999 990 τὸν
1023 921 1129 991 αὐτὸν
1152 925 1262 991 καθέ·

302 1043 406 1110 στηκα
428 1028 607 1107 κίνδυνον,
632 1029 678 1101 είς
697 1022 803 1107 ὅνπερ
825 1018 869 1089 άν
886 1028 917 1089 εί
930 1022 1057 1101 πάντας
1074 1021 1262 1107 ἐτύγχανον
1338 1046 1339 1097 ι

303 1120 478 1210 ἠδικηκώς.
1276 1150 1290 1185 e

389 1220 441 1290 015
460 1222 529 1309 μὴν
548 1224 762 1290 παντάπασιν
777 1221 901 1307 άθυμω
917 1220 971 1289 διὰ
987 1221 1025 1289 τὸ
1040 1225 1183 1307 μέγεθος
1196 1226 1263 1285 τοῦ

300 1324 491 1409 τιμήματος,
509 1321 585 1390 ἄλλ’
596 1321 640 1389 ἄν
653 1348 716 1405 περ
732 1321 912 1407 ἐθελήσητε
926 1317 996 1406 μετ’
1011 1318 1142 1397 εὐνοίας
1154 1315 1260 1403 άκρο-

302 1420 466 1505 άσασθαι,
487 1420 613 1499 πολλάς
633 1424 768 1499 ἐλπίδας
791 1426 853 1505 ἐχω
874 1416 954 1497 τούς
976 1420 1038 1505 μὲν
1059 1420 1261 1503 διεψευσμέ-
1277 1422 1320 1475 316

301 1545 382 1598 νους
395 1530 464 1588 των
477 1524 566 1607 έμων
582 1520 853 1605 ἐπιτηδευμάτων
867 1521 921 1587 καὶ
935 1521 1177 1603 πεπεισμένους
1187 1513 1258 1583 ὑπὸ

300 1627 369 1688 τῶν
392 1625 609 1708 βουλομένων
629 1628 840 1707 βλασφημεῖν
856 1618 976 1703 ταχέως
992 1615 1260 1702 μεταπεισθήσε·

300 1730 382 1788 σθαι
397 1722 472 1803 περὶ
487 1718 617 1803 αὐτῶν,
633 1718 712 1796 τούς
729 1718 763 1785 δὲ
778 1724 933 1784 τοιοῦτον
949 1716 1036 1784 εἷναί
1047 1743 1087 1802 με
1102 1721 1258 1800 νομίζον-

302 1847 376 1902 τας,
392 1816 462 1898 οἷός
478 1846 540 1902 περ
558 1823 639 1905 εἰμὶ,
656 1819 875 1906 βεβαιότερον
890 1823 936 1885 ἐτι
952 1818 1079 1902 ταύτην
1094 1818 1181 1896 ἕξειν
1194 1812 1260 1900 τὴν

250 1948 284 2005 29
302 1919 465 1987 διάνοιαν.
508 1922 564 1984 ἵνα
588 1918 623 1985 δὲ
648 1916 692 2003 μὴ
723 1924 798 1984 λίαν
822 1918 947 2001 ἐνοχλῶ
973 1915 1080 1983 πολλά
1106 1913 1170 1996 πρὸ
1195 1922 1260 1982 τοῦ

301 2020 493 2104 πράγματος
507 2019 629 2103 λέγων,
645 2014 813 2102 ἀφέμενος
827 2016 973 2099 τούτων,
994 2018 1067 2098 περὶ
1085 2006 1134 2081 δν
1151 2024 1257 2081 οἴσετε

300 2116 361 2203 τὴν
376 2124 508 2203 ψῆφον,
523 2115 585 2202 ἤδη
601 2115 799 2201 πειράσομαι
814 2114 986 2180 διδάσκειν
1001 2110 1096 2199 ὑμᾶς.
1131 2120 1188 2179 καί
1200 2138 1257 2198 μοι

300 2213 363 2302 τὴν
376 2213 513 2301 γραφὴν
528 2215 713 2300 ἀνάγνωθι.

700 2376 732 2437 Γ
727 2376 861 2437 ΡΑΦΗ.
1269 2392 1285 2444 b

250 2539 284 2595 3⁰
384 2505 468 2589 (ιγ’.)
489 2501 540 2571 Ἐκ
552 2507 612 2590 μὲν
624 2511 741 2572 τοίνυν
752 2512 808 2589 τῆς
819 2509 950 2588 γραφῆς
961 2508 1117 2585 πειρᾶταί
1125 2526 1165 2586 με
1182 2506 1255 2568 δια-

300 2604 437 2691 βάλλειν
451 2600 469 2670 ὁ
488 2602 689 2689 κατήγορος,
714 2600 759 2680 ὡς
773 2607 961 2687 διαφθείρω
975 2601 1054 2678 τούς
1070 2606 1258 2686 νεωτέρους

299 2704 408 2788 λέγειν
428 2702 598 2768 διδάσκων
618 2702 672 2768 καὶ
694 2698 783 2783 παρά
807 2698 843 2767 τὸ
865 2705 997 2768 δίκαιον
1015 2702 1136 2777 ἐντοῖς
1151 2696 1255 2785 ἄγωσι

240 2845 243 2850 -
299 2808 528 2886 πλεονεκτεῖν,
549 2804 585 2869 ἐκ
608 2803 643 2868 δὲ
664 2807 733 2867 των
755 2798 866 2866 άλλων
881 2800 993 2885 λόγων
1008 2812 1096 2865 ποιεῖ
1109 2824 1148 2883 με
1162 2806 1254 2883 τηλι-

299 2906 438 2983 κοῦτον,
459 2897 537 2978 ὅσος
558 2897 668 2979 οὐδεὶς
689 2900 821 2967 πώποτε
844 2904 984 2985 γέγονεν
1003 2896 1081 2964 οὔτε
1094 2903 1164 2964 τῶν
1181 2898 1253 2982 περὶ

299 2997 339 3066 τά
355 2997 549 3084 δικαστήρια
566 3003 839 3084 καλινδουμένων
854 2998 930 3066 ούτε
946 3007 1014 3065 των
1030 2999 1105 3081 περὶ
1123 2995 1186 3083 τὴν
1197 3025 1254 3082 φι-

299 3105 462 3183 λοσοφίαν
478 3100 739 3181 διατριηάντων·
763 3094 805 3164 ού
819 3094 884 3183 γάρ
902 3098 1009 3183 μόνον
1025 3098 1159 3176 ἰδιώτας
1174 3102 1258 3184 φησί
1267 3118 1279 3155 c

299 3222 366 3283 μου
381 3204 583 3283 γεγενῆσθαι
597 3195 749 3283 μαθητάς
766 3196 849 3264 άλλά
869 3200 922 3265 καὶ
934 3199 1077 3283 ῥήτορας
1088 3199 1143 3264 καὶ
1154 3219 1254 3281 στρα·

298 3293 419 3382 τηγούς
431 3298 484 3362 καί
496 3298 651 3381 βασιλέας
661 3298 716 3363 καὶ
730 3297 930 3379 τυράννους,
948 3298 1003 3363 καὶ
1018 3295 1168 3382 χρήματα
1181 3288 1254 3380 παρ’

298 3393 410 3461 αὐτων
425 3401 608 3480 παμπληθῆ
625 3392 664 3460 τά
681 3397 741 3479 μὲν
761 3398 948 3480 εἰληφέναι,
963 3391 1003 3460 τά
1020 3389 1051 3459 δ’
1065 3399 1111 3460 ἔτι
1125 3394 1180 3461 καὶ
1191 3400 1254 3460 νῦν

251 3506 279 3562 ³1
299 3497 492 3580 λαμβάνειν.
522 3500 643 3560 τοῦτον
659 3495 694 3561 δὲ
707 3491 768 3561 τδν
783 3495 909 3579 τρόπον
925 3500 1099 3577 πεποίηται
1116 3490 1179 3578 την
1194 3518 1253 3559 κα-

298 3605 467 3679 τηγορίαν,
483 3592 670 3680 ἡγούμενος
687 3597 723 3662 ἐκ
738 3596 800 3677 μὲν
812 3587 861 3661 ὧν
873 3594 1167 3673 καταλαζονεύεται
1181 3600 1255 3672 περί
