2859 4334
279 387 301 450 ε
555 381 963 463 [mmmmm

281 543 414 630 ληιιιιδς
429 543 514 614 άλλά
525 541 569 631 μή
583 543 720 629 σεμνός·
742 542 804 611 τόν
818 545 881 630 μὲν
895 540 961 629 γάρ
974 549 1044 610 τόν
1055 541 1239 627 ὑπεροπτι-

281 651 351 712 κῶν
365 642 470 730 ὄγκον
483 643 580 729 μόλις
596 635 641 709 δυ
655 644 690 710 οί
708 645 825 711 δοῦλοι
839 639 1098 728 καρτερήσειαν,
1122 640 1183 710 τόν
1200 643 1239 713 δὲ

280 749 349 810 τῶν
366 739 569 828 ὑμιλητιιιῦν
582 739 710 828 τρόπον
724 738 869 818 ἅπαντες
878 737 983 825 ἡδέως
992 738 1236 828 ὑποφέρουσιν.

235 857 266 910 sl
279 836 470 927 ὁμιλητικὸς
480 835 512 906 δ’
526 844 593 906 ἒσει
604 835 649 924 μή
662 839 797 925 δάσερις
807 834 856 906 οὑν
865 840 948 924 μηδὲ
958 840 1161 926 δυσάρεστος
1171 869 1238 927 μη-

281 940 318 1008 δὲ
342 935 426 1023 πρὸς
445 936 554 1006 πάντα
574 937 765 1024 φιλόνικος,
786 937 870 1024 μηδὲ
883 935 968 1021 πρὸς
986 936 1046 1016 τοὶς
1063 947 1131 1008 τῦυ
1150 949 1238 1027 τελη-

281 1035 464 1115 σιαξόντωυ
484 1032 587 1123 όργὺς
607 1037 752 1123 τραχέως
765 1033 940 1122 άπαντῦν,
961 1037 1041 1124 μηδ’
1056 1035 1098 1107 άυ
1112 1037 1238 1118 άδίιιως

282 1132 490 1222 ὀργιζόμενοι
506 1137 732 1222 τυγχάνωσιν,
748 1132 834 1204 άλλὺ
849 1141 1081 1222 θνμουμίνοις
1095 1140 1158 1225 μὲν
1174 1137 1239 1208 αὑ-
1250 1165 1269 1204 ε
1294 1156 1297 1160 ’

281 1248 350 1314 τοῖς
370 1244 488 1321 εἴκων,
510 1237 737 1322 πεπαυμένοις
757 1234 794 1303 δὲ
812 1241 871 1322 τῆς
887 1231 989 1321 όργῆς
1010 1237 1236 1324 ἐπιπλήττων·

281 1331 364 1420 μηδὲ
376 1331 466 1420 παρὰ
477 1330 516 1402 τά
529 1343 643 1422 γελοῖα
654 1333 869 1418 σπουδάζων,
880 1333 965 1420 μηδὲ
975 1335 1066 1423 παρὰ
1076 1334 1117 1404 τά
1128 1356 1237 1405 σπον-

282 1437 358 1500 δαῑα
372 1445 441 1512 τοῖς
456 1438 598 1518 γελοίοις
612 1439 752 1519 χαίρων·
774 1430 812 1500 τό
827 1430 892 1518 γάρ
906 1431 1049 1520 άκαιρον
1065 1442 1238 1523 πανταχοῦ

281 1531 450 1618 λυπηρόν·
478 1531 562 1618 μηδὲ
581 1529 640 1610 τάς
654 1531 790 1618 χάριτας
810 1529 992 1618 άχαρίστως
1011 1536 1236 1623 χαριζόμενος,

281 1627 363 1714 ὅπερ
379 1629 565 1716 πάσχουσιν
582 1635 615 1699 οί
631 1632 765 1717 πολλοὶ,
787 1637 964 1711 ποιοῦντες
976 1633 1056 1719 μὲν,
1073 1631 1184 1720 άηδῦς
1199 1633 1237 1702 δὲ

280 1744 348 1808 τοῖς
363 1735 474 1816 φίλοις
488 1727 755 1816 ὑπουργοῦντες·
777 1729 861 1816 μηδὲ
876 1736 1041 1816 φιλαίτιος
1056 1726 1122 1818 (δυ,
1143 1731 1265 1820 βαρὺο

233 1847 267 1902 ιλ
283 1827 359 1916 γάρ,
370 1829 454 1915 μηδὲ
465 1827 726 1916 φιλεπιτιμητὴς,
737 1827 982 1915 παροξυντικὸν
993 1831 1067 1919 γάρ.
1092 1831 1236 1917 μάλιστα

282 1929 344 2016 μὲν
365 1927 510 2016 εὐλαβοῦ
525 1928 583 2007 τάς
604 1933 641 1997 ἐν
662 1943 732 2008 τοῖς
752 1928 867 2008 πότοις
887 1935 1084 2008 συνουσίας·
1116 1927 1177 1999 ἐάν
1198 1933 1239 1998 δέ

282 2032 363 2096 ποτέ
371 2047 423 2095 σοι
435 2033 587 2119 συμπέσῃ
597 2027 730 2116 καιρός,
742 2032 932 2110 ἐξαυίστασο
944 2026 1008 2115 πρό
1020 2033 1136 2117 μέθης.
1152 2029 1236 2099 ὅταν

282 2126 347 2215 γάρ
363 2125 381 2195 ὁ
395 2135 476 2207 νοῦς
490 2125 550 2196 ὑπ’
570 2157 581 2194 ,ι
594 2138 670 2198 ίνου
693 2134 885 2218 διαφθαρῇ,
905 2125 1010 2196 ταῦτά
1027 2128 1146 2215 πάσχει
1166 2142 1235 2208 τοῖς

283 2225 406 2312 ἅρμασι
425 2239 494 2305 τοίς
516 2224 595 2306 τοὺς
615 2225 773 2314 ἡνιόχους
789 2225 1034 2314 άποβαλοῦσιυ·
1066 2229 1177 2297 ἐκεῖνά
1197 2254 1234 2296 τε

282 2323 345 2413 γάρ
361 2322 510 2404 ἀτάκτως
521 2330 657 2412 φέρεται
672 2327 895 2414 διαμαρτόντα
908 2332 978 2394 τοῖν
989 2323 1234 2395 εὑθυυοάντων

281 2424 304 2512 ἥ
323 2451 358 2492 τε
377 2421 466 2510 ψυχὴ
490 2423 596 2493 πολλά
613 2426 796 2512 σφάλλεται
817 2430 1059 2513 διαφθαρείσης
1079 2433 1137 2513 τῆς
1158 2431 1263 2493 δια-λι

282 2530 384 2603 νοίας.
393 2519 548 2592 ἀθάνατα
555 2526 617 2610 μὲν
625 2523 746 2611 φρόνει
754 2532 800 2617 τῷ
807 2523 1039 2611 μεγαλόψυχος
1047 2523 1234 2611 alm-&mr

233 2637 269 2691 ³³
282 2622 322 2693 τὺ
333 2621 421 2713 δὲτῷ
433 2625 628 2712 συμμέτρως
638 2631 706 2691 τάν
716 2621 936 2710 ὑπαρχόντων
944 2620 1137 2692 ἀπολαύειν.
1148 2619 1235 2710 ἡγοῦ

281 2721 343 2809 τὴν
356 2726 512 2791 παιδείαν
525 2722 674 2813 τοσούτῳ
689 2728 801 2810 μεῖζον
815 2718 949 2808 ἀγαθόν
961 2719 1046 2790 εἶναι
1060 2729 1119 2809 τῆς
1133 2719 1235 2790 άπαι-

282 2827 426 2907 δευσίας,
439 2820 507 2913 ὅσοι
518 2820 559 2889 τά
570 2827 633 2909 μὲν
643 2821 728 2890 άλλα
739 2819 893 2908 μοχθηρά
905 2819 1028 2900 πάντες
1037 2825 1236 2908 κερδαίνον-

281 2945 334 2998 τες
346 2920 567 3006 πράττουσιν,
585 2917 670 3007 αὕτη
684 2925 722 2989 δὲ
733 2922 820 3008 μόνη
834 2922 890 2989 καλ
900 2925 1146 3006 προσεξημίωσε
1156 2917 1236 3000 τοὺς

282 3025 432 3105 ἔχοντας·
453 3020 613 3098 πολλάκις
622 3017 688 3106 γάρ
699 3011 748 3087 οἷν
758 3035 827 3098 τοῖς
836 3019 950 3104 λόγοις
961 3019 1143 3106 ἐλύπησαν,
1153 3017 1235 3087 ποό-

281 3144 349 3185 των
364 3130 434 3195 τοῖς
454 3123 564 3204 ἔργοις
578 3115 639 3205 τὴν
660 3126 822 3206 τιμωρίαν
836 3122 968 3186 ἔδοσαν.
991 3113 1050 3196 οὑς
1070 3112 1113 3184 άν
1127 3117 1263 3208 βοόληε

281 3217 487 3302 ποιήσασθαι
504 3222 638 3303 φίλους,
657 3215 792 3304 ἀγαθόν
807 3245 839 3286 τι
850 3221 925 3303 λέγε
936 3220 1012 3302 περί
1023 3212 1135 3283 αὑτῶν
1150 3214 1236 3302 πρὸς

280 3312 360 3392 τοὺς
374 3312 666 3401 ἀπαγγελοῦντας·
686 3313 770 3403 άρχδχ
791 3314 857 3402 γὰρ
873 3319 985 3400 φιλίας
1005 3316 1068 3400 μὲν
1088 3320 1234 3400 ἔπαινος,

282 3419 404 3498 ἔχθρας
418 3413 454 3479 δὲ
469 3412 582 3498 ψόγος.
1131 3431 1134 3436 ’

233 3531 267 3586 ει
364 3510 618 3598 Βουλευόμευος
638 3519 887 3599 παραδείγματα
906 3518 1006 3579 ποιοῦ
1025 3506 1066 3579 τά
1088 3521 1235 3598 παρελη-

280 3609 413 3683 λυθότα
423 3617 491 3678 τῶν
506 3611 713 3696 μελλόντων·
736 3609 773 3679 τό
786 3609 850 3695 γὺρ
862 3607 989 3696 άφανδς
1000 3611 1037 3676 ἐκ
1051 3616 1112 3677 τοῦ
1127 3633 1236 3690 φανε-
