2859 4334
254 424 316 490 1ου
538 424 928 503 nonnemo)

253 587 460 677 πράττοντας
479 587 532 656 έπλ
546 582 606 665 τάς
623 590 787 671 γεωργίας
802 585 857 652 καί
871 582 931 664 τάς
947 586 1107 671 ἐμπορίας
1121 590 1220 670 ἔτρε-
1355 640 1362 653 .

254 712 338 773 πον,
360 684 483 765 είδότες
498 681 557 764 τάς
577 681 719 770 ἀπορίας
733 682 797 769 μὲν
816 679 873 752 διά
887 681 947 764 τάς
963 682 1082 772 ἀργίας
1097 710 1222 772 γιγνο-
1357 738 1366 774 ,4,

206 800 239 855 45
253 790 373 873 μένας,
386 780 445 863 τάς
456 785 493 852 δὲ
503 789 707 870 κακουργίας
718 778 775 849 διά
786 778 846 861 τάς
855 778 1013 869 ἀπορίας·
1028 780 1224 870 ἀναιρούν-
1363 839 1366 850 ,

253 910 307 964 τες
324 875 389 952 ούν
405 880 467 969 τὴν
484 878 590 969 ἀρχὴν
606 887 676 951 τῶν
690 889 806 951 κακῶν
820 878 1026 963 ἀπαλλάξειν
1039 879 1145 973 ρ’έοντο
1160 886 1225 952 καί

258 989 322 1051 τῶν
328 978 441 1052 ἀλλων
448 977 695 1069 ἁμαρτημάτων
703 976 846 1068 τῶνμεά
854 982 1221 1069 ίκείνηνγιγνομένων.

254 1086 335 1169 τούς
348 1087 387 1159 δέ
398 1095 476 1176 βίον
490 1088 609 1158 ίκανδν
621 1086 849 1176 κεκτημένους
861 1092 943 1176 περί
951 1112 989 1157 τε
999 1085 1062 1175 την
1075 1085 1227 1175 ἱππικὴν

254 1191 313 1260 καί
322 1189 365 1259 τά
374 1188 546 1278 γυμνάσια
557 1191 615 1259 καλ
626 1187 668 1259 τά
677 1189 862 1275 κυνηγέσια
874 1186 1224 1276 καλτὴνφιλοσοφίαν
1244 1225 1264 1260 ε

258 1287 454 1377 ἠνάγκασαν
474 1290 676 1375 διατρίβειν,
701 1284 849 1375 ὁρῶντες
864 1288 901 1356 έκ
914 1286 1046 1356 τούτων
1058 1286 1141 1369 τούς
1155 1292 1223 1378 μέν

258 1386 480 1474 διαφέροντας
493 1388 732 1473 γιγνομένους,
747 1381 827 1465 τούς
841 1386 878 1454 δὲ
894 1393 964 1453 τῶν
977 1393 1143 1457 πλείστων
1155 1416 1222 1458 κα-

169 1533 177 1549 ..
211 1504 245 1561 46
259 1494 329 1557 κῶν
346 1482 580 1571 ἀπεχομένους.
620 1484 705 1572 (ιη’.)
727 1487 793 1553 Καὶ
808 1492 913 1553 ταῦτα
929 1489 1221 1577 νομοθετήσαντες

259 1584 339 1657 οὐδὲ
354 1582 416 1654 τὸν
429 1582 551 1654 λοιπὸν
563 1580 690 1671 χρόνον
705 1581 914 1672 ἀλιγάρουν,
929 1582 1014 1656 ἀλλά
1029 1586 1221 1674 διελόμενοι
1241 1599 1299 1653 149

258 1683 321 1773 τὴν
329 1684 392 1771 μέν
401 1682 503 1751 πόλιν
511 1676 596 1751 κατά
606 1680 733 1769 κύμας,
742 1679 807 1769 τὴν
815 1683 853 1751 δέ
860 1682 976 1770 χάραν
986 1681 1071 1753 κατά
1081 1686 1220 1773 δήμους,

208 1807 214 1813 ·
259 1783 434 1867 ἐθεώρουν
447 1778 509 1850 τδν
522 1789 599 1871 βίον
611 1776 674 1851 τύν
689 1780 850 1866 ἑκάστου,
865 1784 920 1850 καί
933 1779 1014 1863 τούς
1027 1780 1223 1871 ἀκοσμούν-

260 1909 319 1962 τας
335 1879 464 1969 ἀνῆγον
479 1886 526 1961 είς
538 1878 601 1969 τὴν
615 1880 756 1967 βουλήν.
776 1875 798 1967 ἡ
814 1880 851 1948 δὲ
864 1876 944 1962 τούς
957 1883 1020 1967 μὲν
1034 1882 1218 1967 ένονθέτει,

260 1997 328 2063 τοῖς
341 1978 373 2050 δ’
386 1978 531 2069 ἠπείλει,
548 1976 628 2060 τούς
641 1974 673 2047 δ’
689 1975 736 2059 ὡς
750 1986 921 2067 προσῆκεν
949 1978 1115 2062 ἐκόλαζεν.
1140 1976 1220 2067 ηπί-

260 2101 381 2149 σταυτο
394 2078 472 2166 γάρ,
489 2076 541 2147 ὅτι
556 2078 619 2147 δύο
634 2077 754 2164 τρόποι
767 2077 996 2164 τυγχάνουσιν
1008 2076 1105 2158 ὅντες
1118 2083 1152 2148 oc
1164 2082 1221 2148 καί

259 2178 504 2266 προτρέποντες
515 2178 568 2245 έπλ
578 2173 637 2256 τάς
647 2172 845 2256 ἀδικίαςκαλ
855 2174 1023 2255 παύοντες
1033 2183 1103 2260 τῶν
1112 2201 1220 2265 πονη·

212 2286 245 2343 47
261 2283 363 2366 ριάν·
385 2271 466 2361 παρ’
486 2270 536 2355 οἷς
555 2276 618 2362 μέν
637 2272 703 2362 γάρ
723 2275 807 2363 μήτε
827 2274 963 2363 φυλακὴ
985 2282 1129 2364 μηδεμία
1151 2284 1221 2345 τοῖν

260 2374 425 2445 τοιούτων
448 2378 635 2462 καθέστηκε
659 2371 744 2461 μήθ’
767 2378 804 2443 ac
825 2380 951 2463 κρίσεις
974 2373 1123 2463 ἀκριβεῖς
1145 2375 1251 2462 εἰσλῦ

261 2470 352 2561 παρά
363 2472 496 2553 τούτοις
506 2475 569 2559 μὲν
581 2477 844 2559 διαφθείρεσθαι
854 2470 978 2553 καλτάς
989 2477 1142 2554 έπιεικεῑς
1152 2483 1222 2543 τόν

261 2574 417 2661 φύσεων,
441 2568 529 2641 ὅπου
543 2572 580 2640 δέ
593 2571 675 2660 μήτε
695 2581 817 2641 λαθείν
837 2586 907 2653 τοῖς
925 2569 1080 2642 ἀδικοῦσι
1099 2573 1222 2663 βάδιύν

261 2676 329 2742 έστι
342 2671 424 2761 μήτε
438 2686 597 2759 φανεροῖς
606 2674 802 2758 γενομένοις
812 2672 1014 2760 συγγνώμης
1023 2685 1147 2759 τυχεῖν,
1162 2674 1221 2740 έν-

261 2781 374 2843 ταῦθα
391 2771 422 2842 δ’
440 2772 609 2861 έξιτήλους
628 2780 806 2861 γίγνεσθαι
819 2771 879 2853 τάς
893 2780 1104 2861 κακοηθείας.
1133 2771 1220 2857 άπερ

262 2877 384 2941 ἐκείνοι
397 2873 643 2960 γνγνοέσκοντες
655 2870 857 2960 ἀμφοτέροις
870 2886 1025 2958 κατεῖχον
1033 2869 1113 2951 τούς
1124 2878 1222 2940 κολί-

214 2993 249 3048 40
262 2998 337 3058 τας,
348 2974 404 3040 καλ
414 2984 484 3050 ταῖς
494 2978 668 3059 τιμωρίαις
678 2973 735 3041 καλ
744 2984 815 3051 ταίς
824 2972 1039 3059 ἐπιμελείαις·
1055 2972 1222 3041 τοσούτου

262 3066 328 3157 γάρ
343 3072 439 3139 έδεον
454 3066 578 3150 αύτούς
591 3070 781 3139 λανθάνειν
794 3074 828 3138 οί
842 3071 950 3139 κακόν
963 3097 996 3139 τι
1012 3070 1221 3159 δεδρακότες,

263 3168 347 3239 ὥστε
366 3170 423 3238 καί
438 3166 517 3248 τούς
532 3170 707 3251 έπιδόξους
723 3166 979 3257 ἁμαρτήσεσθαί
990 3196 1023 3238 τι
1039 3168 1247 3260 προησθά-ο

263 3294 373 3339 υοντο.
392 3276 574 3356 τοιγαροῦν
589 3265 652 3338 ούκ
667 3272 704 3337 ἐν
718 3282 787 3349 τοῖς
802 3274 1009 3355 σκιραφείοις
1020 3273 1056 3338 οἱ
1062 3267 1222 3357 υεύτεροι

264 3371 442 3457 διέτριβον,
465 3363 541 3435 οὐδ’
556 3369 594 3437 έν
607 3381 677 3447 ταῖς
692 3365 899 3456 αύλητρίσιν,
920 3364 996 3435 ούδ’
1013 3368 1051 3437 έν
1065 3383 1135 3447 τοίς
1150 3393 1223 3437 τοι·

265 3466 377 3549 ούτοις
391 3466 586 3554 συλλόγοις,
603 3468 641 3535 έν
654 3460 704 3545 οἷς
718 3472 785 3533 νῦν
799 3465 1074 3552 διημερεύουσιν,
1091 3463 1167 3535 ἀλλ’
1183 3467 1222 3533 έν

264 3580 332 3647 τοίς
343 3566 602 3655 ἐπιτηδεύμασιν
612 3571 744 3653 έμενον,
760 3567 797 3633 έν
808 3559 858 3645 οἷς
868 3564 1069 3653 ἐτάχθησαν,
1082 3564 1222 3652 θαυμά-

265 3671 375 3746 ζοντες
394 3665 449 3733 καί
475 3670 649 3753 ζηλοῦντες
667 3659 748 3743 τούς
769 3667 807 3731 έν
825 3662 957 3745 τούτοις
975 3663 1218 3748 πρωτεύοντας.
