2859 4334
414 426 855 511 ,ακακοαακιαοκ
1080 423 1120 488 15

169 589 359 651 σπουδαίων
376 581 501 668 ὄντων,
517 584 647 651 τούτου
664 582 824 653 ἁπάντων
837 614 893 672 μοι
907 586 1118 673 συμβεβηκό-

167 709 249 769 των,
271 691 338 751 τῶν
353 689 415 770 μὲν
431 682 725 772 ὑπερβαλλόντως,
750 692 818 752 τῶν
834 683 864 753 δ’
881 686 1119 768 ἐξαρκούντως,

166 778 226 847 οὐκ
242 780 359 867 άγιιπῶ
376 789 440 863 ζῶν
456 785 508 851 ἐπὶ
520 782 668 867 τούτοις,
684 780 759 852 ἀλλ’
776 782 865 851 ούτω
878 783 915 851 τὸ
932 784 1037 870 γῆράς
1052 786 1119 849 ε’στι

167 883 372 964 δυσάρεστον
393 884 448 950 καί
468 882 673 968 μικρολόγον
694 885 749 951 καὶ
769 891 1009 969 μεμψίμοιρον,
1035 879 1119 947 ῶστε

165 981 324 1059 πολλάκις
337 979 400 1067 ἤδη
416 982 478 1067 τήν
494 1008 528 1047 τε
544 982 650 1066 φύσιν
670 979 731 1066 τήν
747 985 893 1065 ἐμαυτοῦ
908 979 1118 1065 κατεμεμψά-

140 1096 248 1163 9μηυ,
270 1066 309 1162 ἧς
325 1078 433 1157 οὐδεὶς
448 1080 546 1157 ἄλλος
560 1081 852 1166 καταπεφρόνηκε,
870 1084 924 1148 καὶ
939 1077 1000 1165 τὴν
1014 1078 1119 1164 τύχην

164 1273 251 1363 πλὴν
265 1275 315 1343 ότι
330 1279 403 1361 περὶ
417 1276 479 1364 τήν
493 1283 712 1363 φιλοσοφίαν,
735 1273 777 1361 ἢν
792 1276 1012 1359 προειλόμην,
1034 1271 1116 1339 άτυ-
1129 1280 1145 1333 d

163 1383 228 1459 χίαι
242 1377 327 1453 τινὲς
338 1379 392 1443 καὶ
405 1382 626 1461 συκοφαντίαι
638 1374 812 1459 γεγόνασι,
828 1370 890 1459 τήν
901 1375 936 1439 δὲ
952 1372 1058 1457 φύσιν
1069 1377 1114 1439 εί-

163 1472 228 1553 δῶς
244 1473 327 1556 πρὸς
338 1478 399 1561 μὲν
410 1474 468 1554 τὰς
482 1477 618 1559 πράξεις
629 1472 881 1558 άρρωστοτέραν
892 1476 946 1540 καλ
959 1480 1116 1559 μαλακω-

162 1575 263 1654 τέραν
278 1564 384 1638 οὖσαν
399 1580 459 1639 τοῦ
480 1577 628 1659 δέοντος,
650 1570 734 1657 πρός
750 1573 786 1640 δὲ
806 1570 884 1651 τούς
900 1573 1022 1657 λόγους
1039 1570 1115 1638 ούτε

161 1676 292 1737 τελείαν
312 1668 390 1738 ούτε
412 1681 560 1762 πανταχῇ
581 1682 761 1759 χρησίμην,
788 1670 872 1740 ἀλλὰ
895 1673 1028 1751 δοξάσαι
1053 1675 1115 1758 μὲν

162 1771 238 1852 περὶ
249 1768 390 1836 ἑκάστου
402 1768 463 1856 τήν
474 1769 639 1857 ἀλήθειαν
648 1780 775 1856 μᾶλλον
788 1774 980 1857 δυναμένην
992 1777 1058 1837 τῶν
1070 1777 1116 1838 εί-

162 1868 255 1933 δέναι
272 1867 489 1952 φασκόντων,
514 1874 618 1937 εἰπεῖν
633 1872 668 1936 δὲ
684 1870 759 1953 περὶ
773 1875 840 1935 τῶν
855 1865 967 1935 αὐτῶν
985 1870 1116 1935 τούτων

162 1966 197 2027 ἐν
213 1964 367 2055 συλλόγῳ
388 1972 521 2033 πολλῶν
542 1964 737 2048 ἀνθρώπων
753 1965 892 2032 ἁπασῶν
912 1963 957 2042 ῶς
974 1972 1052 2044 ε”πος
1068 1973 1112 2033 εί-

162 2076 239 2129 πεῖν
253 2061 544 2149 α’πολελειμμένηυ.

121 2182 148 2232 10
249 2160 348 2228 Οὕτω
364 2160 428 2248 γάρ
444 2162 557 2249 ἐνδεής
570 2160 772 2250 1άμφοτέρων
791 2166 954 2251 ἐγενόμην
973 2171 1040 2231 τῶν
1054 2188 1141 2250 pte-e

167 2268 289 2347 γίστην
303 2260 448 2346 δύναμιν
456 2259 602 2345 ἐχόντων
611 2257 693 2348 παρ’
709 2259 805 2350 ἡμῖν,
817 2268 936 2349 φωνής
948 2262 987 2332 θ’
998 2269 1114 2351 ίκανής

168 2363 223 2427 καί
232 2362 365 2447 τόλμης,
375 2358 565 2438 ῶςούκοῖδ’
575 2371 660 2441 εῖτις
669 2360 847 2441 άλλοςτῶυ
854 2356 1117 2433 πολιτῶν·ῶνοί

160 2454 205 2542 μὴ
223 2458 379 2543 τυχόντες
394 2456 580 2547 ύτιμότεροι
604 2465 831 2546 περιέρχονται
847 2459 930 2546 πρός
949 2462 986 2531 τό
1002 2467 1115 2530 δοκεῖν

161 2555 249 2635 ἄξιοί
267 2582 357 2636 τινος
373 2556 456 2626 εἶναι
473 2566 541 2626 τῶν
562 2558 769 2645 ὀφειλόντων
790 2569 834 2646 τῶ
852 2566 1014 2653 δημοσίω·
1045 2575 1115 2639 τοῖς
1130 2572 1181 2627 23⁵

160 2655 222 2741 μὲν
231 2654 294 2738 γᾶρ
306 2661 459 2727 ἐκτείσειν
469 2657 506 2725 τὸ
524 2660 765 2745 καταγνωσθὲν
780 2663 908 2739 ἐλπίδες
922 2660 1067 2746 ὕπεισιν,
1083 2664 1116 2727 ολ

116 2774 141 2823 ll
162 2752 194 2819 δ’
211 2752 365 2821 οὐδέποτ’
383 2752 427 2821 άυ
441 2754 502 2842 τήν
516 2758 623 2844 φύσιν
634 2757 861 2844 μεταβάλοιεν.
886 2760 954 2843 (ε’.)
978 2757 1030 2826 Ού
1046 2756 1114 2844 μήν

162 2856 214 2922 ἐπὶ
229 2858 358 2933 τούτοις
372 2854 550 2943 ἀθυμήσας
564 2861 732 2940 περιεῖδον
744 2855 889 2941 ἐμαυτόν
901 2855 1023 2937 ἄδοξον
1037 2854 1111 2924 οὐδ’

160 2950 276 3038 άφανή
291 2954 482 3023 παντάπασι
498 2957 698 3042 γενόμενον,
719 2953 794 3023 ἀλλ’
811 2956 924 3043 ἐπειδὴ
939 2965 1000 3025 τοῦ
1016 2965 1114 3025 πολι-

160 3052 318 3119 τεύεσθαι
341 3054 539 3141 διήμαρτον,
566 3058 619 3123 ἐπὶ
640 3052 676 3123 τὸ
699 3065 898 3151 φιλοσοφεῖν
920 3060 975 3126 καί
995 3072 1112 3125 πονεῖν

161 3154 215 3221 καὶ
227 3154 388 3239 γράφειν,
404 3150 671 3241 άδιαυοηθείην,
690 3157 895 3241 κατέφυγον,
912 3154 953 3223 ού
966 3160 1042 3241 περὶ
1056 3183 1112 3241 μι-

161 3259 253 3336 κρῶν
270 3249 331 3337 τήν
347 3262 541 3337 προαίρεσιν
552 3256 752 3340 ποιούμενος
762 3253 841 3322 οὐδὲ
855 3258 930 3340 περὶ
941 3263 1008 3322 τῶν
1018 3261 1113 3324 ίδίων

161 3358 375 3437 συμβολαίων
391 3350 469 3421 οὐδὲ
480 3357 555 3439 περὶ
571 3347 619 3421 ῶν
630 3352 724 3422 ἄλλοι
735 3356 823 3431 τινὲς
833 3363 1009 3440 ληροῦσιν,
1028 3354 1111 3424 ἀλλὰ

160 3449 235 3532 περί
258 3456 327 3515 τῶν
345 3448 548 3536 Ἑλληνικῶν
573 3454 627 3521 καὶ
651 3459 834 3538 βασιλικῶν
858 3455 912 3520 καὶ
934 3462 1141 3521 πολιτικῶνλι

160 3544 381 3633 πραγμάτοιν,
397 3548 442 3616 δι’
459 3548 481 3616 δι’
495 3552 677 3637 προσήκειν
693 3548 787 3639 η’)’μην
800 3577 856 3637 μοι
868 3553 1016 3641 τοσούτῳ
1027 3558 1113 3636 μᾶλ-

160 3654 219 3713 λον
234 3652 395 3729 τιμᾶσθαι
408 3654 476 3713 τῶν
497 3651 549 3716 ἐπὶ
564 3650 600 3717 τό
624 3659 712 3737 βῆμα
730 3650 939 3733 παριόντων,
965 3647 1113 3736 ὅσῳπερ
