2859 4334
397 357 525 415 ΠΡΟΣ
538 356 891 415 ΚΑΛΛΙΜΑΧΟΝ.
1058 352 1121 417 219

88 554 89 557 “
175 527 227 596 τός
240 518 449 604 πράγματος,
476 517 596 601 ταύτης
620 517 655 581 δὲ
669 514 908 600 μνησθήσομαι
923 508 1007 597 πρὸς
1022 511 1118 600 ὑμᾶς.

88 652 89 661 ¹
122 630 158 687 59
173 614 225 685 ὅτε
237 616 434 704 γάρὴπόλις
443 612 756 693 ἀπόλεσετάςναῦς
767 612 827 691 τάς
841 614 879 678 ἐν
887 610 1118 703 Ἑλλησπόντῳ

171 716 223 782 καὶ
239 721 296 800 τῆς
312 714 485 800 δυνάμεως
500 711 674 798 ἐστερήθη,
689 718 757 776 τῶν
770 713 833 795 μὲν
847 718 1010 779 πλείστων
1024 737 1117 798 τριη-

172 813 302 897 ράρχων
317 820 480 879 τοσοῦτον
496 810 690 897 διήνεγκου,
719 807 769 875 ὅτι
781 804 854 894 μετ’
872 806 996 894 ὀλίγων
1010 815 1119 877 ἔσωσα

171 908 231 996 τὴν
246 917 345 997 ναῦν,
362 907 476 977 αὐτῶν
488 908 524 977 δὲ
535 910 676 995 τούτων,
693 906 746 976 ὅτι
757 910 987 988 καταπλεύσας
1004 916 1049 988 είς
1060 905 1121 975 τόν

119 1022 156 1077 60
172 1016 312 1093 Πειραιᾶ
327 1008 430 1095 μόνος
455 1005 497 1076 ού
516 1011 679 1077 κατέλυσα
699 1004 762 1093 τὴν
776 1015 1009 1094 τριηραρχίαν,
1036 1003 1147 1075 ἀλλάτ

171 1116 236 1175 τῶν
251 1108 363 1177 ἀλλων
385 1106 535 1194 ἀσμένως
556 1105 858 1193 ἀπαλλαττομένων
878 1115 945 1174 τῶν
974 1113 1120 1192 λῃτουρ-

171 1215 253 1293 γιων
271 1211 325 1277 καὶ
340 1206 425 1293 πρὸς
440 1205 480 1274 τά
497 1207 638 1292 παρόντ’
662 1203 804 1292 ἀθύμως
821 1211 1049 1291 διακειμένων,
1065 1207 1120 1273 καὶ

170 1315 236 1375 τῶν
252 1310 314 1393 μὲν
330 1305 554 1393 ἀνηλωμένων
570 1304 682 1385 αὐτοῖς
698 1308 894 1393 μεταμέλον,
909 1304 949 1374 τά
968 1309 1004 1374 δέ
1019 1303 1118 1373 λοιπά

170 1405 490 1493 ἀποκρυπτομένων,
508 1410 562 1475 καλ
576 1408 783 1492 νομιζόντων
804 1403 844 1473 τά
865 1403 1035 1491 μένκοινά
1050 1411 1120 1472 διε-

170 1508 344 1592 φθάρθαι,
370 1506 410 1574 τά
430 1502 464 1573 δ’
485 1511 554 1576 ίδια
575 1508 835 1592 σκοπουμένων,
859 1504 899 1598 ού
927 1504 989 1592 τὴν
1013 1502 1119 1591 αὐτὴν

169 1610 307 1685 ε’κείυοις
331 1607 470 1693 γυύμην
495 1611 608 1692 ἐσχου,
635 1604 720 1674 ἀλλά
741 1612 857 1685 πείσας
881 1603 942 1673 τόν
970 1600 1120 1689 ἀδελφόν

171 1720 458 1791 συντριηραρχεῖν,
485 1702 564 1788 παρ’
584 1703 679 1791 ἡμῶν
697 1703 810 1772 αὐτων
824 1704 952 1792 μισθόν
968 1705 1119 1781 διδόντες

115 1824 148 1876 61
169 1819 236 1883 τοῖς
253 1804 390 1881 ναύταις
402 1812 510 1883 κακῶς
522 1806 701 1889 ἐποιοῦμεν
715 1801 794 1882 τούς
809 1810 997 1889 πολεμίους.
1022 1800 1060 1870 τό
1078 1804 1133 1870 δέ’

167 1912 358 1973 τελευταῖον
376 1904 595 1988 προειπόντος
615 1905 837 1989 Λυσάνδρου,
864 1913 898 1971 εί
918 1930 967 1981 τις
988 1900 1142 1987 είσάγοιῖ

168 2018 262 2071 σῖτον
280 2001 324 2081 ὡς
339 2001 435 2090 ὑμᾶς,
452 2004 605 2071 θάυατον
616 2002 677 2091 τὴν
693 2010 820 2088 ζημίαν,
837 2001 926 2069 ούτω
938 2009 1119 2087 φιλοτίμως

168 2112 301 2187 είχομευ
325 2100 408 2184 πρὸς
422 2099 484 2187 τὴν
499 2102 615 2187 πόλιν,
640 2101 723 2169 ὥστε
746 2108 815 2168 τῶν
834 2098 946 2169 ἀλλων
964 2098 1043 2167 οὐδὲ
1057 2097 1117 2166 τόν

167 2203 332 2285 σφέτερον
353 2196 466 2267 αὐτῶν
487 2200 633 2285 είσάγειν
655 2200 856 2285 τολμώντων
877 2195 970 2284 ἡμεῖς
993 2194 1052 2263 τόν
1074 2193 1117 2274 ὥς

167 2299 317 2375 ἐκείνους
346 2299 538 2366 είσπλέουτα
565 2296 792 2383 λαμβάνοντες
821 2302 866 2373 είς
889 2293 950 2363 τόν
973 2303 1117 2380 Πειραιοῖ

167 2396 366 2483 κατήγομεν.
391 2392 475 2463 ἀνθ’
494 2388 543 2463 ὧν
557 2394 651 2482 ὑμεῖς
666 2384 872 2481 ἐψηφίσασθ’
892 2395 978 2481 ἡμᾶς
995 2414 1119 2478 στεφα-

165 2503 273 2563 νῶσαι
289 2498 342 2563 καλ
358 2496 488 2580 πρόσθε
504 2504 571 2562 τῶν
582 2495 771 2580 ἐπωνύμων
788 2492 938 2561 ἀνειπεῖν
953 2491 998 2572 ὡς
1014 2494 1118 2579 μεγά-

110 2612 149 2665 62
166 2603 238 2663 λων
254 2592 395 2681 ἀγαθῶν
413 2599 538 2672 αίτίους
560 2592 667 2672 ὄντας.
697 2600 804 2661 καίτοι
824 2590 885 2679 χρὴ
900 2593 1040 2669 τούτους
1056 2597 1117 2678 δη-

165 2692 326 2781 μοτικούς
341 2699 502 2779 νομίζειν,
529 2691 589 2779 οὐχ
604 2690 677 2760 ὅσοι
700 2699 903 2777 κρατοῦντος
924 2698 985 2758 τοῦ
1007 2690 1146 2777 δήμουε

166 2806 342 2878 μετασχεῖν
356 2798 424 2859 τῶν
438 2790 642 2877 πραγμάτων
658 2791 887 2877 ἐπεθύμησαν,
904 2786 978 2858 ἀλλ’
992 2796 1026 2857 οἳ
1035 2793 1118 2855 δυσ-

166 2890 356 2978 τυχησάσης
375 2898 432 2977 τῆς
454 2889 582 2968 πόλεως
608 2890 889 2974 προκινδυνεύειν
914 2886 1010 2974 ὑμῶν
1034 2884 1118 2973 ἠθέ-

165 3000 291 3075 λησαν,
318 2991 372 3057 καὶ
386 2989 485 3076 χάριν
500 2995 600 3075 ἔχειν,
629 2986 691 3057 ούκ
708 2998 741 3056 εί
756 3016 805 3068 τις
820 2986 920 3067 αὐτὸς
935 2994 1044 3066 κακῶς
1058 2987 1118 3052 πέ-

164 3098 316 3167 πονθεν,
343 3085 417 3155 ἀλλ’
435 3098 528 3165 εἴτις
543 3086 630 3174 ὑμᾶς
647 3080 686 3154 εὖ
702 3093 878 3173 πεποίηκε,
904 3089 960 3154 καλ
974 3087 1116 3171 πένητας
1130 3094 1182 3149 383

161 3190 369 3275 γενομένους
384 3190 488 3256 ἐλεεῖν
502 3184 545 3254 ού
558 3184 637 3265 τούς
654 3184 907 3263 ἀπολωλεκότας
920 3182 982 3270 τὴν
997 3181 1116 3251 οόσίαν

99 3298 139 3353 63
159 3277 998 3371 ἀλλάτούςείςύμᾶςάνηλωκότας.(κδ.)ᾭνεῖςέγά
1006 3282 1118 3369 φανή-

159 3408 265 3456 σομαι
275 3388 504 3471 γεγενημένος,
517 3382 553 3463 ὃς
564 3386 701 3452 πάυτων
712 3379 756 3451 ἀν
765 3394 837 3470 είην
848 3388 1116 3469 δυστυχέστατος,

161 3488 196 3550 εί
210 3481 317 3550 πολλά
333 3490 401 3550 τῶν
418 3487 563 3570 ἐμαυτοῦ
584 3486 855 3570 δεδαπανημένος
877 3488 924 3561 είς
937 3480 999 3567 τὴν
1014 3481 1115 3549 πόλιν

162 3581 235 3647 τίτα
254 3583 383 3666 δόξαιμι
407 3597 474 3663 τοῖς
496 3582 681 3668 ἀλλοτρίοις
702 3581 934 3670 ἐπιβουλεύειν
966 3583 1114 3663 καὶπερὶ
