2859 4334
430 388 545 445 ΠΕΡΙ
564 390 631 446 AN
640 389 907 446 ΤΙΔΟΣΕΩΣ.
1083 386 1143 447 129

78 598 85 611 ,
189 551 381 632 κιμούντων
401 545 538 630 ἀνδρῶν
559 542 640 628 παρ’
665 541 748 631 ὑμῖν
769 550 823 613 καὶ
844 553 1035 632 πολεμικῶν
1058 542 1142 617 εἶναι

190 646 387 713 δοκούντων
411 642 490 712 οὐδὲ
512 646 629 730 κώμην
652 650 736 713 ένιοι
765 653 880 732 λαβεῖν
908 644 1141 733 ἠδυνήθησαν,

193 746 359 832 Τιμόθεος
381 744 415 814 δ’
435 744 512 813 οὔτε
534 744 596 831 τήν
617 752 677 812 τοῦ
696 747 847 831 σῶματος
862 744 969 831 φύσιν
984 752 1069 831 ἔχων
1087 748 1142 830 έρ-

189 848 345 931 ρωμένην
361 843 432 912 οὔτ’
450 848 486 913 έν
501 860 567 921 τοῖς
585 846 820 928 στρατοπέδοις
830 858 898 921 τοῖς
911 846 1142 930 πλανωμένοις

193 947 490 1030 κατατετριμμένος
506 942 589 1012 άλλόι
605 940 685 1029 μεθ’
703 940 799 1028 ὑμῶν
812 946 1069 1031 πολιτευόμενος
1084 972 1142 1030 τη-

194 1050 340 1125 λικαῶταΙ
364 1044 560 1128 διεπράξατο
588 1042 624 1110 τό
653 1048 804 1131 μέγεθος.
832 1049 900 1112 ἔστι
921 1042 989 1112 δ’ὁ
1009 1041 1141 1130 λόγοςὸ

190 1145 266 1226 περὶ
295 1143 423 1211 τούτων
449 1143 716 1229 φιλαπεχθήμων
742 1143 821 1227 μὲν,
848 1146 995 1230 ῥηθῆναι
1020 1142 1051 1211 δ’
1079 1143 1142 1211 οὐκ

123 1248 172 1303 116
189 1241 396 1329 ἀσύμφορος.
421 1246 547 1323 ἐκεῖνος
559 1240 623 1327 γάρ
633 1243 740 1329 τούτῳ
755 1241 943 1309 τῶνάλλων
954 1243 1140 1328 διήνεγκεν,

190 1342 242 1410 ότι
259 1345 333 1427 περὶ
345 1340 621 1427 τῶνἙλληνικῶν
637 1344 691 1409 καὶ
704 1348 922 1426 συμμαχικῶν
936 1340 1142 1426 πραγμάτων

190 1444 245 1509 καὶ
269 1449 327 1526 τῆς
353 1447 535 1528 ἐπιμελείας
557 1448 615 1527 τῆς
635 1440 766 1507 τούτων
790 1436 832 1507 ού
852 1436 913 1524 τήν
931 1437 1036 1524 αὐτήν
1063 1437 1142 1524 ὑμῖν
1164 1457 1192 1511 71

190 1538 329 1625 γνῶμην
352 1538 444 1625 εἶχεν.
475 1538 569 1624 ὑμεῖς
591 1542 653 1625 μὲν
674 1536 739 1623 γάρ
762 1552 976 1624 χειροτονεῖτε
1000 1558 1142 1623 στρατη-

190 1635 272 1723 γούς
286 1636 365 1718 τούς
385 1638 653 1722 εὐρωστοτάτους
676 1652 744 1716 τοῖς
767 1636 896 1722 σῶμασι
912 1640 965 1703 καὶ
983 1636 1142 1712 πολλάκις

192 1740 229 1804 έν
246 1752 313 1815 τοῖς
338 1742 477 1817 ξενικοῖς
500 1739 722 1823 στρατεύμασι
743 1740 1002 1822 γεγενημένους,
1029 1733 1072 1815 ῶς
1087 1733 1141 1802 διὰ

191 1835 321 1903 τούτων
336 1837 600 1922 διαπραξόμενοί
612 1865 643 1903 τι
658 1844 726 1903 τῶν
741 1836 902 1902 δεόντων·
921 1833 939 1901 ό
955 1838 990 1903 δὲ
1002 1849 1071 1913 τοῖς
1080 1835 1143 1919 μὲν

120 1950 173 2004 117
189 1935 355 2013 τοιούτοις
378 1944 528 2021 λοχαγοῖς
551 1940 664 2021 ἐχρῆτο
687 1939 741 2002 καὶ
762 1936 963 2020 ταξιάρχοις,
985 1933 1086 2013 αὐτός
1106 1936 1141 2001 δὲ

191 2036 267 2117 περὶ
284 2041 387 2100 ταῦτα
404 2032 511 2112 δεινός
526 2027 578 2119 ήν,
597 2037 671 2118 περὶ
687 2034 772 2120 ἅπερ
790 2032 851 2121 χρή
875 2035 1043 2120 φρόνιμον
1058 2031 1142 2100 εἶναι

191 2130 252 2200 τόν
266 2130 452 2219 στρατηγόν
468 2131 526 2199 τόν
538 2132 679 2218 ἀγαθόν.
703 2139 771 2201 ἔστι
787 2136 822 2199 δὲ
834 2139 937 2199 ταῦτα
948 2139 1021 2200 τίνα
1037 2135 1057 2199 δ
1061 2131 1142 2198 ύνα-

191 2260 250 2317 μιν
267 2237 400 2317 ἔχοντας
422 2237 475 2300 δεῖ
491 2232 555 2319 γάρ
577 2229 636 2317 οὐχ
658 2229 772 2310 ἁπλῶς
796 2238 900 2299 εἰπεῖν
921 2229 1005 2298 άλλὰ
1027 2237 1142 2315 σαφῶς

193 2330 320 2416 φράσαι
334 2335 409 2417 περὶ
425 2329 546 2398 αὐτῶν.
576 2337 711 2414 πρῶτον
730 2330 792 2414 μὲν
814 2329 983 2396 δύνασθαι
1002 2336 1140 2413 γνῶναι,

192 2428 584 2516 πρόςτίναςπολεμητέον
595 2432 649 2497 καὶ
660 2436 752 2507 τίνας
763 2429 957 2514 συμμάχους
967 2429 1139 2512 ποιητέον·

194 2527 276 2616 άρχή
293 2529 356 2617 γάρ
374 2528 459 2617 αὕτη
475 2537 672 2616 στρατηγίας
686 2531 785 2612 ἐστὶν,
802 2522 840 2615 ἧς
851 2525 894 2615 ήν
906 2528 1068 2616 διαμάρτῃ
1083 2555 1141 2609 τις,

193 2628 323 2714 ἀνάγκη
338 2627 398 2695 τόν
413 2629 561 2715 πόλεμον
573 2626 773 2715 άσύμφορον
789 2630 842 2695 καὶ
853 2625 998 2714 χαλεπόν
1013 2631 1068 2695 καί
1082 2651 1143 2694 πε-

126 2739 178 2791 118
193 2736 329 2815 ρίεργον
346 2726 440 2796 εἶναι.
463 2732 538 2814 περὶ
556 2737 672 2796 τοίνυν
689 2724 751 2813 τήν
768 2727 926 2811 τοιαύτην
948 2733 1143 2812 προαίρεσιν

194 2825 235 2894 οὐ
250 2827 358 2913 μόνον
379 2826 488 2905 οὐδεὶς
509 2836 658 2905 τοιοῦτος
680 2828 820 2913 γέγονεν
843 2822 916 2892 ἀλλ’
940 2822 1018 2892 οὐδὲ
1033 2850 1142 2910 παρα-

192 2925 341 3012 πλήσιος.
375 2925 493 3015 ῥηίδιον
518 2925 549 2993 δ’
579 2930 611 3008 ἐξ
637 2924 749 2993 αὐτῶν
774 2933 840 2991 τῶν
866 2930 975 3010 ἔργων
998 2931 1141 3009 γνῶναι·

192 3032 368 3102 πλείστους
382 3023 446 3111 γάρ
459 3030 623 3111 πολέμους
638 3025 722 3093 άνεν
733 3032 789 3110 της
801 3024 928 3103 πόλεως
942 3021 1143 3109 ἀνελόμενος

193 3123 343 3203 ἅπαντας
374 3126 514 3203 τούτους
538 3126 742 3207 κατώρθωσε
775 3126 833 3194 καὶ
867 3131 1003 3205 δικαίως
1038 3122 1143 3193 ἅπασι

192 3228 424 3311 τοῖςἝλλησιν
438 3228 550 3305 ἔδοξεν
569 3220 916 3310 αότούςποιήσασθαι.
950 3231 1057 3291 καίτοι
1082 3229 1144 3289 τοῦ

161 3328 302 3415 (καλῶς
317 3321 567 3407 βουλεύσασθαι
585 3334 633 3398 τίς
648 3317 690 3387 άν
706 3319 879 3400 ἀπόδειξιν
897 3326 963 3405 ἔχοι
981 3330 1144 3404 σαφεστέ-

127 3439 174 3493 119
192 3448 258 3504 ραν
284 3422 339 3487 καὶ
363 3426 460 3508 μείζω
493 3420 614 3507 ταύτης
647 3425 894 3507 παρασχέσθαις
929 3422 1087 3505 δεύτερον
1113 3431 1147 3492 τί

193 3519 355 3605 προσήκει
376 3516 435 3586 τόν
452 3517 638 3606 στρατηγόν
658 3519 720 3587 τόν
740 3520 891 3606 άγαθόνς
918 3521 1143 3602 στρατόπεδον

192 3632 396 3705 συναγαγεῖν
421 3616 586 3703 ἁρμόττον
607 3627 652 3709 τῷ
679 3623 811 3710 πολέμφ
837 3626 882 3708 τῷ
903 3622 1063 3705 παρόντι,
1089 3626 1142 3690 καὶ
1165 3640 1199 3695 72

278 3728 430 3768 ιεοωιετεε.
456 3714 483 3767 ΙΙ.
994 3721 1011 3771 9
