2859 4334
299 389 334 443 iv
700 387 903 441 PRAEFATIO

1352 475 1353 510 l

300 553 344 603 HI
355 550 411 603 iam
428 552 527 617 quarto
542 564 566 601 a.
578 548 640 599 Chr.
657 568 682 599 n.
698 552 811 613 saeculo
825 548 964 615 corrumpi
978 548 1007 600 et
1019 547 1049 600 in
1061 551 1100 600 El
1114 548 1191 601 abire
1205 551 1302 617 coepit,
1352 529 1354 624 l

298 624 338 674 ita
350 622 443 674 tamen
460 626 492 672 ut
513 618 607 687 paullo
626 617 753 671 tenacius
772 618 800 670 iu
820 617 919 671 mediis
940 618 1084 671 vocabulis
1106 620 1303 687 primoribusve
1352 649 1353 722 γ

297 708 379 759 quam
400 692 427 743 in
447 688 576 743 extremis
596 688 742 742 resideret:
761 688 856 757 itaque
870 705 1037 756 quamquam
1054 693 1178 743 extremo
1195 691 1303 744 saeculo

297 764 397 830 quarto
420 762 503 830 longe
533 760 643 843 saepius
666 766 713 841 res*
732 766 820 839 τιμεζ,
843 756 959 841 riquino:
978 760 1006 812 in
1026 762 1203 841 coniunctim
1221 778 1303 829 quam
1352 757 1353 842 γ

297 852 342 957 il:
353 833 1303 971 :tl‘ttltlzttlullus?lllllltllltllllttl:

297 975 352 1028 tius
376 974 559 1038 occurrunt¹),
587 976 760 1040 λειτουργεῖν
784 976 877 1025 autem
902 972 1054 1041 scripturae
1083 972 1189 1025 nullum
1216 974 1303 1026 adhuc
1352 1019 1353 1028 .

297 1047 390 1099 exstat
411 1044 567 1113 exemplum
592 1045 645 1099 hoc
672 1042 785 1097 saeculo
813 1041 962 1110 antiquius.
999 1042 1118 1096 Accedit
1144 1044 1303 1112 grammati-
1352 1049 1353 1074 l

298 1133 392 1170 corum
420 1114 622 1178 testimonium,
650 1113 697 1181 qui
725 1114 828 1167 docent
852 1118 1014 1182 λῃτουργεῖν
1047 1114 1203 1168 Atticorum
1237 1132 1302 1169 csse.
1352 1107 1353 1186 l

299 1186 427 1241 Isocratis
446 1189 539 1240 autem
562 1184 627 1240 libri
651 1200 746 1238 omnes
769 1184 872 1252 ubique
898 1186 971 1253 quod
995 1184 1115 1238 sciamus
1132 1189 1303 1255 λειτουργεῖν
1352 1195 1353 1252 l

299 1258 441 1327 praebent.
479 1256 540 1321 Qua
557 1272 591 1309 ex
610 1272 639 1309 re
658 1254 837 1324 perspicitur,
856 1272 940 1323 quam
959 1256 1075 1324 paulum
1094 1256 1158 1309 fidei
1179 1258 1207 1310 in
1227 1260 1303 1311 rebus
1352 1269 1353 1318 l

298 1328 522 1397 orthographicis
546 1326 591 1381 vel
611 1326 738 1380 Urbinati
760 1326 938 1380 tribuendum
957 1327 1006 1380 sits
1029 1326 1077 1394 qui
1101 1345 1187 1394 quum
1211 1345 1302 1382 secun·
1352 1331 1353 1382 ἶ

298 1400 361 1454 dam
382 1399 485 1468 passivi
503 1398 560 1451 iere
579 1414 687 1466 semper
703 1396 732 1449 in
753 1415 779 1450 ει
798 1399 943 1451 exeuntem
958 1397 1071 1461 habeat,
1090 1400 1228 1466 putarunt
1243 1400 1303 1453 inde
1352 1387 1353 1480 i

297 1472 331 1523 de
351 1468 481 1525 [socratis
505 1468 642 1523 scribendi
666 1484 743 1521 more
766 1468 841 1521 idem
866 1467 961 1536 colligi
981 1484 1070 1537 posse.
1108 1469 1260 1524 Deficimnr
1277 1472 1302 1523 in
1352 1485 1353 1522 l

249 1604 251 1607 ¹
297 1543 349 1594 hac
368 1558 397 1595 re
417 1543 453 1595 ab
475 1538 715 1608 inscriptionibus;
742 1537 837 1607 itaque
859 1539 966 1592 nescire
989 1537 1148 1607 fatendum,
1172 1541 1301 1609 sequendi
1352 1535 1353 1602 ζ

297 1615 390 1666 autem
414 1611 531 1666 fortasse
556 1610 665 1664 codices
689 1625 839 1677 eorumque
867 1625 973 1664 errores
999 1609 1087 1663 nostri
1115 1610 1247 1665 faciendi
1272 1642 1300 1651 -
1352 1605 1353 1666 ἔ

298 1683 396 1736 Adhuc
415 1683 470 1736 duo
492 1697 595 1749 genera
614 1679 789 1749 corruptelae
807 1679 905 1749 attigi,
929 1696 999 1749 quac
1023 1680 1052 1733 in
1075 1682 1301 1752 orthographiam

297 1753 429 1807 Graecam
450 1751 561 1806 invecta
580 1751 614 1805 ad
634 1752 731 1805 nostra
749 1768 835 1819 usque
853 1755 980 1820 tempora
997 1752 1121 1805 duravit:
1140 1768 1207 1805 nam
1226 1756 1255 1807 et
1275 1774 1303 1821 ηι
1352 1757 1353 1764 ’

297 1825 324 1877 in
349 1842 375 1877 ει
397 1823 534 1876 mutatum
564 1826 608 1875 est
632 1825 662 1875 et
684 1841 694 1874 ι
718 1822 822 1874 vocalis
845 1839 907 1875 cum
931 1840 958 1876 ει
979 1822 1156 1891 diphthongo
1179 1825 1301 1888 cuninam

297 1896 409 1949 tertium
429 1910 515 1961 genus
534 1892 691 1949 continetur
709 1892 858 1947 omissione
880 1892 940 1947 iota
957 1892 1099 1961 adscripti.
1132 1892 1211 1957 Quae
1225 1912 1300 1950 voca-
1352 1917 1353 1920 ¹

297 1966 331 2021 lis
350 1982 434 2033 quum
454 1964 481 2017 in
500 1962 563 2018 aliis
578 1962 692 2017 vocibus
706 1963 873 2032 perantiquo
886 1965 1011 2032 tempore
1026 1965 1180 2029 evanuerit,
1199 1965 1230 2019 in
1243 1966 1301 2019 aliis
1352 2017 1353 2030 ,

296 2034 545 2089 Alexandrinorum
565 2036 666 2099 aelate,
686 2034 721 2087 de
740 2033 857 2102 singulis
874 2034 1025 2103 separatim
1045 2036 1235 2101 quaerendum
1254 2039 1301 2102 est,
1352 2059 1353 2062 ¹

296 2123 384 2174 neque
399 2106 550 2175 quidquam
566 2106 695 2173 cuiquam
709 2104 837 2173 scriptori
852 2104 1054 2159 obtrudendum
1070 2104 1130 2159 sine
1143 2107 1301 2175 aequalium

296 2177 507 2245 inscriptionum
526 2176 695 2230 testimonio.
732 2173 841 2241 Σώζειυ
865 2175 976 2243 quidem
1001 2175 1081 2230 unice
1100 2177 1227 2231 Atticum
1246 2195 1301 2233 esse

297 2247 478 2302 certissimum
503 2250 559 2302 est:
587 2262 672 2315 quare
700 2230 775 2300 haud
802 2247 966 2301 cunctanter
989 2246 1105 2301 Isocrati
1128 2247 1247 2302 reddidi.
1270 2280 1301 2289 -

297 2319 367 2373 Sunt
390 2317 502 2372 omniuo
525 2316 577 2372 hae
601 2333 645 2370 res
668 2316 697 2369 in
716 2316 824 2371 edendo
844 2317 939 2385 aliquo
963 2317 1111 2386 scriptore,
1134 2322 1167 2373 nt
1189 2320 1301 2373 minime

296 2389 498 2459 neglegendae,
525 2387 568 2443 ita
589 2403 645 2442 non
667 2386 751 2440 nimis
774 2389 869 2465 magni
893 2386 1049 2465 faciendae,
1075 2404 1166 2457 neque
1193 2390 1301 2444 bonitas

295 2460 427 2515 editionis
441 2460 506 2513 inde
520 2457 701 2513 aestimanda.
732 2458 775 2512 Sit
790 2458 878 2527 igitur
892 2460 1033 2526 vitiosum,
1046 2458 1122 2526 quod
1136 2459 1300 2529 scripturam
1352 2493 1353 2512 r

295 2526 345 2594 ὑός
367 2549 417 2600 pro
441 2526 502 2592 υἱός
524 2546 580 2585 nou
604 2527 756 2594 introduxi,
782 2546 866 2597 quam
889 2529 977 2583 solam
997 2530 1122 2583 Atticam
1145 2546 1206 2585 esse
1229 2532 1301 2587 idem
1352 2541 1353 2604 j

295 2619 378 2670 quem
402 2601 485 2655 modo
509 2600 622 2655 laudavi
646 2600 676 2653 P.
699 2600 822 2654 Foucart
846 2600 1006 2669 planissime
1031 2600 1170 2668 docuerit,
1199 2604 1250 2656 sed
1277 2606 1303 2656 et
1352 2631 1353 2650 r

294 2674 378 2726 nimis
397 2670 518 2725 insolens
537 2688 571 2725 ea
589 2670 727 2740 scriptura
746 2672 805 2724 visa
823 2672 866 2725 est
892 2668 921 2723 iu
939 2671 1076 2725 vocabulo
1094 2671 1253 2741 nohssimo,
1277 2674 1303 2727 et
1352 2653 1353 2746 i

296 2745 371 2797 certe
394 2746 489 2796 natum
513 2744 556 2796 est
578 2736 628 2803 ὑός
652 2758 685 2795 ex
704 2758 738 2796 eo
760 2740 836 2810 quod
858 2741 943 2809 vulgo
962 2741 1107 2795 scribimus
1130 2739 1205 2809 οἷός,
1229 2744 1301 2812 quod
1352 2755 1353 2834 γ

296 2813 370 2868 haud
389 2812 504 2882 perinde
523 2813 612 2867 estin
631 2812 745 2878 reliquis
764 2828 835 2880 quae
854 2811 936 2867 attuli
956 2812 1091 2867 omnibus.
1128 2813 1220 2867 Unum
1239 2831 1301 2869 cou-

295 2884 374 2952 cessi,
393 2886 424 2937 ut
443 2901 505 2937 cum
520 2882 664 2938 Dindorfio
680 2880 770 2944 ὑιδεῐς
788 2882 954 2951 scripturam
974 2882 1034 2952 (Ep.
1050 2882 1125 2951 VIII,
1140 2887 1166 2953 1)
1186 2885 1301 2940 Urhina·

295 2956 331 3010 tis
350 2972 461 3024 quoque
480 2954 646 3008 auctoritate
666 2954 877 3023 comprobatam
895 2954 1078 3009 restituerem.
1352 2979 1353 3040 γ

367 3026 406 3080 De
426 3025 556 3079 subsidiis
576 3024 705 3080 editionis
725 3025 793 3078 haec
812 3024 902 3078 habeo
921 3041 993 3093 quac
1012 3026 1123 3079 addam.
1160 3024 1303 3081 Urbinatis
1352 3045 1353 3106 γ

295 3097 398 3152 codicis
424 3096 558 3151 lectiones
582 3095 611 3149 in
634 3112 691 3149 una
713 3099 787 3149 certe
811 3094 948 3161 oratione,
972 3112 1042 3163 quac
1069 3099 1112 3150 est
1130 3094 1213 3163 xvl,
1231 3114 1303 3151 nunc
1352 3113 1353 3138 l

295 3169 404 3238 penitus
424 3166 551 3235 cognitas
569 3168 713 3236 habemus,
733 3182 818 3235 opera
835 3166 971 3220 laudabili
987 3166 1110 3221 virorum
1129 3168 1302 3222 doctissimo·

295 3258 355 3294 rum
370 3238 399 3294 G.
414 3238 444 3293 F.
459 3236 515 3292 Leo
530 3239 559 3291 et
573 3236 601 3291 C.
616 3237 701 3304 Fuhr,
721 3254 840 3306 quorum
857 3237 930 3292 alter
944 3237 1069 3292 codicem
1086 3238 1213 3307 contulit,
1234 3240 1304 3295 aller
1352 3249 1353 3252 ’

367 3453 393 3521 1)
410 3452 444 3507 Iu
465 3448 692 3519 inscriptionibus
716 3448 763 3506 IV.
788 3449 902 3518 saeculi,
922 3464 994 3518 qnae
1014 3451 1125 3505 exstant
1142 3450 1172 3504 in
1191 3452 1257 3506 c.1.
1274 3455 1303 3505 A.
1352 3433 1353 3476 l

295 3523 437 3577 volumine
456 3522 500 3592 11,
527 3521 688 3577 huiusmodi
711 3522 840 3590 exempla
860 3538 916 3575 non
935 3521 1046 3575 invenio
1069 3524 1181 3589 praeter
1204 3518 1304 3592 εῐρέθη

295 3595 334 3661 (et
359 3592 478 3647 fortasse
497 3592 616 3661 εἴρηται)
642 3599 702 3659 114,
727 3592 781 3646 nisi
803 3593 858 3646 huo
876 3592 979 3647 referas
998 3590 1091 3661 Αἰγείς
1109 3591 1239 3661 Αἰγεῖδος
1255 3612 1305 3663 pro

295 3658 380 3731 Αἰγῄς
398 3662 518 3732 Αἰγῇδος
536 3663 588 3731 (sic
606 3664 680 3717 euim
700 3664 887 3732 scribendum)
906 3678 1032 3731 quaeque
1055 3662 1160 3717 similia
1178 3666 1244 3718 sunt
1260 3666 1305 3733 (56

296 3732 403 3801 Olvrlc,
426 3736 484 3787 168.
506 3738 565 3787 178.
585 3739 636 3787 266
661 3732 798 3804 Αἰγεῐδος,
819 3738 1028 3789 itamaros
1049 3733 1198 3801 Οἰυεῖδος).
