<?xml version="1.0" encoding="UTF-8"?>
<!DOCTYPE html PUBLIC "-//W3C//DTD XHTML 1.0 Transitional//EN"
    "http://www.w3.org/TR/xhtml1/DTD/xhtml1-transitional.dtd">
<html xmlns="http://www.w3.org/1999/xhtml" xml:lang="en" lang="en">
 <head>
  <title>
</title>
<meta http-equiv="Content-Type" content="text/html;charset=utf-8" />
  <meta name='ocr-system' content='tesseract 3.04.00' />
  <meta name='ocr-capabilities' content='ocr_page ocr_carea ocr_par ocr_line ocrx_word'/>
</head>
<body>
  <div class='ocr_page' id='page_1' title='image "./orationes00isgoog_0412.png"; bbox 0 0 2859 4334; ppageno 0'>
   <div class='ocr_carea' id='block_1_1' title="bbox 445 357 1135 422">
    <p class='ocr_par' dir='ltr' id='par_1_1' title="bbox 445 357 1135 422">
     <span class='ocr_line' id='line_1_1' title="bbox 445 357 1135 422; baseline -0.006 -1"><span class='ocrx_word' id='word_1_1' title='bbox 445 362 867 422; x_wconf 78' lang='grc' dir='ltr'><em>ΠΑΝΑΘΗΝΑΙΚΟΣ.</em></span> <span class='ocrx_word' id='word_1_2' title='bbox 1094 357 1135 417; x_wconf 79' lang='lat'><em>39</em></span> 
     </span>
    </p>
   </div>
   <div class='ocr_carea' id='block_1_2' title="bbox 124 518 1206 3489">
    <p class='ocr_par' dir='ltr' id='par_1_2' title="bbox 188 518 1135 609">
     <span class='ocr_line' id='line_1_2' title="bbox 188 518 1135 609; baseline -0.006 -18"><span class='ocrx_word' id='word_1_3' title='bbox 188 527 239 592; x_wconf 75' lang='grc' dir='ltr'><em>καί</em></span> <span class='ocrx_word' id='word_1_4' title='bbox 252 531 308 609; x_wconf 80' lang='grc' dir='ltr'><em>της</em></span> <span class='ocrx_word' id='word_1_5' title='bbox 321 530 481 601; x_wconf 82' lang='grc' dir='ltr'><em>Κόνωνος</em></span> <span class='ocrx_word' id='word_1_6' title='bbox 488 539 685 608; x_wconf 85' lang='grc' dir='ltr'><em>στρατηγίας</em></span> <span class='ocrx_word' id='word_1_7' title='bbox 695 521 854 607; x_wconf 81' lang='grc' dir='ltr'><strong><em>τοιαύτην</em></strong></span> <span class='ocrx_word' id='word_1_8' title='bbox 865 522 1063 605; x_wconf 84' lang='grc' dir='ltr'><em>ἐποιήσαντο</em></span> <span class='ocrx_word' id='word_1_9' title='bbox 1076 518 1135 605; x_wconf 83' lang='grc' dir='ltr'><em>τήν</em></span> 
     </span>
    </p>

    <p class='ocr_par' dir='ltr' id='par_1_3' title="bbox 126 613 1163 1505">
     <span class='ocr_line' id='line_1_3' title="bbox 126 613 1135 710; baseline -0.01 -18"><span class='ocrx_word' id='word_1_10' title='bbox 126 645 174 699; x_wconf 79' lang='lat'><em>106</em></span> <span class='ocrx_word' id='word_1_11' title='bbox 189 623 335 710; x_wconf 79' lang='grc' dir='ltr'><em>εἰρήνην,</em></span> <span class='ocrx_word' id='word_1_12' title='bbox 349 613 390 708; x_wconf 87' lang='grc' dir='ltr'><em>ής</em></span> <span class='ocrx_word' id='word_1_13' title='bbox 407 620 517 701; x_wconf 79' lang='grc' dir='ltr'><em>ούδεὶς</em></span> <span class='ocrx_word' id='word_1_14' title='bbox 532 617 576 688; x_wconf 88' lang='grc' dir='ltr'><em>ἀυ</em></span> <span class='ocrx_word' id='word_1_15' title='bbox 587 623 778 700; x_wconf 81' lang='grc' dir='ltr'><em>ἐπιδείξειεν</em></span> <span class='ocrx_word' id='word_1_16' title='bbox 795 616 860 687; x_wconf 77' lang='grc' dir='ltr'><em>οὔτ’</em></span> <span class='ocrx_word' id='word_1_17' title='bbox 878 626 993 707; x_wconf 88' lang='grc' dir='ltr'><em>αίσχίω</em></span> <span class='ocrx_word' id='word_1_18' title='bbox 1004 619 1135 686; x_wconf 75' lang='grc' dir='ltr'><em>πώποτε</em></span> 
     </span>
     <span class='ocr_line' id='line_1_4' title="bbox 189 717 1163 808; baseline -0.006 -19"><span class='ocrx_word' id='word_1_19' title='bbox 189 722 372 808; x_wconf 78' lang='grc' dir='ltr'><em>γενομένην</em></span> <span class='ocrx_word' id='word_1_20' title='bbox 387 717 462 788; x_wconf 83' lang='grc' dir='ltr'><em>οὔτ’</em></span> <span class='ocrx_word' id='word_1_21' title='bbox 479 723 785 804; x_wconf 79' lang='grc' dir='ltr'><em>ἐπονειδιστοτέραν</em></span> <span class='ocrx_word' id='word_1_22' title='bbox 803 718 876 788; x_wconf 80' lang='grc' dir='ltr'><em>οὔτ’</em></span> <span class='ocrx_word' id='word_1_23' title='bbox 892 717 1163 804; x_wconf 84' lang='grc' dir='ltr'><em>ὀλιγωροτέρανδ</em></span> 
     </span>
     <span class='ocr_line' id='line_1_5' title="bbox 190 814 1137 906; baseline -0.003 -20"><span class='ocrx_word' id='word_1_24' title='bbox 190 816 434 906; x_wconf 76' lang='grc' dir='ltr'><em>τῶνἙλλήνων</em></span> <span class='ocrx_word' id='word_1_25' title='bbox 446 815 520 886; x_wconf 81' lang='grc' dir='ltr'><em>οὔτ’</em></span> <span class='ocrx_word' id='word_1_26' title='bbox 537 822 777 905; x_wconf 86' lang='grc' dir='ltr'><em>έναντιωτέραν</em></span> <span class='ocrx_word' id='word_1_27' title='bbox 788 833 856 899; x_wconf 75' lang='grc' dir='ltr'><em>τοῖς</em></span> <span class='ocrx_word' id='word_1_28' title='bbox 871 823 1061 906; x_wconf 78' lang='grc' dir='ltr'><em>λεγομένοις</em></span> <span class='ocrx_word' id='word_1_29' title='bbox 1071 814 1137 884; x_wconf 82' lang='grc' dir='ltr'><em>ὑπό</em></span> 
     </span>
     <span class='ocr_line' id='line_1_6' title="bbox 189 917 1136 1006; baseline -0.005 -19"><span class='ocrx_word' id='word_1_30' title='bbox 189 945 291 987; x_wconf 87' lang='grc' dir='ltr'><em>τινων</em></span> <span class='ocrx_word' id='word_1_31' title='bbox 312 922 386 1004; x_wconf 83' lang='grc' dir='ltr'><em>περί</em></span> <span class='ocrx_word' id='word_1_32' title='bbox 409 927 466 1006; x_wconf 81' lang='grc' dir='ltr'><em>τῆς</em></span> <span class='ocrx_word' id='word_1_33' title='bbox 486 917 604 1005; x_wconf 84' lang='grc' dir='ltr'><em>ἀρετῆς</em></span> <span class='ocrx_word' id='word_1_34' title='bbox 621 927 678 1005; x_wconf 82' lang='grc' dir='ltr'><em>τῆς</em></span> <span class='ocrx_word' id='word_1_35' title='bbox 694 922 983 1004; x_wconf 79' lang='grc' dir='ltr'><em>Λακεδαιμονίων·</em></span> <span class='ocrx_word' id='word_1_36' title='bbox 1008 920 1136 995; x_wconf 76' lang='grc' dir='ltr'><em>οἵτινες,</em></span> 
     </span>
     <span class='ocr_line' id='line_1_7' title="bbox 190 1016 1139 1109; baseline -0.008 -18"><span class='ocrx_word' id='word_1_37' title='bbox 190 1021 243 1092; x_wconf 86' lang='grc' dir='ltr'><em>ὅτε</em></span> <span class='ocrx_word' id='word_1_38' title='bbox 264 1021 325 1109; x_wconf 74' lang='grc' dir='ltr'><em>μέν</em></span> <span class='ocrx_word' id='word_1_39' title='bbox 346 1018 469 1099; x_wconf 85' lang='grc' dir='ltr'><em>αύτούς</em></span> <span class='ocrx_word' id='word_1_40' title='bbox 492 1018 509 1087; x_wconf 86' lang='grc' dir='ltr'>ὁ</span> <span class='ocrx_word' id='word_1_41' title='bbox 531 1018 686 1107; x_wconf 80' lang='grc' dir='ltr'><em>βασιλεύς</em></span> <span class='ocrx_word' id='word_1_42' title='bbox 707 1020 867 1098; x_wconf 77' lang='grc' dir='ltr'><em>δεσπότας</em></span> <span class='ocrx_word' id='word_1_43' title='bbox 888 1026 955 1088; x_wconf 80' lang='grc' dir='ltr'><em>τῶν</em></span> <span class='ocrx_word' id='word_1_44' title='bbox 971 1016 1139 1105; x_wconf 81' lang='grc' dir='ltr'><em>Ἑλλήνων</em></span> 
     </span>
     <span class='ocr_line' id='line_1_8' title="bbox 190 1116 1139 1206; baseline -0.006 -17"><span class='ocrx_word' id='word_1_45' title='bbox 190 1125 400 1206; x_wconf 81' lang='grc' dir='ltr'><em>κατέστησεν,</em></span> <span class='ocrx_word' id='word_1_46' title='bbox 418 1117 603 1203; x_wconf 78' lang='grc' dir='ltr'><em>ἀφελέσθαι</em></span> <span class='ocrx_word' id='word_1_47' title='bbox 620 1116 681 1205; x_wconf 84' lang='grc' dir='ltr'><em>τήν</em></span> <span class='ocrx_word' id='word_1_48' title='bbox 700 1126 873 1206; x_wconf 83' lang='grc' dir='ltr'><em>βασιλείαν</em></span> <span class='ocrx_word' id='word_1_49' title='bbox 887 1116 992 1185; x_wconf 84' lang='grc' dir='ltr'><em>αύτού</em></span> <span class='ocrx_word' id='word_1_50' title='bbox 1010 1120 1064 1186; x_wconf 80' lang='grc' dir='ltr'><em>καὶ</em></span> <span class='ocrx_word' id='word_1_51' title='bbox 1078 1118 1139 1202; x_wconf 85' lang='grc' dir='ltr'><em>τήν</em></span> 
     </span>
     <span class='ocr_line' id='line_1_9' title="bbox 190 1218 1139 1307; baseline -0.005 -17"><span class='ocrx_word' id='word_1_52' title='bbox 190 1219 405 1307; x_wconf 77' lang='grc' dir='ltr'><em>εὐδαιμονίαν</em></span> <span class='ocrx_word' id='word_1_53' title='bbox 417 1218 551 1287; x_wconf 81' lang='grc' dir='ltr'><em>ἅπασαν</em></span> <span class='ocrx_word' id='word_1_54' title='bbox 562 1221 786 1305; x_wconf 81' lang='grc' dir='ltr'><em>ἐπεχείρησαν,</em></span> <span class='ocrx_word' id='word_1_55' title='bbox 801 1220 913 1306; x_wconf 81' lang='grc' dir='ltr'><em>ἐπειδὴ</em></span> <span class='ocrx_word' id='word_1_56' title='bbox 924 1223 960 1287; x_wconf 75' lang='grc' dir='ltr'><em>δέ</em></span> <span class='ocrx_word' id='word_1_57' title='bbox 971 1243 1139 1287; x_wconf 89' lang='grc' dir='ltr'><em>καταναυ-</em></span> 
     </span>
     <span class='ocr_line' id='line_1_10' title="bbox 190 1313 1138 1406; baseline -0.004 -20"><span class='ocrx_word' id='word_1_58' title='bbox 190 1321 335 1406; x_wconf 89' lang='grc' dir='ltr'><em>μαχήσας</em></span> <span class='ocrx_word' id='word_1_59' title='bbox 350 1317 526 1398; x_wconf 87' lang='grc' dir='ltr'><em>ταπεινούς</em></span> <span class='ocrx_word' id='word_1_60' title='bbox 541 1321 712 1405; x_wconf 81' lang='grc' dir='ltr'><em>ἐποίησεν,</em></span> <span class='ocrx_word' id='word_1_61' title='bbox 739 1315 780 1385; x_wconf 90' lang='grc' dir='ltr'><em>ού</em></span> <span class='ocrx_word' id='word_1_62' title='bbox 795 1316 916 1405; x_wconf 77' lang='grc' dir='ltr'><em>μικρὸν</em></span> <span class='ocrx_word' id='word_1_63' title='bbox 936 1322 1035 1406; x_wconf 88' lang='grc' dir='ltr'><em>μέρος</em></span> <span class='ocrx_word' id='word_1_64' title='bbox 1049 1313 1138 1406; x_wconf 74' lang='grc' dir='ltr'><em>αὐτῷ</em></span> 
     </span>
     <span class='ocr_line' id='line_1_11' title="bbox 190 1412 1140 1505; baseline -0.008 -18"><span class='ocrx_word' id='word_1_65' title='bbox 190 1428 257 1487; x_wconf 80' lang='grc' dir='ltr'><em>των</em></span> <span class='ocrx_word' id='word_1_66' title='bbox 289 1416 456 1505; x_wconf 81' lang='grc' dir='ltr'><em>Ἑλλήνων</em></span> <span class='ocrx_word' id='word_1_67' title='bbox 485 1421 683 1502; x_wconf 88' lang='grc' dir='ltr'><em>παρέδωκαν</em></span> <span class='ocrx_word' id='word_1_68' title='bbox 714 1416 797 1488; x_wconf 83' lang='grc' dir='ltr'><em>ἀλλά</em></span> <span class='ocrx_word' id='word_1_69' title='bbox 824 1418 950 1496; x_wconf 91' lang='grc' dir='ltr'><em>πάντας</em></span> <span class='ocrx_word' id='word_1_70' title='bbox 977 1418 1054 1494; x_wconf 87' lang='grc' dir='ltr'><em>τούς</em></span> <span class='ocrx_word' id='word_1_71' title='bbox 1079 1412 1140 1499; x_wconf 87' lang='grc' dir='ltr'><em>τήν</em></span> 
     </span>
    </p>

    <p class='ocr_par' dir='ltr' id='par_1_4' title="bbox 124 1510 1206 2300">
     <span class='ocr_line' id='line_1_12' title="bbox 124 1510 1165 1604; baseline -0.012 -16"><span class='ocrx_word' id='word_1_72' title='bbox 124 1534 172 1589; x_wconf 74' lang='lat'><em>101</em></span> <span class='ocrx_word' id='word_1_73' title='bbox 185 1516 298 1588; x_wconf 84' lang='grc' dir='ltr'><em>Ἀσίαν</em></span> <span class='ocrx_word' id='word_1_74' title='bbox 305 1524 489 1597; x_wconf 86' lang='grc' dir='ltr'><em>οίκούντας,</em></span> <span class='ocrx_word' id='word_1_75' title='bbox 502 1510 1135 1604; x_wconf 75' lang='grc' dir='ltr'><em>διαρρήδηνγράραντεςχρησθαιτούθ’</em></span> <span class='ocrx_word' id='word_1_76' title='bbox 1150 1537 1165 1575; x_wconf 82' lang='grc' dir='ltr'><em>ε</em></span> 
     </span>
     <span class='ocr_line' id='line_1_13' title="bbox 190 1612 1140 1705; baseline -0.008 -21"><span class='ocrx_word' id='word_1_77' title='bbox 190 1614 209 1684; x_wconf 83' lang='grc' dir='ltr'>ὅ</span> <span class='ocrx_word' id='word_1_78' title='bbox 230 1643 260 1683; x_wconf 93' lang='grc' dir='ltr'><em>τι</em></span> <span class='ocrx_word' id='word_1_79' title='bbox 281 1612 326 1683; x_wconf 87' lang='grc' dir='ltr'><em>ἀυ</em></span> <span class='ocrx_word' id='word_1_80' title='bbox 346 1615 446 1695; x_wconf 88' lang='grc' dir='ltr'><em>αύτδς</em></span> <span class='ocrx_word' id='word_1_81' title='bbox 466 1617 644 1704; x_wconf 78' lang='grc' dir='ltr'><em>βούληται,</em></span> <span class='ocrx_word' id='word_1_82' title='bbox 669 1620 724 1685; x_wconf 85' lang='grc' dir='ltr'><em>καὶ</em></span> <span class='ocrx_word' id='word_1_83' title='bbox 750 1613 813 1684; x_wconf 94' lang='grc' dir='ltr'><em>ούκ</em></span> <span class='ocrx_word' id='word_1_84' title='bbox 829 1614 1047 1705; x_wconf 75' lang='grc' dir='ltr'><em>ᾐσχύνθησαν</em></span> <span class='ocrx_word' id='word_1_85' title='bbox 1070 1638 1140 1677; x_wconf 88' lang='grc' dir='ltr'><em>τοι-</em></span> 
     </span>
     <span class='ocr_line' id='line_1_14' title="bbox 191 1704 1140 1802; baseline -0.006 -21"><span class='ocrx_word' id='word_1_86' title='bbox 191 1714 293 1793; x_wconf 88' lang='grc' dir='ltr'><em>αύτας</em></span> <span class='ocrx_word' id='word_1_87' title='bbox 314 1715 509 1801; x_wconf 79' lang='grc' dir='ltr'><em>ποιούμενοι</em></span> <span class='ocrx_word' id='word_1_88' title='bbox 531 1712 588 1795; x_wconf 86' lang='grc' dir='ltr'><em>τάς</em></span> <span class='ocrx_word' id='word_1_89' title='bbox 612 1713 791 1802; x_wconf 80' lang='grc' dir='ltr'><em>ὁμολογίας</em></span> <span class='ocrx_word' id='word_1_90' title='bbox 818 1716 892 1800; x_wconf 80' lang='grc' dir='ltr'><em>περὶ</em></span> <span class='ocrx_word' id='word_1_91' title='bbox 912 1711 1063 1797; x_wconf 79' lang='grc' dir='ltr'><em>ἀνδρῶν,</em></span> <span class='ocrx_word' id='word_1_92' title='bbox 1092 1704 1140 1787; x_wconf 85' lang='grc' dir='ltr'><em>οἷς</em></span> 
     </span>
     <span class='ocr_line' id='line_1_15' title="bbox 191 1812 1140 1902; baseline -0.009 -19"><span class='ocrx_word' id='word_1_93' title='bbox 191 1815 354 1901; x_wconf 83' lang='grc' dir='ltr'><em>χράμενοι</em></span> <span class='ocrx_word' id='word_1_94' title='bbox 374 1816 557 1900; x_wconf 80' lang='grc' dir='ltr'><em>συμμάχοις</em></span> <span class='ocrx_word' id='word_1_95' title='bbox 577 1812 673 1902; x_wconf 74' lang='grc' dir='ltr'><em>ήμῶν</em></span> <span class='ocrx_word' id='word_1_96' title='bbox 693 1842 728 1883; x_wconf 90' lang='grc' dir='ltr'><em>τε</em></span> <span class='ocrx_word' id='word_1_97' title='bbox 750 1816 982 1899; x_wconf 87' lang='grc' dir='ltr'><em>περιεγένοντο</em></span> <span class='ocrx_word' id='word_1_98' title='bbox 1004 1812 1140 1877; x_wconf 80' lang='grc' dir='ltr'><em>καὶτῶν</em></span> 
     </span>
     <span class='ocr_line' id='line_1_16' title="bbox 188 1908 1140 2002; baseline -0.011 -18"><span class='ocrx_word' id='word_1_99' title='bbox 188 1914 355 2002; x_wconf 81' lang='grc' dir='ltr'><em>Ἑλλήνων</em></span> <span class='ocrx_word' id='word_1_100' title='bbox 376 1917 486 1998; x_wconf 89' lang='grc' dir='ltr'><em>κύριοι</em></span> <span class='ocrx_word' id='word_1_101' title='bbox 506 1917 711 2001; x_wconf 86' lang='grc' dir='ltr'><em>κατέστησαν</em></span> <span class='ocrx_word' id='word_1_102' title='bbox 728 1917 783 1981; x_wconf 80' lang='grc' dir='ltr'><em>καὶ</em></span> <span class='ocrx_word' id='word_1_103' title='bbox 803 1910 865 1999; x_wconf 87' lang='grc' dir='ltr'><em>τήν</em></span> <span class='ocrx_word' id='word_1_104' title='bbox 876 1910 986 1979; x_wconf 88' lang='grc' dir='ltr'><em>Ἀσίαν</em></span> <span class='ocrx_word' id='word_1_105' title='bbox 1006 1908 1140 1977; x_wconf 84' lang='grc' dir='ltr'><em>ἀπασαν</em></span> 
     </span>
     <span class='ocr_line' id='line_1_17' title="bbox 190 2010 1206 2100; baseline -0.008 -18"><span class='ocrx_word' id='word_1_106' title='bbox 190 2015 337 2100; x_wconf 81' lang='grc' dir='ltr'><em>ἤλπισαν</em></span> <span class='ocrx_word' id='word_1_107' title='bbox 353 2014 588 2099; x_wconf 83' lang='grc' dir='ltr'><em>κατασχήσειν,</em></span> <span class='ocrx_word' id='word_1_108' title='bbox 612 2011 695 2082; x_wconf 85' lang='grc' dir='ltr'><em>ἀλλά</em></span> <span class='ocrx_word' id='word_1_109' title='bbox 712 2012 770 2092; x_wconf 85' lang='grc' dir='ltr'><em>τάς</em></span> <span class='ocrx_word' id='word_1_110' title='bbox 791 2013 946 2088; x_wconf 85' lang='grc' dir='ltr'><em>τοιαύτας</em></span> <span class='ocrx_word' id='word_1_111' title='bbox 967 2010 1141 2096; x_wconf 80' lang='grc' dir='ltr'><em>συνθήκας</em></span> <span class='ocrx_word' id='word_1_112' title='bbox 1156 2030 1206 2082; x_wconf 71' lang='lat'><em>255</em></span> 
     </span>
     <span class='ocr_line' id='line_1_18' title="bbox 192 2108 1138 2198; baseline -0.007 -17"><span class='ocrx_word' id='word_1_113' title='bbox 192 2112 290 2182; x_wconf 86' lang='grc' dir='ltr'><em>αὐτοί</em></span> <span class='ocrx_word' id='word_1_114' title='bbox 301 2110 330 2179; x_wconf 87' lang='grc' dir='ltr'><em>τ’</em></span> <span class='ocrx_word' id='word_1_115' title='bbox 349 2115 386 2179; x_wconf 84' lang='grc' dir='ltr'><em>έυ</em></span> <span class='ocrx_word' id='word_1_116' title='bbox 402 2128 470 2191; x_wconf 79' lang='grc' dir='ltr'><em>τοῖς</em></span> <span class='ocrx_word' id='word_1_117' title='bbox 484 2119 584 2196; x_wconf 83' lang='grc' dir='ltr'><em>ίεροῑς</em></span> <span class='ocrx_word' id='word_1_118' title='bbox 599 2128 667 2192; x_wconf 73' lang='grc' dir='ltr'><em>τοις</em></span> <span class='ocrx_word' id='word_1_119' title='bbox 683 2114 856 2198; x_wconf 85' lang='grc' dir='ltr'><em>σφετέροις</em></span> <span class='ocrx_word' id='word_1_120' title='bbox 868 2108 981 2179; x_wconf 76' lang='grc' dir='ltr'><em>αὐτῶν</em></span> <span class='ocrx_word' id='word_1_121' title='bbox 996 2108 1138 2195; x_wconf 88' lang='grc' dir='ltr'><em>ἀνέγρα-</em></span> 
     </span>
     <span class='ocr_line' id='line_1_19' title="bbox 191 2211 845 2300; baseline -0.003 -19"><span class='ocrx_word' id='word_1_122' title='bbox 191 2230 261 2294; x_wconf 72' lang='grc' dir='ltr'><em>ψαν</em></span> <span class='ocrx_word' id='word_1_123' title='bbox 275 2215 329 2281; x_wconf 79' lang='grc' dir='ltr'><em>καί</em></span> <span class='ocrx_word' id='word_1_124' title='bbox 347 2214 425 2293; x_wconf 88' lang='grc' dir='ltr'><em>τούς</em></span> <span class='ocrx_word' id='word_1_125' title='bbox 439 2214 631 2300; x_wconf 81' lang='grc' dir='ltr'><em>συμμάχους</em></span> <span class='ocrx_word' id='word_1_126' title='bbox 642 2211 845 2300; x_wconf 82' lang='grc' dir='ltr'><em>ἠνάγκασαν.</em></span> 
     </span>
    </p>

    <p class='ocr_par' dir='ltr' id='par_1_5' title="bbox 127 2307 1168 3096">
     <span class='ocr_line' id='line_1_20' title="bbox 127 2307 1142 2399; baseline -0.012 -12"><span class='ocrx_word' id='word_1_127' title='bbox 127 2334 178 2387; x_wconf 81' lang='lat' dir='ltr'><em>1oe</em></span> <span class='ocrx_word' id='word_1_128' title='bbox 276 2315 347 2399; x_wconf 77' lang='grc' dir='ltr'><em>(μ’.)</em></span> <span class='ocrx_word' id='word_1_129' title='bbox 373 2312 460 2392; x_wconf 86' lang='grc' dir='ltr'><em>Τούς</em></span> <span class='ocrx_word' id='word_1_130' title='bbox 477 2314 538 2399; x_wconf 77' lang='grc' dir='ltr'><em>μὲν</em></span> <span class='ocrx_word' id='word_1_131' title='bbox 567 2307 629 2381; x_wconf 83' lang='grc' dir='ltr'><em>οὖν</em></span> <span class='ocrx_word' id='word_1_132' title='bbox 651 2312 773 2391; x_wconf 86' lang='grc' dir='ltr'><em>ἀλλους</em></span> <span class='ocrx_word' id='word_1_133' title='bbox 793 2309 855 2380; x_wconf 91' lang='grc' dir='ltr'><em>ούκ</em></span> <span class='ocrx_word' id='word_1_134' title='bbox 879 2311 967 2399; x_wconf 77' lang='grc' dir='ltr'><em>οἶμαι</em></span> <span class='ocrx_word' id='word_1_135' title='bbox 990 2312 1142 2394; x_wconf 82' lang='grc' dir='ltr'><em>πράξεων</em></span> 
     </span>
     <span class='ocr_line' id='line_1_21' title="bbox 194 2410 1141 2500; baseline -0.006 -19"><span class='ocrx_word' id='word_1_136' title='bbox 194 2416 316 2500; x_wconf 84' lang='grc' dir='ltr'><em>ἑτέρων</em></span> <span class='ocrx_word' id='word_1_137' title='bbox 330 2413 551 2499; x_wconf 86' lang='grc' dir='ltr'><em>ε’πιθυμήσειν</em></span> <span class='ocrx_word' id='word_1_138' title='bbox 566 2411 717 2499; x_wconf 87' lang='grc' dir='ltr'><em>ἀκούειν,</em></span> <span class='ocrx_word' id='word_1_139' title='bbox 728 2410 799 2481; x_wconf 84' lang='grc' dir='ltr'><em>ἀλλ’</em></span> <span class='ocrx_word' id='word_1_140' title='bbox 821 2416 857 2480; x_wconf 80' lang='grc' dir='ltr'><em>ἐκ</em></span> <span class='ocrx_word' id='word_1_141' title='bbox 874 2421 942 2480; x_wconf 79' lang='grc' dir='ltr'><em>των</em></span> <span class='ocrx_word' id='word_1_142' title='bbox 957 2413 1141 2497; x_wconf 83' lang='grc' dir='ltr'><em>εἰρημένων</em></span> 
     </span>
     <span class='ocr_line' id='line_1_22' title="bbox 194 2509 1141 2598; baseline -0.005 -18"><span class='ocrx_word' id='word_1_143' title='bbox 194 2518 317 2590; x_wconf 81' lang='grc' dir='ltr'><em>ίκανως</em></span> <span class='ocrx_word' id='word_1_144' title='bbox 331 2517 562 2598; x_wconf 83' lang='grc' dir='ltr'><em>μεμαθηκέναι</em></span> <span class='ocrx_word' id='word_1_145' title='bbox 581 2526 727 2598; x_wconf 80' lang='grc' dir='ltr'><em>νομιεῖν,</em></span> <span class='ocrx_word' id='word_1_146' title='bbox 745 2509 843 2580; x_wconf 89' lang='grc' dir='ltr'><em>ὁποία</em></span> <span class='ocrx_word' id='word_1_147' title='bbox 859 2540 907 2590; x_wconf 89' lang='grc' dir='ltr'><em>τις</em></span> <span class='ocrx_word' id='word_1_148' title='bbox 921 2526 993 2579; x_wconf 78' lang='grc' dir='ltr'><em>τοῖν</em></span> <span class='ocrx_word' id='word_1_149' title='bbox 1008 2515 1141 2578; x_wconf 85' lang='grc' dir='ltr'><em>πολέσιν</em></span> 
     </span>
     <span class='ocr_line' id='line_1_23' title="bbox 193 2608 1142 2698; baseline -0.004 -17"><span class='ocrx_word' id='word_1_150' title='bbox 193 2614 330 2693; x_wconf 80' lang='grc' dir='ltr'><em>ἑκατέρα</em></span> <span class='ocrx_word' id='word_1_151' title='bbox 342 2608 671 2697; x_wconf 75' lang='grc' dir='ltr'><em>περὶτούςἝλληνας</em></span> <span class='ocrx_word' id='word_1_152' title='bbox 682 2615 836 2698; x_wconf 84' lang='grc' dir='ltr'><em>γέγονεν’</em></span> <span class='ocrx_word' id='word_1_153' title='bbox 860 2611 923 2698; x_wconf 79' lang='grc' dir='ltr'><em>έγιδ</em></span> <span class='ocrx_word' id='word_1_154' title='bbox 937 2610 968 2678; x_wconf 86' lang='grc' dir='ltr'><em>δ’</em></span> <span class='ocrx_word' id='word_1_155' title='bbox 980 2610 1041 2696; x_wconf 89' lang='grc' dir='ltr'><em>ούχ</em></span> <span class='ocrx_word' id='word_1_156' title='bbox 1054 2608 1142 2679; x_wconf 80' lang='grc' dir='ltr'><em>οὕτω</em></span> 
     </span>
     <span class='ocr_line' id='line_1_24' title="bbox 194 2706 1143 2797; baseline -0.001 -20"><span class='ocrx_word' id='word_1_157' title='bbox 194 2710 348 2796; x_wconf 86' lang='grc' dir='ltr'><em>τυγχάνω</em></span> <span class='ocrx_word' id='word_1_158' title='bbox 360 2715 576 2796; x_wconf 86' lang='grc' dir='ltr'><em>διακείμενος,</em></span> <span class='ocrx_word' id='word_1_159' title='bbox 592 2708 665 2779; x_wconf 91' lang='grc' dir='ltr'><em>ἀλλ’</em></span> <span class='ocrx_word' id='word_1_160' title='bbox 678 2708 821 2797; x_wconf 84' lang='grc' dir='ltr'><em>ήγούμαι</em></span> <span class='ocrx_word' id='word_1_161' title='bbox 833 2708 895 2797; x_wconf 86' lang='grc' dir='ltr'><em>τήν</em></span> <span class='ocrx_word' id='word_1_162' title='bbox 909 2709 1086 2794; x_wconf 84' lang='grc' dir='ltr'><em>ὑπόθεσιν,</em></span> <span class='ocrx_word' id='word_1_163' title='bbox 1099 2706 1143 2795; x_wconf 79' lang='grc' dir='ltr'><em>ἣν</em></span> 
     </span>
     <span class='ocr_line' id='line_1_25' title="bbox 193 2808 1168 2895; baseline 0 -20"><span class='ocrx_word' id='word_1_164' title='bbox 193 2808 417 2894; x_wconf 80' lang='grc' dir='ltr'><em>ἐποιησάμην,</em></span> <span class='ocrx_word' id='word_1_165' title='bbox 446 2808 558 2876; x_wconf 88' lang='grc' dir='ltr'><em>ἀλλων</em></span> <span class='ocrx_word' id='word_1_166' title='bbox 583 2835 617 2878; x_wconf 85' lang='grc' dir='ltr'><em>τε</em></span> <span class='ocrx_word' id='word_1_167' title='bbox 634 2817 769 2879; x_wconf 79' lang='grc' dir='ltr'><em>πολλῶν</em></span> <span class='ocrx_word' id='word_1_168' title='bbox 792 2816 1009 2895; x_wconf 80' lang='grc' dir='ltr'><em>προσδεῖσθαι</em></span> <span class='ocrx_word' id='word_1_169' title='bbox 1027 2812 1168 2895; x_wconf 79' lang='grc' dir='ltr'><em>λόγωνυ</em></span> 
     </span>
     <span class='ocr_line' id='line_1_26' title="bbox 193 2905 1139 2995; baseline 0.001 -21"><span class='ocrx_word' id='word_1_170' title='bbox 193 2909 248 2974; x_wconf 82' lang='grc' dir='ltr'><em>καί</em></span> <span class='ocrx_word' id='word_1_171' title='bbox 267 2906 408 2993; x_wconf 84' lang='grc' dir='ltr'><em>μάλιστα</em></span> <span class='ocrx_word' id='word_1_172' title='bbox 423 2916 490 2975; x_wconf 79' lang='grc' dir='ltr'><em>τῶν</em></span> <span class='ocrx_word' id='word_1_173' title='bbox 506 2910 741 2989; x_wconf 77' lang='grc' dir='ltr'><em>ἐπιδειξάντων</em></span> <span class='ocrx_word' id='word_1_174' title='bbox 757 2907 818 2995; x_wconf 86' lang='grc' dir='ltr'><em>τήν</em></span> <span class='ocrx_word' id='word_1_175' title='bbox 833 2907 952 2976; x_wconf 83' lang='grc' dir='ltr'><em>ἀνοιαν</em></span> <span class='ocrx_word' id='word_1_176' title='bbox 963 2916 1031 2976; x_wconf 80' lang='grc' dir='ltr'><em>των</em></span> <span class='ocrx_word' id='word_1_177' title='bbox 1046 2905 1139 2975; x_wconf 89' lang='grc' dir='ltr'><em>ἀντι-</em></span> 
     </span>
     <span class='ocr_line' id='line_1_27' title="bbox 193 3004 1142 3096; baseline -0.002 -21"><span class='ocrx_word' id='word_1_178' title='bbox 193 3010 303 3092; x_wconf 82' lang='grc' dir='ltr'><em>λέγειν</em></span> <span class='ocrx_word' id='word_1_179' title='bbox 332 3021 400 3086; x_wconf 71' lang='grc' dir='ltr'><em>τοῖς</em></span> <span class='ocrx_word' id='word_1_180' title='bbox 433 3010 616 3094; x_wconf 76' lang='grc' dir='ltr'><em>εἰρημένοις</em></span> <span class='ocrx_word' id='word_1_181' title='bbox 645 3010 937 3096; x_wconf 80' lang='grc' dir='ltr'><em>ἐπιχειρησόντων·</em></span> <span class='ocrx_word' id='word_1_182' title='bbox 970 3004 1029 3085; x_wconf 84' lang='grc' dir='ltr'><em>οδς</em></span> <span class='ocrx_word' id='word_1_183' title='bbox 1054 3005 1142 3093; x_wconf 81' lang='grc' dir='ltr'><em>οἶμαι</em></span> 
     </span>
    </p>

    <p class='ocr_par' dir='ltr' id='par_1_6' title="bbox 127 3103 1144 3489">
     <span class='ocr_line' id='line_1_28' title="bbox 127 3103 1143 3195; baseline -0.005 -17"><span class='ocrx_word' id='word_1_184' title='bbox 127 3126 176 3178; x_wconf 79' lang='grc'><em>109</em></span> <span class='ocrx_word' id='word_1_185' title='bbox 193 3109 317 3192; x_wconf 76' lang='grc' dir='ltr'><em>ῥαδίως</em></span> <span class='ocrx_word' id='word_1_186' title='bbox 342 3103 506 3191; x_wconf 84' lang='grc' dir='ltr'><em>εὑρήσειν.</em></span> <span class='ocrx_word' id='word_1_187' title='bbox 569 3109 665 3195; x_wconf 86' lang='grc' dir='ltr'><em>(μα’.)</em></span> <span class='ocrx_word' id='word_1_188' title='bbox 698 3116 774 3175; x_wconf 79' lang='grc' dir='ltr'><em>Τῶν</em></span> <span class='ocrx_word' id='word_1_189' title='bbox 799 3106 863 3194; x_wconf 88' lang='grc' dir='ltr'><em>γάρ</em></span> <span class='ocrx_word' id='word_1_190' title='bbox 889 3105 1143 3192; x_wconf 77' lang='grc' dir='ltr'><em>ἀποδεχομένων</em></span> 
     </span>
     <span class='ocr_line' id='line_1_29' title="bbox 194 3200 1144 3295; baseline 0.001 -25"><span class='ocrx_word' id='word_1_191' title='bbox 194 3200 323 3283; x_wconf 83' lang='grc' dir='ltr'><em>ἁπάσας</em></span> <span class='ocrx_word' id='word_1_192' title='bbox 345 3202 404 3282; x_wconf 86' lang='grc' dir='ltr'><em>τάς</em></span> <span class='ocrx_word' id='word_1_193' title='bbox 426 3211 698 3292; x_wconf 84' lang='grc' dir='ltr'><em>Λακεδαιμονίων</em></span> <span class='ocrx_word' id='word_1_194' title='bbox 721 3209 863 3295; x_wconf 81' lang='grc' dir='ltr'><em>πράξεις,</em></span> <span class='ocrx_word' id='word_1_195' title='bbox 873 3204 951 3285; x_wconf 85' lang='grc' dir='ltr'><em>τούς</em></span> <span class='ocrx_word' id='word_1_196' title='bbox 980 3205 1042 3291; x_wconf 77' lang='grc' dir='ltr'><em>μὲν</em></span> <span class='ocrx_word' id='word_1_197' title='bbox 1067 3213 1144 3292; x_wconf 82' lang='grc' dir='ltr'><em>βελ-</em></span> 
     </span>
     <span class='ocr_line' id='line_1_30' title="bbox 194 3302 1144 3391; baseline 0.001 -22"><span class='ocrx_word' id='word_1_198' title='bbox 194 3312 324 3381; x_wconf 84' lang='grc' dir='ltr'><em>τίστους</em></span> <span class='ocrx_word' id='word_1_199' title='bbox 346 3302 460 3371; x_wconf 75' lang='grc' dir='ltr'><em>αὐτῶν</em></span> <span class='ocrx_word' id='word_1_200' title='bbox 479 3303 623 3391; x_wconf 82' lang='grc' dir='ltr'><em>ἡγοῦμαι</em></span> <span class='ocrx_word' id='word_1_201' title='bbox 645 3310 699 3375; x_wconf 83' lang='grc' dir='ltr'><em>καὶ</em></span> <span class='ocrx_word' id='word_1_202' title='bbox 724 3316 879 3376; x_wconf 81' lang='grc' dir='ltr'><em>πλεῖστον</em></span> <span class='ocrx_word' id='word_1_203' title='bbox 899 3312 985 3373; x_wconf 88' lang='grc' dir='ltr'><em>νοῦν</em></span> <span class='ocrx_word' id='word_1_204' title='bbox 1010 3311 1144 3391; x_wconf 79' lang='grc' dir='ltr'><em>ἔχοντας</em></span> 
     </span>
     <span class='ocr_line' id='line_1_31' title="bbox 195 3399 1144 3489; baseline 0.001 -21"><span class='ocrx_word' id='word_1_205' title='bbox 195 3399 256 3488; x_wconf 90' lang='grc' dir='ltr'><em>τήν</em></span> <span class='ocrx_word' id='word_1_206' title='bbox 271 3403 333 3487; x_wconf 81' lang='grc' dir='ltr'><em>μὲν</em></span> <span class='ocrx_word' id='word_1_207' title='bbox 344 3411 567 3485; x_wconf 75' lang='grc' dir='ltr'><em>Σπαρτιατῶν</em></span> <span class='ocrx_word' id='word_1_208' title='bbox 581 3414 750 3474; x_wconf 88' lang='grc' dir='ltr'><em>πολιτείαν</em></span> <span class='ocrx_word' id='word_1_209' title='bbox 766 3408 998 3474; x_wconf 83' lang='grc' dir='ltr'><em>ἐπαινέσεσθαι</em></span> <span class='ocrx_word' id='word_1_210' title='bbox 1014 3405 1070 3472; x_wconf 82' lang='grc' dir='ltr'><em>καὶ</em></span> <span class='ocrx_word' id='word_1_211' title='bbox 1083 3400 1144 3489; x_wconf 83' lang='grc' dir='ltr'><em>τὴν</em></span> 
     </span>
    </p>
   </div>
   <div class='ocr_carea' id='block_1_3' title="bbox 194 3498 1170 3690">
    <p class='ocr_par' dir='ltr' id='par_1_7' title="bbox 194 3498 1170 3690">
     <span class='ocr_line' id='line_1_32' title="bbox 194 3498 1143 3592; baseline 0 -24"><span class='ocrx_word' id='word_1_212' title='bbox 194 3498 301 3588; x_wconf 90' lang='grc' dir='ltr'><em>αύτήν</em></span> <span class='ocrx_word' id='word_1_213' title='bbox 312 3503 451 3589; x_wconf 86' lang='grc' dir='ltr'><em>γνάμην</em></span> <span class='ocrx_word' id='word_1_214' title='bbox 462 3505 547 3583; x_wconf 69' lang='grc' dir='ltr'><em>ἕξειν</em></span> <span class='ocrx_word' id='word_1_215' title='bbox 558 3509 631 3586; x_wconf 83' lang='grc' dir='ltr'><em>περὶ</em></span> <span class='ocrx_word' id='word_1_216' title='bbox 645 3503 869 3592; x_wconf 84' lang='grc' dir='ltr'><em>αύτής,ήυπερ</em></span> <span class='ocrx_word' id='word_1_217' title='bbox 881 3504 1057 3590; x_wconf 88' lang='grc' dir='ltr'><em>πρότερον,</em></span> <span class='ocrx_word' id='word_1_218' title='bbox 1070 3504 1143 3587; x_wconf 78' lang='grc' dir='ltr'><em>περὶ</em></span> 
     </span>
     <span class='ocr_line' id='line_1_33' title="bbox 195 3599 1170 3690; baseline -0.001 -23"><span class='ocrx_word' id='word_1_219' title='bbox 195 3602 231 3668; x_wconf 74' lang='grc' dir='ltr'><em>δέ</em></span> <span class='ocrx_word' id='word_1_220' title='bbox 252 3606 320 3668; x_wconf 76' lang='grc' dir='ltr'><em>τῶν</em></span> <span class='ocrx_word' id='word_1_221' title='bbox 340 3608 386 3679; x_wconf 85' lang='grc' dir='ltr'><em>είς</em></span> <span class='ocrx_word' id='word_1_222' title='bbox 407 3599 485 3680; x_wconf 91' lang='grc' dir='ltr'><em>τούς</em></span> <span class='ocrx_word' id='word_1_223' title='bbox 496 3600 656 3688; x_wconf 84' lang='grc' dir='ltr'><em>Ἕλληνας</em></span> <span class='ocrx_word' id='word_1_224' title='bbox 678 3610 922 3690; x_wconf 81' lang='grc' dir='ltr'><em>πεπραγμένων</em></span> <span class='ocrx_word' id='word_1_225' title='bbox 943 3602 1170 3689; x_wconf 86' lang='grc' dir='ltr'><em>ὁμονοήσεινο</em></span> 
     </span>
    </p>
   </div>
   <div class='ocr_carea' id='block_1_4' title="bbox 0 0 1436 4334">
    <p class='ocr_par' dir='ltr' id='par_1_8' title="bbox 0 0 1436 4334">
     <span class='ocr_line' id='line_1_34' title="bbox 0 0 1436 4334; baseline 0 0"><span class='ocrx_word' id='word_1_226' title='bbox 0 0 1436 4334; x_wconf 95' lang='lat' dir='ltr'><em> </em></span> 
     </span>
    </p>
   </div>
  </div>
 </body>
</html>
