2859 4334
528 413 818 471 ΕΠΙΣΤΟΛΑΙ.
1087 410 1148 473 251

147 597 185 646 νο
199 591 262 638 σαν
277 567 487 656 τὴνἙλλάδα
501 571 662 647 πολλάκις
679 568 741 654 ἤδη
757 574 911 637 σέσωκεν,
947 575 1101 656 ἐνθυμοῦ
1116 569 1148 639 δ’
1161 583 1179 639 δ

198 668 247 737 ότι
264 677 398 748 πολλοῖς
418 676 527 746 καλῶς
540 675 786 755 βεβουλεῦσθαι
802 674 926 752 δοκεῖς,
948 669 999 738 ότι
1014 676 1149 750 δικαίως

198 773 353 854 κέχρησαι
376 776 550 845 Θετταλοῖς
573 768 627 833 καὶ
652 767 892 852 συμφερόντως
912 773 1065 854 ἐκείνοις,
1087 769 1129 836 όν

198 868 318 951 δρύσιν
335 863 397 933 ούκ
420 864 712 951 εύμεταχειρίστοις
734 862 817 933 ἀλλὰ
832 868 1075 953 μεγαλοψύχοις
1095 870 1148 934 καὶ

197 966 343 1043 στάσεως
354 977 492 1050 μεστοῖς.
515 961 575 1048 χρὴ
589 970 706 1030 τοίνυν
718 965 771 1031 καὶ
783 968 857 1048 περὶ
868 963 953 1051 ἡμᾶς
967 974 1148 1049 πειρᾶσθαι

197 1070 375 1151 γίγνεσθαί
387 1082 424 1129 σε
435 1068 605 1142 τοιοῦτον,
621 1062 856 1146 ἐπιστάμενον,
874 1061 925 1129 ότι
940 1062 1002 1149 τὴν
1012 1063 1074 1149 μὲν
1085 1065 1151 1150 χω·

197 1189 263 1246 ραν
276 1163 450 1245 Θετταλοὶ,
465 1158 527 1246 τὴν
538 1162 574 1227 δὲ
589 1159 736 1244 δύναμιν
750 1157 842 1245 ἡμεῖς
857 1157 986 1245 ὅμορόν
1001 1183 1054 1229 σοι
1069 1185 1150 1246 τυγό

196 1263 342 1348 χόνομεν
352 1266 491 1344 ἔχοντες,
505 1258 549 1344 ἣν
559 1262 595 1327 ἐκ
608 1258 732 1338 παντὸς
743 1261 871 1342 τρόπον
883 1261 966 1346 ζήτει
979 1283 1151 1346 προσαγα-

144 1382 176 1432 21
198 1364 328 1446 γε’σθαι.
365 1357 451 1426 πολύ
465 1357 531 1444 γὰρ
546 1357 685 1425 κάλλιόν
700 1362 768 1426 έστι
783 1356 841 1437 τόις
856 1357 988 1438 εὐνοίας
1009 1359 1067 1439 τὰς
1081 1369 1176 1428 wiva

197 1458 330 1526 πόλεων
350 1462 458 1541 αι’ρεῖν
478 1453 499 1542 ἢ
522 1455 562 1523 τὰ
583 1462 681 1542 τείχη.
719 1455 758 1522 τὰ
774 1456 915 1542 μὲνγὰρ
931 1467 1066 1527 τοιαῦτα
1084 1464 1153 1525 τῶν

198 1563 307 1641 ἒργων
321 1553 363 1622 οῦ
379 1554 486 1640 μόνον
500 1562 565 1642 ἔχει
579 1557 733 1640 φθόνον,
747 1553 831 1623 ἀλλὰ
843 1561 898 1624 καὶ
908 1566 976 1626 τῦυ
987 1558 1150 1626 τοιούτων

196 1656 258 1744 τὴν
273 1660 462 1734 αἰτίαντοῖς
477 1660 710 1738 στρατοπέδοις
726 1653 959 1724 ἀνατιθέασιν·
983 1655 1026 1745 ἢν
1039 1659 1074 1725 δέ
1090 1656 1148 1735 τὰς

147 1829 150 1834 ,
196 1755 458 1842 σλκειότηταςκαὶ
468 1753 860 1842 τάςεῦνοίαςκτήσασθαι
871 1760 1035 1844 δυνηθῇς,
1045 1757 1149 1825 ἅπαν-

197 1881 249 1934 τες
262 1853 325 1939 τὴν
341 1851 404 1939 σὴν
420 1854 575 1920 διάνοιαν
590 1854 830 1921 ἐπαινέσονται.

145 1977 182 2028 22
283 1953 358 2038 (θ’.)
369 1959 518 2032 Δικαίως
528 1951 559 2019 δ’
573 1952 616 2020 α”ν
626 1978 683 2039 μοι
704 1951 872 2032 πιστεύοις
890 1949 939 2034 οἷς
950 1965 1065 2040 εῖρηκα
1076 1956 1151 2038 περὶ

196 2062 254 2141 τῆς
272 2055 414 2131 πόλεως·
438 2055 631 2139 φανήσομαι
654 2050 717 2137 γᾶρ
734 2051 811 2120 οῦτε
827 2056 1023 2123 κολακεύειν
1044 2053 1150 2140 αὐτὴν
1166 2061 1212 2115 41¹

196 2156 234 2222 ἐν
247 2167 315 2230 τοῖς
325 2152 437 2238 λόγοις
449 2156 638 2238 εἰθισμένος
648 2151 732 2221 α’λλδ
745 2161 879 2221 πλεῖστα
891 2154 1028 2223 πάντων
1042 2158 1147 2223 ἐπιτε-

198 2249 350 2338 τιμηκόις,
359 2249 425 2319 οὔτ’
435 2243 474 2318 εῦ
486 2249 575 2333 παρὰ
583 2266 651 2328 τοῖς
657 2258 791 2328 πολλοῖς
799 2255 852 2317 καὶ
859 2267 926 2330 τοῖς
932 2258 1004 2340 εἰκῇ
1012 2254 1149 2344 δοκιμά-

197 2358 290 2432 ζουσι
297 2349 482 2436 φερόμενος
489 2346 562 2418 ἄλλ’
572 2349 800 2435 ἀγνοούμενος
806 2346 865 2416 ὑπ’
874 2348 986 2418 αὐτῶν
998 2355 1051 2419 καὶ
1060 2361 1151 2436 φθο-

199 2449 361 2536 νούμενος
377 2447 488 2530 ὥσπερ
504 2449 556 2514 σύ.
579 2446 667 2534 πλὴν
684 2454 846 2513 τοσοῦτον
862 2451 1082 2535 διαφέρομεν,
1100 2447 1150 2515 ότι

197 2545 323 2633 κρδςσέ
336 2546 397 2631 μὲν
406 2544 461 2613 διὰ
468 2544 683 2633 τὴνδύναμιν
690 2546 746 2612 καὶ
752 2541 813 2631 τὴν
820 2542 1151 2630 εὐδαιμονίανοῦτως

197 2653 326 2732 έχουσι,
351 2642 435 2729 πρὸς
451 2642 483 2712 δ’
502 2646 576 2731 ἐμὲ,
602 2643 686 2712 διότι
700 2651 947 2728 προσποιοῦμαι
965 2642 1001 2710 τό
1019 2646 1151 2731 βέλτιον

197 2743 308 2813 αῦτῦν
323 2758 480 2828 φρονεῖν,
496 2745 551 2812 καὶ
565 2749 698 2821 πλείους
714 2741 838 2826 ὁρῶσιν
853 2744 923 2828 ἐμοὶ
939 2747 1150 2828 διαλέγεσθαι

146 2853 181 2906 23
197 2847 426 2932 βουλομένους
440 2838 462 2928 ἢ
477 2852 593 2928 σφίσιν
606 2841 727 2922 αὐτοῖς.
757 2840 951 2929 ἠβουλόμην
965 2841 997 2910 δ’
1013 2839 1058 2909 ἂν
1070 2841 1150 2928 ἡμῖν

198 2940 320 3029 ὁμοίως
339 2942 459 3031 ῥᾴδιον
480 2940 563 3009 εἶναι
580 2939 642 3028 τὴν
657 2943 776 3026 δόξαν,
796 2937 839 3026 ἢν
855 2947 971 3026 ἔχομεν
992 2939 1072 3024 παρ’
1088 2935 1149 3007 αύ-

197 3055 274 3125 wls,
287 3043 492 3126 διαφεύγειν,
524 3051 588 3110 νῦν
599 3045 635 3109 δὲ
646 3039 689 3109 σύ
704 3043 767 3127 μέν
779 3039 820 3108 ού
833 3048 998 3126 χαλεπῦς,
1014 3037 1057 3128 ἢν
1067 3050 1151 3129 βου-

197 3146 324 3226 ληθῇς,
349 3137 455 3225 αύτὴν
475 3142 661 3222 διαλύσεις,
682 3143 754 3227 ἐμοὶ
777 3138 810 3206 δ’
825 3138 953 3225 ἀνάγκη
971 3142 1025 3208 καὶ
1040 3139 1095 3208 διδ
1112 3138 1149 3207 τό

195 3245 300 3324 γῆρας
314 3242 369 3306 καὶ
384 3236 429 3306 δι’
445 3238 528 3308 ἅλλα
543 3239 650 3308 πολλὰ
665 3243 817 3324 στέργειν
831 3253 898 3317 τοῖς
914 3246 1089 3322 παροῦσιν.
1139 3327 1141 3332 Α

146 3357 180 3408 24
280 3338 341 3415 (ι’.)
368 3337 441 3406 Οῦκ
464 3338 527 3406 οἶδ’
556 3338 576 3406 ό
601 3367 631 3406 τι
659 3343 713 3404 δεῖ
728 3346 834 3407 πλείω
852 3340 961 3423 λέγειν
981 3336 1069 3424 πλὴν
1093 3335 1162 3404 τσ-’

196 3446 337 3522 τοῦτον,
355 3437 406 3505 ότι
427 3439 532 3508 καλόν
547 3442 614 3506 ἐστι
629 3437 690 3525 τὴν
706 3445 878 3524 βασιλείαν
893 3439 947 3503 καὶ
960 3435 1022 3522 τὴν
1037 3435 1148 3504 εύδαι-

196 3539 316 3619 μονίαν
327 3532 389 3621 τὴν
399 3533 618 3621 ὑπάρχουσαν
630 3533 710 3620 ὑμῖν
722 3538 1021 3616 παρακαταθέσθαι
1033 3542 1071 3624 τῇ
1082 3545 1149 3602 των

191 3623 358 3720 Ἐλλήνων
374 3632 498 3718 εῦνοίᾳ.
