2859 4334
304 386 368 453 κει
585 392 984 469 mmmm)

659 556 901 619 ΔΙΑΘΗΚΑΙ.

390 648 458 725 (δ.)
478 646 666 735 Ἀυύγνωθι
685 647 726 734 δή
740 673 797 735 μοι
815 651 870 716 καλ
883 645 944 715 τδυ
961 650 1069 735 νόμον
1085 649 1146 719 τδυ
1161 660 1251 738 Atyo—

304 754 431 836 νήτῶν·
447 746 529 815 κατὰ
541 748 606 835 γὰρ
617 755 739 815 τοῦτον
749 752 815 817 ἔδει
828 757 996 815 ποιεῖσθαι
1006 746 1064 827 τοὶς
1076 753 1255 837 διαθήκας·

305 848 430 915 ἐνθάδε
445 847 510 933 γὰρ
524 855 748 938 μετωκοῦμεν.

690 952 869 1014 ΝΟΜΟΣ.

261 1064 291 1121 1³
389 1048 454 1124 (ε’.)
475 1045 568 1115 Κατὰ
583 1047 717 1115 τουτουὶ
731 1044 791 1112 τδν
806 1046 923 1132 νόμον,
944 1039 970 1113 εδ
985 1044 1105 1130 ἄνδρες
1117 1053 1254 1134 Αἰγινή-

304 1174 368 1230 ται,
385 1149 462 1215 υίόν
473 1145 511 1233 μ’
529 1147 708 1233 ἐποιήσατο
718 1146 943 1230 Θρασύλοχος,
958 1152 1097 1231 πολίτην
1111 1145 1176 1232 μὲν
1194 1144 1253 1212 αῦ-

304 1254 365 1314 τοῦ
392 1250 446 1315 καὶ
473 1254 574 1331 φίλον
600 1245 698 1327 ὄντα,
729 1245 891 1331 γεγονότα
921 1242 953 1311 δ’
983 1242 1124 1323 ούδενὸς
1147 1261 1305 1331 χεῖμονολπ
1339 1273 1340 1290 ¹

304 1353 469 1430 Σιφνίων,
482 1348 749 1430 πεπαιδευμένον
761 1340 793 1411 δ’
807 1342 929 1429 ὁμοίως
940 1343 1030 1435 αύτῷ
1043 1347 1097 1411 καὶ
1107 1355 1255 1433 τεθραμ-
1340 1399 1341 1420 ,

303 1450 419 1532 μένον.
443 1442 523 1513 ὥστ’
542 1441 605 1511 ούκ
621 1441 683 1511 οἷδ’
701 1442 791 1522 ὅπως
805 1439 850 1509 δν
863 1451 992 1527 μᾶλλον
1011 1442 1094 1509 κατὰ
1115 1442 1178 1510 τδν
1200 1446 1255 1513 νό-
1340 1455 1341 1490 λ

305 1570 370 1629 μου
387 1548 539 1627 ἔπραξεν,
556 1541 592 1621 ῦς
606 1540 686 1621 τοῦς
700 1541 837 1629 ὁμοίους
848 1542 978 1610 κελεύει
994 1546 1114 1620 παῖδας
1129 1550 1255 1612 είσιτοι-
1340 1555 1341 1558 ’

305 1656 425 1713 εῑσθαι.
451 1644 532 1731 λαβὲ
556 1644 598 1730 δή
615 1670 671 1729 μοι
694 1646 749 1711 καὶ
770 1640 829 1709 τδν
845 1648 955 1710 Κείων
979 1641 1101 1726 νόμον,
1116 1641 1200 1711 καθ’
1218 1642 1255 1712 δν

304 1743 396 1830 ἡμεῖς
412 1746 675 1814 ἐπολιτευύαεθα
1341 1783 1343 1824 ι

682 1848 860 1909 ΝοωοΣ.
971 1873 979 1889 ·

258 1961 290 2015 14
386 1944 450 2021 (ς’.)
474 1948 515 2009 El
527 1942 588 2026 μὲν
604 1947 732 2024 τοίνυν,
749 1933 776 2007 ὦ
789 1939 1110 2027 ῦνδοεςΑίγινήται,
1124 1944 1257 2022 τούτοις
1341 1941 1342 1954 ’

302 2045 365 2130 μὲν
381 2058 449 2121 τοῖς
467 2044 583 2126 νόμοις
599 2038 832 2128 ἠναντιοῦντο,
848 2037 909 2107 τδν
921 2040 957 2106 δὲ
968 2037 1048 2121 παρ’
1063 2039 1256 2121 αὑτοῑςκεί-

304 2168 409 2229 μενον
423 2143 587 2210 σύνδικον
603 2140 702 2228 εἶχον,
717 2133 817 2227 ἧττον
828 2138 923 2220 ἄξιον
937 2134 982 2226 ἦν
991 2142 1181 2225 θαυμάζειν
1193 2141 1257 2209 αύ-

302 2250 385 2308 τωυ·
420 2251 485 2309 νύν
517 2240 553 2308 δὲ
574 2238 728 2318 κάκεῖνος
748 2238 869 2324 ὁμοίως
892 2255 961 2318 τοῖς
984 2238 1281 2330 ύνεγνωσμένοιςι)

303 2353 414 2409 κεῖται.
440 2347 498 2409 καί
509 2367 564 2425 μοι
580 2341 659 2425 λαβὲ
679 2337 716 2405 τδ
732 2345 873 2427 βιβλίον.

690 2446 866 2507 ΝΟΜΟΣ.

257 2557 287 2610 15
387 2537 450 2618 (ζ.)
477 2544 518 2605 Τί
531 2528 595 2603 οὖν
620 2536 809 2605 ὑπόλοιπόν
835 2541 924 2604 ἐστιν
946 2535 1070 2624 αὐτοῖς,
1093 2538 1257 2622 ὅκουτᾶς

301 2638 363 2723 μὲν
396 2636 561 2723 διαθήκας
592 2634 687 2704 αύτολ
721 2644 1009 2722 προσομολογοῦσι
1035 2640 1257 2728 Θρασύλοχον

301 2745 511 2813 καταλιπεῖν,
539 2740 608 2802 τῶν
624 2736 659 2801 δὲ
675 2736 790 2820 νόμων
805 2736 936 2814 τούτοις
949 2741 1013 2821 μὲν
1027 2736 1155 2825 οὐδεὶς,
1181 2744 1257 2826 ἐμοὶ

303 2838 338 2902 δὲ
354 2833 475 2911 πάντες
491 2840 677 2920 βοηθοῦσι,
702 2838 918 2919 πρῶτονμὲν
945 2833 962 2903 ὁ
984 2834 1066 2918 παρ’
1091 2836 1172 2925 ὑμῖν
1186 2857 1259 2921 τοῖς

301 2938 458 3021 μέλλουσι
473 2933 723 3019 διαγνώσεσθαι
743 2935 817 3015 περὶ
832 2935 1116 3021 τοῦπράγματος,
1142 2938 1256 3008 ἔπειθ’

302 3032 320 3099 ὁ
335 3038 504 3117 Σιφνίων,
520 3030 606 3099 ὅθεν
621 3024 664 3120 ήν
681 3032 699 3100 ὁ
715 3032 777 3120 τήν
793 3034 962 3119 διαθήκην
977 3036 1188 3121 καταλιιιιδν,
1204 3046 1256 3109 ἔτι

302 3127 333 3197 δ’
351 3128 368 3198 ὁ
385 3128 464 3214 παρ’
482 3128 596 3210 αὐτοῖς
609 3147 676 3210 τοῖς
691 3130 939 3219 ἀμφισβητοῦσι
955 3141 1125 3219 κείμενοςς
1146 3145 1256 3205 καίτοι

301 3235 390 3305 τίνος
404 3224 448 3294 δν
466 3226 548 3314 ὑμῖν
566 3226 773 3315 ἀποσχέσθαι
791 3235 968 3316 δοκοῦσιν,
983 3235 1106 3312 οἵτινες
1122 3241 1283 3319 ζητοῦσιο

301 3335 434 3396 ιιείθειν
447 3323 545 3412 ὑμᾶς,
563 3326 607 3405 ὡς
622 3326 683 3413 χρή
701 3330 759 3407 τὰς
774 3330 939 3414 διαθήκας
954 3328 1104 3416 ἀκύρους
1115 3340 1254 3419 ποιήσαι

302 3430 370 3491 τῶν
384 3428 445 3508 μὲν
460 3423 576 3510 νόμων
588 3424 695 3505 οὕτως
711 3427 866 3513 ἐχόντων,
881 3424 979 3511 ῦμωυ
990 3430 1026 3496 δὲ
1036 3426 1109 3496 κατ’
1127 3428 1254 3510 αύτούς

302 3520 530 3609 ὀμωμοκότων
545 3537 764 3611 ψηφιεῖσθαις

255 3636 286 3692 16
382 3618 455 3706 (η’.)
476 3625 560 3704 Περὶ
577 3625 640 3709 μὲν
657 3617 721 3691 ούν
736 3623 913 3691 αὐτοῦτοῦ
924 3627 1253 3711 πράγματοςίκανῦς
