2859 4334
243 410 246 415 ’
301 413 362 477 ιοο
588 415 972 492 εΣοκεκνονεμ)

299 574 418 652 κλέους
431 577 498 642 τινί
512 577 733 660 πεφυκότων,
758 573 795 653 ὃς
810 571 940 663 ἀπάσης
957 579 1096 663 κατέστη
1111 582 1170 663 τῆς
1186 576 1270 646 Ἑλ·
1284 590 1303 644 d

299 672 400 752 λάδος
414 670 604 760 εὐεργέτης,
622 673 776 759 ἐπιφέροι
786 669 849 760 τήν
860 679 969 744 αίτίοιν
979 675 1122 761 ταύτην,
1140 680 1187 754 είς
1197 674 1270 762 τήν

250 787 283 844 77
297 779 457 860 μεγίστην
476 772 641 857 αἰσχύνην
662 766 706 838 ἀν
726 769 832 840 αὐτὸν
852 773 1097 862 καταστήσειεν.
1125 781 1173 855 τίς
1192 773 1269 862 γὰρ

299 869 364 940 οάκ
377 866 422 939 ἀν
435 868 678 957 ἀγανακτήσετε
692 872 748 940 καὶ
764 872 952 960 μισήσειεν,
968 879 998 942 εί
1010 878 1163 958 φαίνοιτο
1177 873 1263 942 τού-

245 989 247 995 ·
297 997 368 1049 τοις
383 970 629 1058 ἐπιβουλεύων,
644 966 730 1055 ὑπὲρ
746 961 794 1038 ὦν
808 968 827 1038 ὁ
842 971 1010 1058 πρόγονος
1024 968 1130 1040 αὐτοῦ
1143 978 1268 1055 προεί-

298 1078 372 1138 λετο
393 1070 625 1155 κινδυνεύειν,
651 1072 707 1138 καί
727 1067 790 1156 τήν
804 1071 867 1156 μέν
888 1068 1042 1154 εύνοιαν,
1069 1068 1113 1158 ἣν
1133 1074 1268 1150 ἐκεῖνος

299 1173 453 1238 κατέλιπε
462 1182 531 1248 τοῖς
542 1172 575 1250 ἐξ
587 1168 694 1238 αὑτοῦ
703 1173 956 1257 γεγενημένοις,
971 1167 1017 1257 μή
1028 1177 1171 1262 πειρῷτο
1183 1173 1267 1236 δια-

299 1267 498 1355 φυλάττειν,
514 1264 682 1355 ἀμελήσας
693 1271 730 1336 δὲ
743 1269 873 1337 τούτων
885 1271 1121 1338 ἐπονειδίστων
1135 1271 1265 1336 ἐπιθυ·

297 1373 375 1455 μοίη
391 1369 446 1436 καὶ
462 1375 623 1454 πονηρῶν
637 1370 861 1453 πραγμάτων;

249 1480 284 1536 78
383 1467 477 1555 (λβ.)
495 1460 557 1534 Ὧν
568 1469 829 1553 ἐνθυμούμενον
838 1466 899 1555 χρή
912 1465 957 1554 μή
968 1473 1132 1553 περιορᾶν
1142 1464 1294 1534 τοιού-ε

296 1592 358 1652 την
380 1567 497 1653 φήμην
516 1573 628 1654 σαυτῷ
648 1569 920 1652 περιφυομένην,
945 1562 987 1652 ἣν
1008 1569 1042 1634 οί
1060 1566 1123 1651 μὲν
1143 1563 1264 1649 ἐχθροὶ

296 1669 491 1752 περιθεῖναί
498 1683 551 1733 σοι
565 1669 714 1751 ζητοῦσι,
726 1671 794 1730 τῷν
806 1664 841 1732 δὲ
852 1671 962 1749 φίλων
973 1659 1082 1742 οὐδεὶς
1093 1660 1184 1740 ὅστις
1195 1656 1263 1730 οάκ

297 1759 342 1832 ἀν
356 1761 526 1832 ἀντειπεῖν
547 1759 633 1844 ὑπὲρ
657 1767 720 1828 σου
739 1762 944 1848 τολμήσειεν.
976 1767 1083 1829 καίτοι
1097 1760 1173 1846 περὶ
1191 1765 1263 1827 τῶν

297 1868 351 1934 σοὶ
366 1863 612 1951 συμφερόντων
623 1865 661 1931 ἐν
673 1877 745 1942 ταῖς
756 1862 888 1930 τούτων
898 1859 1098 1948 ἀμφοτέρων
1109 1862 1262 1948 γνύμαις

296 1960 431 2050 μάλιστ’
448 1956 492 2030 ἀν
506 1966 652 2039 κατίδοις
667 1958 729 2047 τήν
746 1958 920 2048 ἀλήθειαν.

247 2078 282 2135 79
383 2061 475 2148 (λη’.)
487 2059 583 2139 Ἴσως
597 2054 662 2128 οὖν
673 2057 924 2148 ὑπολαμβάνεις
934 2063 1161 2146 μικροψυχίαν
1172 2055 1260 2126 εἶναι

296 2187 334 2228 το
355 2166 424 2226 τῶν
444 2159 740 2247 βλασφημούντων
765 2159 820 2227 καὶ
842 2158 1090 2244 φλυαρούντων
1115 2157 1261 2226 καὶτῶν
1275 2175 1310 2232 98

295 2261 512 2345 πειθομένων
532 2254 664 2336 τούτοις
684 2263 892 2343 φροντίζειν,
919 2255 1027 2334 ἀλλοις
1047 2254 1086 2324 θ’
1105 2254 1187 2324 ὅταν
1204 2259 1261 2326 καί

296 2359 403 2443 μηδὲν
414 2362 529 2444 σαυτῷ
540 2358 697 2443 συνειδής
707 2355 953 2441 ἐξαμαρτάνων.
974 2351 1036 2441 χρή
1048 2357 1085 2422 δὲ
1098 2351 1143 2441 μή
1155 2381 1260 2423 κατα-

296 2469 439 2543 φρονεῖν
458 2459 521 2522 τοῦ
540 2453 707 2540 πλήθους,
734 2455 818 2539 μηδὲ
839 2449 1075 2540 παράμικρόυ
1100 2451 1260 2540 ἡγεῖσθαι

294 2555 332 2624 τὸ
350 2550 441 2638 παρά
462 2558 566 2620 πᾶσιν
587 2548 794 2638 εὐδοκιμεῖν,
821 2550 905 2621 ἀλλά
933 2552 1007 2620 τότε
1027 2557 1174 2638 νομίζειν
1194 2579 1260 2622 κα-

294 2651 358 2742 λήν
368 2657 455 2738 ἔχειν
464 2650 521 2719 καί
529 2648 746 2738 μεγάληντήν
753 2647 858 2733 δόξαν
871 2650 928 2720 καὶ
936 2650 1198 2738 πρέπουσανκαδ
1207 2654 1261 2719 σοί

295 2755 350 2822 καί
367 2765 435 2828 τοῖς
449 2748 631 2835 προγόνοις
645 2751 700 2815 καί
722 2762 790 2826 τοῖς
806 2745 869 2834 ὑφ’
886 2746 983 2834 ὑμῶν
997 2751 1258 2836 πεπραγμένοις,

246 2865 283 2918 8⁰
297 2849 379 2918 ὅταν
393 2846 483 2915 οὕτω
501 2851 623 2934 διαθής
639 2843 907 2933 τούςἝλληνας,
924 2845 1036 2931 ὥσπερ
1052 2843 1133 2937 ὁρῷς
1147 2855 1286 2915 Actus-b
1342 2875 1343 2923 η

296 2954 492 3036 δαιμονίους
502 2972 538 3015 τε
552 2943 637 3033 πρὸς
650 2943 731 3026 τούς
742 2945 856 3015 αὑτῶν
866 2950 1023 3035 βασιλέας
1032 2953 1168 3034 έχουτας
1178 2947 1259 3028 τούς

294 3045 333 3118 θ’
351 3049 503 3131 ἑταίρους
522 3042 602 3124 τούς
622 3042 704 3124 σούς
719 3042 803 3132 πρὸς
817 3046 855 3115 σὲ
870 3049 1111 3134 διακειμένους.
1135 3043 1256 3115 ἔστιδ’
1341 3043 1342 3113 ί

295 3145 337 3215 ού
348 3142 495 3234 χαλεπδν
509 3158 622 3230 τυχεῖν
635 3145 783 3232 τούτων,
797 3139 842 3232 ἦν
852 3145 1016 3234 έθελήσης
1026 3143 1140 3225 κοιυός
1151 3144 1258 3215 ἀπασι

294 3249 471 3333 γενέσθω,
497 3245 552 3312 καί
572 3244 686 3334 παύση
708 3257 780 3323 ταῖς
800 3244 863 3330 μὲν
884 3250 952 3312 τῶν
971 3245 1106 3314 πόλεων
1127 3249 1258 3325 οίκείως

158 3369 164 3378 ·
295 3353 399 3431 ἔχων,
420 3338 505 3428 πρὸς
523 3341 558 3410 δὲ
577 3339 637 3423 τὰς
657 3340 839 3431 ἀλλοτρίως
853 3348 1078 3432 διακείμενος,
1101 3350 1148 3414 ἐτι
1163 3341 1197 3412 δ’
1213 3338 1259 3431 ἢν

294 3442 334 3511 τά
350 3450 490 3513 τοιαῦτα
505 3451 652 3534 προαιρῇ
671 3443 846 3531 πράττειν,
871 3446 903 3523 ἐξ
919 3435 968 3512 οἷν
984 3458 1054 3524 τοῖς
1068 3441 1258 3530 μὲνἝλλη-
1338 3515 1339 3522 ρ

263 3548 267 3556 “
294 3566 350 3614 σιν
365 3550 433 3614 έσει
447 3541 580 3630 πιστὸς,
594 3558 663 3623 τοις
678 3545 715 3611 δέ
732 3541 916 3632 βαρβάροις
930 3542 1085 3632 φοβερός.

246 3658 278 3714 81
382 3644 472 3730 (λδ.)
484 3649 549 3713 Καὶ
561 3643 606 3731 μή
617 3645 809 3735 θαυμάσῃς,
822 3643 908 3731 ἀπερ
921 3647 1092 3719 ἐπέστειλα
1104 3647 1160 3718 καί
1171 3642 1283 3732 πρόςα
