2859 4334
286 362 329 425 m
566 368 745 429 ῖΣοῖῖΡΛ
756 371 812 429 To
822 373 879 429 νε
898 381 963 443 (ιι)

287 526 454 595 πέστατον
468 532 637 596 δοκοῦσαν
652 528 736 596 εἶναι
747 534 944 616 κατέλυσαν,
959 530 1080 618 μικράς
1093 539 1156 619 μὲν
1172 539 1237 617 ἀφ-

288 623 394 711 ορμάς
408 630 454 705 είς
468 624 528 693 τὸν
539 628 688 714 πόλεμον
698 626 759 695 τὸν
771 626 853 696 κατά
866 631 1039 697 θάλατταν
1052 629 1090 697 τὸ
1106 638 1239 715 πρῶτον

287 728 427 810 ἔχοντες,
443 722 498 792 διά
514 727 549 793 δὲ
565 725 627 813 τήν
642 727 745 807 δόξαν
759 729 885 814 ταύτην
900 731 1146 816 προσαγόμενοι
1162 724 1240 809 τούς

282 822 458 909 Ἕλληνας,
479 829 534 894 καὶ
552 827 653 895 πάλιν
668 824 763 912 ὑμεῖς
781 826 844 913 τήν
859 824 966 913 ἀρχὴν
983 825 1164 914 ἀφείλεσθε
1180 825 1240 913 τήν

288 927 442 1009 ἐκείνων,
468 928 501 1004 ἐξ
516 922 702 1012 ἀτειχίστου
723 928 785 1013 μέν
806 934 863 1013 τῆς
884 927 1012 1006 πόλεως
1037 925 1264 1013 ὁρμηθέντεςο

287 1026 342 1091 καὶ
357 1032 466 1101 κακῶς
480 1026 700 1112 πραττούσης,
716 1023 753 1093 τό
770 1027 805 1093 δὲ
818 1030 947 1094 δίκαιον
964 1032 1093 1111 ἔχοντες
1108 1027 1240 1111 σύμμα-

243 1144 272 1194 41
290 1151 367 1209 γους
394 1127 448 1192 καὶ
465 1126 595 1193 τούτων
610 1122 655 1205 ὡς
669 1125 711 1193 οὐ
725 1123 884 1214 βασιλεὺς
900 1136 1004 1204 αῖτιος
1025 1118 1068 1213 ήν
1085 1124 1103 1193 ὁ
1126 1133 1239 1193 τελευ-

287 1237 378 1301 ταῖος
393 1221 514 1308 χρόνος
528 1233 644 1310 σαφως
662 1229 843 1305 ἐπέδειξεν·
872 1232 934 1304 ἔξω
956 1223 1021 1310 γάρ
1044 1222 1150 1291 αὐτοῦ
1174 1229 1240 1290 τῶν

288 1322 493 1408 πραγμάτων
508 1326 746 1409 γεγενημένου,
763 1325 818 1391 καλ
828 1332 898 1390 των
912 1326 975 1409 μὲν
991 1323 1162 1409 ὑμετέρων
1178 1321 1239 1389 ἀν-

289 1429 448 1499 ελπίστως
463 1424 618 1507 ἐχόντων,
636 1429 912 1508 Λακεδαιμονίοις
923 1426 957 1490 δὲ
971 1422 1090 1509 σχεδόν
1100 1422 1241 1490 ἀπασῶν

288 1530 356 1589 τῶν
380 1523 513 1590 πόλεων
540 1528 796 1609 δουλευουσῶν,
826 1522 916 1609 ὅμως
944 1521 1057 1590 αὐτῶν
1079 1529 1240 1590 τοσοῦτον

289 1627 524 1707 περιεγένεσθε
546 1629 771 1708 πολεμοῦντες
794 1619 875 1689 ὥστ’
900 1625 1048 1701 ἐκείνους
1066 1620 1241 1708 ἀγαπητῶς

288 1726 372 1789 ίδεῖν
388 1718 450 1807 τήν
466 1721 603 1808 εἰρήνην
620 1725 815 1808 γενομένην.
1251 1726 1267 1781 d

243 1836 275 1887 ιθ
385 1820 469 1908 (ιη’.)
487 1825 615 1906 Μηδεὶς
631 1812 695 1886 οὖν
708 1817 804 1905 ὑμῶν
816 1820 1004 1906 ὀρρωδείτω
1016 1817 1097 1906 μεταλ
1113 1827 1173 1887 τοῦ
1189 1823 1238 1885 δι-

289 1926 387 1987 καίου
401 1921 604 2005 ποιούμενος
619 1917 698 1996 τούς
710 1921 902 2004 κινδύνους,
917 1919 994 2006 μηδ’
1014 1924 1137 1989 οἰέσθω
1154 1940 1238 2003 συμ-

288 2018 403 2106 μάχων
417 2016 613 2105 ἀπορήσειν,
630 2015 673 2085 ἀν
683 2032 751 2096 τοῖς
761 2016 995 2105 ἀδικουμένοις
1010 2020 1144 2104 ἐθέλητε
1159 2025 1240 2104 βοη-

287 2129 365 2186 θεῖν
391 2116 473 2187 ἀλλά
503 2118 546 2206 μή
578 2125 739 2206 Θηβαίοις
764 2120 897 2205 μόνοις·
925 2113 974 2195 οἷς
996 2124 1062 2184 νῦν
1083 2115 1240 2184 τάναντία

288 2220 516 2305 ψηφισάμενοι
532 2217 677 2297 πολλοὺς
691 2222 871 2304 ἐπιθυμεῖν
882 2208 1036 2303 ποιήοετε
1050 2222 1108 2303 τῆς
1123 2212 1239 2300 ὑμετέ-

289 2344 349 2405 ρας
376 2326 496 2403 φιλίας.
530 2315 573 2406 ἢν
595 2315 660 2405 γὰρ
684 2316 872 2403 ἐνδείξησθ’
897 2314 941 2394 ὡς
968 2315 1089 2401 ὁμοίως
1116 2313 1241 2381 ἅπασιν

247 2436 280 2485 43
289 2413 906 2507 ὑπὲρτωνσυνθηκοῑνπαρεσκεάασθε
913 2422 1083 2499 πολεμεῖν,
1091 2418 1236 2491 τίνεςείς

290 2514 385 2589 τοῦτ’
398 2517 517 2598 ἀνοίας
533 2516 669 2605 ἥξουσιν
680 2515 764 2585 ὥστε
772 2514 958 2603 βούλεσθαι
964 2513 1045 2600 μετά
1054 2516 1122 2581 τῶν
1131 2539 1235 2581 κατα·

290 2622 531 2706 δουλουμένων
538 2617 624 2689 εἶναι
629 2614 787 2705 μᾶλλονή
798 2610 878 2704 μεθ’
893 2614 991 2702 ὑμῶν
1000 2618 1068 2683 τῶν
1080 2611 1235 2702 ἀπέρτής
1248 2634 1264 2673 e

291 2716 407 2791 αὐτῶν
422 2725 618 2808 ἐλευθερίας
628 2717 900 2805 ἀγωνιζομένους
919 2716 1058 2802 είδέμή,
1071 2722 1106 2782 τί
1118 2717 1237 2802 λέγον-

291 2851 359 2908 τες,
372 2819 416 2909 ήν
426 2819 834 2907 πάλινγένηταιπέλεμος,
848 2816 1002 2897 ἀξιώσετε
1009 2816 1240 2904 προσάγεσθαι

288 2918 540 3006 τοδςἝλληνας,
560 2925 590 2988 εί
598 2917 661 3005 τήν
672 2916 879 3003 αὐτονομίαν
891 2923 1122 2997 προτείνοντες
1135 2911 1241 2981 ἐκδιδ-

287 3044 361 3089 σετε
376 3028 520 3103 πορθεῖν
530 3025 699 3105 Θηβαίοις,
714 3014 826 3104 ἥντιν’
842 3013 885 3082 ἀν
895 3014 1084 3103 βούλωνται
1098 3021 1167 3081 τῶν
1178 3014 1242 3080 πό-

240 3133 274 3185 44
289 3129 393 3199 λεων;
423 3127 493 3195 πως
514 3115 545 3184 δ’
578 3115 620 3184 οὐ
642 3114 801 3183 τάναντία
824 3117 1020 3202 φανήσεσθε
1041 3114 1245 3199 πράττοντες
1257 3118 1300 3171 ³0⁶

288 3217 370 3304 ὑμῖν
384 3213 507 3302 αὐτοῖς,
524 3221 554 3283 εἰ
566 3221 735 3302 Θηβαίους
752 3216 814 3301 μέν
836 3213 880 3301 μή
895 3214 1117 3281 διακωλύσωε
1133 3238 1242 3295 παρα-

287 3325 467 3405 βαίνοντας
487 3313 567 3395 τούς
591 3314 715 3399 ὅρκους
737 3316 792 3383 καὶ
813 3313 873 3393 τάς
893 3312 1084 3398 συνθήκας,
1106 3310 1190 3395 πρὸς
1205 3312 1241 3377 δέ

290 3422 576 3501 Λακεδαιμονίους
590 3412 676 3499 ὑπὲρ
693 3422 762 3482 των
777 3413 891 3482 αὐτῶν
904 3414 1034 3481 τούτων
1053 3411 1240 3496 προσποιή-

288 3525 390 3581 σεσθε
409 3522 585 3599 πολεμεῖνς
614 3516 669 3580 καλ
683 3520 753 3580 τῶν
767 3514 829 3599 μὲν
847 3510 1025 3599 κτημάτων
1038 3516 1106 3576 τῶν
1122 3505 1239 3593 ὑμετέ·

290 3640 360 3691 ρων
374 3612 487 3679 αὐτῶν
502 3612 674 3696 ἀπέστητε,
689 3612 892 3700 βουλόμενοι
910 3608 972 3693 τήν
987 3616 1178 3696 συμμαχίαν
1196 3606 1240 3685 ὡς
