2859 4334
322 396 381 461 150
598 398 996 472 ΙΣΟΚΡΑτονΣμε)

252 574 301 628 237
401 560 491 643 (ις’)
506 559 583 642 κα’.)
596 556 682 643 'Egon
698 556 734 625 δέ
750 562 853 636 δεῖξαι
874 560 929 625 καὶ
950 556 1085 639 τόπους,
1103 561 1141 625 ἐν
1155 552 1209 635 οἷς
1224 562 1277 637 ἐξ·

322 679 411 725 εστιν
422 662 507 725 ἰδεῖν
518 672 585 734 τοῖς
597 658 815 741 βουλομένοις
829 654 909 733 τοῦς
920 657 1210 743 πολυπράγμονας
1223 658 1278 722 καὶ

321 755 399 834 τούς
412 770 482 833 ταῖς
496 762 615 833 αἰτίαις
630 754 769 840 ἐνόχους
783 754 899 839 ὄντας,
926 752 967 833 ἀς
980 746 1073 823 ούτοι
1088 770 1158 835 τοῖς
1172 776 1278 839 σοφι-

321 870 412 933 σταῖς
430 856 659 940 ἐπιφέρουσιν.
683 856 720 919 ἐν
741 851 806 937 γάρ
821 867 891 931 ταῖς
905 861 1016 920 σανίσι
1032 868 1103 931 ταῖς
1120 850 1188 921 ὑπὸ
1208 860 1280 919 τοῖν

321 954 497 1041 ἀρχόντων
515 958 743 1038 ἐκτιθεμέναις
757 950 945 1037 άναγκαλόν
958 954 1059 1036 ἐστιν,
1077 956 1114 1019 ἐν
1129 956 1195 1037 μὲν
1205 965 1280 1029 ταῖς
1340 1023 1341 1026 ¹

322 1064 389 1121 τῶν
402 1059 624 1141 θεσμοθετῶν
652 1050 862 1137 ἀμφοτέρους
877 1053 1018 1136 ἐνεῖναι,
1046 1052 1125 1129 τούς
1149 1077 1187 1117 τε
1214 1050 1280 1136 τὴν

322 1155 420 1220 πόλιν
444 1150 645 1228 ἀδικοῦντας
664 1153 721 1218 καὶ
743 1148 823 1228 τούς
845 1158 1159 1236 συκοφαντοῦντας,
1186 1154 1227 1218 ἐν
1243 1152 1279 1216 δέ

324 1266 392 1329 ταῖς
417 1259 485 1317 τῶν
509 1253 627 1318 ἕνδεκα
652 1250 732 1327 τούς
757 1276 792 1315 τε
814 1259 1089 1338 κακουργοῦντας
1116 1254 1173 1319 καλ
1194 1248 1280 1327 τούς

322 1352 453 1428 τούτοις
469 1352 665 1434 ἐφεστῶτας,
682 1352 719 1415 ἐν
731 1351 766 1416 δὲ
779 1364 848 1427 ταῖς
857 1357 926 1417 τῶν
941 1350 1185 1433 τετταράκοντα
1196 1348 1279 1427 τούς

322 1447 352 1515 τ’
369 1452 407 1516 ἐν
429 1463 497 1527 τοῖς
513 1452 609 1525 ἰδίοις
632 1449 826 1534 πράγμασιν
840 1445 1041 1527 ἀδικοῦντας
1055 1453 1109 1517 καὶ
1132 1447 1215 1527 τούς
1231 1446 1275 1533 μη

254 1556 307 1610 2³8
322 1553 457 1626 δικαίως
481 1550 721 1634 ἐγκαλοῦντας·
757 1550 795 1614 ἐν
814 1543 867 1625 αἱς
886 1554 1008 1614 τοῦτον
1028 1548 1091 1633 μὲν
1119 1550 1176 1615 καὶ
1197 1545 1278 1623 τούς

322 1647 444 1713 τούτου
460 1654 579 1729 φίλους
602 1644 727 1727 εὕροιτ’
753 1641 798 1712 ἀν
825 1649 863 1713 ἐν
888 1655 1025 1725 πολλαῖς
1049 1649 1277 1733 ἐγγεγραμμέ-

324 1742 420 1828 νους,
437 1745 493 1829 ἐμὲ
508 1745 544 1812 δὲ
559 1748 613 1811 καὶ
629 1743 708 1824 τούς
722 1748 798 1829 περὶ
813 1744 875 1832 τὴν
889 1743 996 1832 αὐτὴν
1011 1750 1082 1833 ἐμοὶ
1098 1743 1278 1833 διατριβὴν

324 1840 423 1920 ὄντας
445 1839 520 1909 οὐδ’
548 1845 585 1909 ἐν
605 1849 664 1932 μιᾷ
690 1843 821 1909 τούτων
843 1842 993 1920 ἐνόντας,
1012 1839 1085 1910 ἀλλ’
1115 1841 1207 1910 οὕτω
1237 1839 1276 1909 τά
1293 1848 1328 1902 11⁰

324 1945 397 2021 περὶ
418 1938 505 2025 ἡμᾶς
527 1937 651 2017 αύτούς
674 1944 885 2018 διοικοῦντας
906 1939 990 2008 ὥστε
1015 1943 1121 2027 μηδὲν
1142 1948 1274 2011 δεῖσθαι

256 2057 307 2112 239
323 2048 390 2107 τῶν
404 2039 548 2126 ἀγόνων
563 2047 631 2107 τῶν
646 2038 729 2123 παρ’
745 2038 836 2127 ύμῖν.
860 2047 966 2108 καίτοι
978 2040 1058 2119 τούς
1068 2041 1144 2129 μήτ’
1158 2046 1197 2111 ἐν
1206 2056 1276 2121 ταῖς

326 2147 563 2225 πραγματείαις
584 2141 720 2219 ταύταις
741 2141 839 2218 ὄντας
854 2138 930 2227 μήτ’
947 2137 1138 2221 ἀκολάστως
1153 2150 1276 2224 ζῶντας

326 2238 406 2325 μήτε
421 2240 497 2321 περὶ
508 2236 615 2324 ἀλλην
627 2244 748 2321 πρᾶξιν
763 2244 929 2326 μηδεμίαν
940 2240 1081 2326 αἰσχράν
1094 2246 1275 2330 γεγενημέ-

326 2364 407 2415 νους
422 2344 491 2415 πῶς
510 2336 572 2405 οὐκ
584 2342 793 2407 ἐπαινεῖσθαι
809 2340 970 2425 προσήκει
984 2347 1113 2426 μάλλον
1127 2336 1149 2427 ἢ
1164 2352 1275 2427 κρίνε-

327 2446 426 2516 σθαι;
450 2440 552 2521 δῆλον
570 2435 644 2521 γάρ,
661 2437 711 2505 ότι
722 2445 859 2505 τοιαῦτα
871 2436 951 2517 τούς
961 2440 1127 2518 συνόντας
1137 2441 1274 2508 παιδεύ-

325 2562 418 2622 ομεν,
436 2532 489 2603 οἷά
504 2560 566 2621 περ
582 2534 676 2604 αύτοὶ
690 2538 900 2623 τυγχάνομεν
914 2539 1175 2624 ἐπιτηδεύοντες.

260 2648 310 2700 ολσ
411 2636 502 2719 (κς’.*
514 2636 593 2721 κβ.)
608 2634 678 2702 ”Eu
692 2644 810 2703 τοίνυν
828 2637 1002 2721 γνώσεσθε
1017 2640 1227 2722 σαφέστερον
1244 2642 1277 2704 ἐκ

326 2741 393 2802 τῶν
408 2736 619 2821 ῥηθήσεσθαι
635 2736 837 2820 μελλόντων,
854 2732 898 2812 ὡς
914 2734 1029 2818 πόρρω
1042 2740 1104 2803 τοῦ
1119 2741 1276 2821 διαφθείν

328 2860 401 2919 ρειν
414 2831 494 2912 τοῦς
509 2838 692 2919 νεωτέρους
707 2837 816 2920 ἐσμέν.
841 2840 870 2901 ελ
883 2835 948 2919 γάρ
964 2860 994 2901 τι
1010 2840 1165 2903 τοιοῦτον
1178 2839 1272 2902 ἐποι-

327 2942 443 3019 οῦμεν,
459 2930 521 3000 οὐκ
537 2928 580 3000 ἀν
596 2940 785 3019 Λυσίμαχος
800 2926 877 3019 ἦνὸ
895 2936 1104 3020 λυπούμενος
1117 2931 1203 3017 ὑπὲρ
1215 2932 1277 3001 αύ·

327 3036 395 3096 τῶν
421 3027 498 3096 οὐδ’
527 3028 626 3108 άλλος
652 3030 762 3110 οὐδεὶς
787 3038 856 3099 τῶν
882 3031 1058 3117 τοιούτων,
1089 3029 1174 3099 ἀλλά
1199 3034 1277 3109 τούς

327 3133 469 3213 πατέρας
484 3125 528 3195 ἀν
546 3132 669 3215 ἑωρᾶτε
682 3138 751 3197 τῶν
773 3130 950 3199 συνόντων
972 3130 1053 3217 ἡμῖν
1065 3132 1118 3198 καλ
1132 3127 1212 3209 τοῦς
1228 3137 1275 3197 ολ-

328 3236 439 3305 κείους
462 3226 734 3312 ἀγανακτοῦντας
758 3232 813 3297 καὶ
837 3232 1074 3316 γραφομένους
1098 3232 1153 3298 καὶ
1180 3234 1277 3316 δίκην

261 3344 309 3398 241
326 3332 504 3411 ζητοῦντας
519 3324 598 3410 παρ’
616 3324 713 3413 ἡμῶν
734 3330 927 3416 λαμβάνειν.
951 3337 1017 3397 νῦν
1031 3328 1065 3397 δ’
1082 3333 1204 3398 ἐκεῖνοι
1214 3337 1276 3416 μεν

329 3434 502 3494 συνιστῦσι
522 3425 601 3504 τούς
616 3432 735 3505 παῖδας
757 3428 836 3506 τούς
856 3427 971 3496 αὑτων
991 3431 1046 3495 καὶ
1060 3429 1210 3515 χρήματα
1226 3433 1275 3497 δι·

322 3525 1277 3614 δόασι,καίχαίρουσινὸπότοινὁρῶσιναύτούςμεθ’ἡμων

329 3625 567 3708 ἡμερεύοντας,
599 3630 634 3693 ολ
659 3628 694 3693 δέ
731 3628 941 3707 συκοφάνται
975 3628 1194 3706 διαβάλλουσι
1222 3631 1275 3695 καλ
