2859 4334
284 383 325 444 58
569 383 892 441 ΙΣΟΚΡΑΤΟΤΣ
908 386 952 453 (λλ

236 562 268 617 ῖτ
282 545 480 631 ἡγουμένων
495 549 581 631 δχειν
595 541 658 628 τὴν
671 539 811 629 ἀρετὴν,
832 536 1033 629 ἀμφοτέρων
1048 544 1235 630 κρατήσαν-

281 668 334 722 τες
356 639 400 721 ὡς
419 645 584 729 ἑκατέρων
605 646 791 724 προσῆκεν,
815 640 871 708 καὶ
890 637 975 726 πρδς
995 638 1144 721 ἅπαντας
1158 642 1240 722 τούς

283 742 467 822 κινδύνους
492 741 735 826 διενεγκόντες,
747 734 853 816 εὐθύς
878 739 941 823 μὲν
968 746 1035 860 τβν
1060 738 1239 824 ἀριστείων

283 838 489 926 ἠξιώθησαν,
506 837 547 907 ού
565 844 677 928 πολλῷ
693 834 724 902 δ’
742 835 886 921 ὕστερον
898 834 962 922 τὴν
976 834 1081 924 ἀρχην
1096 845 1153 924 τῆς
1169 848 1238 906 θα-

283 938 403 1024 λάττης
417 944 549 1024 ἔλαβον,
565 936 695 1004 δόντων
707 934 769 1020 μὲν
780 939 848 1001 τῶν
858 932 972 1002 ἀλλων
979 933 1158 1021 Ἑλλήνων,
1172 935 1237 1004 οὐκ

284 1033 587 1122 ἀμφισβητούντων
608 1034 645 1102 δὲ
664 1059 734 1100 των
754 1039 820 1098 νῦν
841 1029 927 1119 ἡμᾶς
946 1030 1166 1118 ἀφαιρεῖσθαι
1180 1039 1238 1122 {⁷1-
1251 1059 1271 1097 ο
1356 1069 1357 1072 ¹

283 1134 443 1200 τούντων.
1357 1180 1358 1256 η

236 1248 268 1303 w
368 1231 457 1316 (κά).
486 1234 551 1299 Καὶ
577 1233 752 1318 μηδεδςί
719 1228 904 1297 οῖ’έσθω
869 1256 893 1316 μ
928 1228 1075 1316 ἀγνοεῖν,
1105 1231 1156 1300 ὅτι
1181 1237 1238 1301 καὶ

282 1329 542 1417 Λακεδαιμόνιοι
568 1332 643 1416 περὶ
667 1327 747 1407 τούς
773 1327 913 1417 καιρούς
935 1329 1077 1410 τούτους
1102 1338 1237 1400 πολλῶν

283 1429 423 1516 ἀγαθῶν
449 1439 548 1498 αῖτιοι
572 1443 641 1507 τοῖς
655 1426 791 1515 Ἕλλησι
816 1431 1036 1514 κατέστησαν·
1068 1428 1152 1498 ἀλλὰ
1179 1429 1236 1497 διά
1358 1424 1359 1454 ³

283 1535 381 1597 τοῦτο
403 1531 458 1595 καὶ
479 1536 607 1613 μᾶλλον
627 1530 775 1596 ἐπαινεῖν
793 1533 856 1612 ἔχω
876 1524 938 1614 τὴν
960 1528 1078 1613 πόλιν,
1100 1526 1151 1595 ὅτι
1165 1553 1238 1596 τοι·

283 1627 392 1694 ούτων
412 1625 671 1712 ἀνταγωνιστῶν
688 1633 835 1710 τυχοῦσα
851 1633 1014 1694 τοσοῦτον
1032 1623 1145 1694 αύτύν
1161 1627 1237 1712 διή-

282 1751 412 1811 νεγκεν.
440 1726 606 1813 βούλομαι
621 1721 653 1792 δ’
671 1721 772 1815 όλίγρ)
786 1725 975 1810 μακρότερα
997 1728 1073 1811 περὶ
1085 1737 1159 1792 τοῖν
1173 1749 1237 1791 πο·
1316 1812 1319 1818 .

283 1828 375 1893 λέοιν
396 1829 501 1892 εἰπεῖν
522 1827 578 1891 καί
597 1821 642 1910 μὴ
657 1821 740 1909 ταχύ
753 1831 830 1891 λίαν
844 1829 1085 1913 παραδραμεῖν,
1109 1821 1156 1890 ἵν’
1173 1822 1239 1910 ἀμ·

284 1924 437 2007 φοτέρων
449 1919 530 2008 ἡμῖν
542 1917 764 2008 ὑπομνήματα
779 1923 932 2008 γένηται,
948 1929 1006 2008 τῆς
1019 1947 1055 1990 τε
1069 1930 1138 1989 τῶν
1151 1947 1237 2007 πρυ-
1250 1939 1268 1993 δ

283 2020 397 2106 γόνων
418 2017 535 2106 ἀρετῆς
558 2023 684 2106 καὶτῆς
698 2017 783 2108 πρός
799 2018 879 2100 τούς
892 2022 1086 2108 βαρβάρους
1104 2028 1236 2107 ἔχθρας.

236 2130 270 2187 74
284 2124 391 2186 καίτοι
402 2115 438 2205 μ’
449 2116 490 2185 ού
500 2119 655 2206 λέληθεν,
667 2117 718 2187 ὅτι
729 2121 875 2205 χαλεπόν
884 2124 974 2189 έστιν
986 2119 1131 2189 ὕστατον
1142 2124 1239 2189 ἐπελ-

282 2219 392 2288 θόντα
406 2221 518 2304 λέγειν
528 2222 604 2305 περὶ
618 2219 823 2307 πραγμάτων
836 2222 939 2289 πάλαι
953 2229 1239 2309 προκατειλημμέ-

283 2345 355 2388 νων
370 2320 513 2406 καὶπερὶ
529 2311 577 2386 ὦν
591 2324 625 2387 οἱ
637 2318 780 2407 μάλιστα
795 2322 999 2405 δυνηθέντες
1012 2327 1080 2387 τῶν
1092 2328 1239 2388 πολιτῶν

284 2425 388 2488 εἰπεῖν
409 2419 462 2485 έπδ
480 2430 549 2496 τοῖς
569 2421 710 2506 δημοσίᾳ
732 2420 956 2502 θαπτομένοις
972 2417 1132 2496 πολλάκις
1147 2419 1239 2504 elori-

283 2538 398 2586 κασιν·
422 2514 552 2603 ἀνάγκη
567 2515 634 2603 γάρ
647 2515 688 2585 τά
705 2519 769 2604 μὲν
784 2515 910 2604 μέγιστ’
929 2514 1042 2584 αὐτῶν
1058 2517 1121 2603 ἤδη
1136 2543 1239 2586 κατα-

283 2624 481 2704 κεχρῆσθαι,
508 2617 609 2702 μικρδ
628 2616 662 2686 δ’
682 2625 730 2688 ε’τι
754 2624 1030 2704 παραλελεῖφθαι.
1055 2616 1145 2703 ὅμως
1156 2615 1188 2684 δ’
1202 2620 1266 2686 έκε

283 2723 353 2782 τῶν
363 2711 568 2800 ὑπολοίπων,
580 2715 693 2802 ἐπειδὴ
704 2718 869 2802 συμφέρει
880 2729 948 2794 τοῖς
959 2714 1163 2802 πράγμασιν,
1176 2714 1239 2782 οὐκ

190 2845 194 2851 ·
283 2813 443 2900 ὀκνητέον
457 2823 651 2900 μνησθῆναι
668 2817 744 2900 περὶ
762 2814 881 2882 αὐτῶν.

126 2929 136 2956 f
238 2919 269 2973 75
369 2913 459 2998 (κβ.)
473 2919 646 2981 Πλείστων
660 2912 723 3001 μὲν
736 2906 800 2981 ούν
815 2912 956 2999 ἀγαθοῖν
971 2919 1097 2991 αἰτίους
1110 2916 1165 2982 καὶ
1180 2940 1240 3000 με-

283 3019 409 3098 γίστων
424 3013 570 3079 ἐπαίνων
585 3010 697 3092 ἀξίους
711 3009 856 3098 ἡγοῦμαι
867 3018 1071 3098 γεγενῆσθαι
1081 3010 1162 3092 τούς
1172 3026 1241 3092 τοῖς

283 3110 435 3196 σάμασιν
455 3106 539 3194 ὑπὲρ
560 3117 617 3195 τῆς
633 3108 789 3190 Ἑλλάδος
810 3110 1178 3198 προκινδυνεύσαντας·
1199 3109 1241 3179 ού

283 3207 351 3296 μὴν
371 3205 451 3276 ούδδ
470 3213 540 3275 τῶν
561 3207 626 3291 πρό
648 3217 710 3278 τοῦ
731 3211 879 3294 πολέμου
901 3211 1025 3277 τούτου
1048 3215 1242 3297 γενομένων
1255 3228 1290 3282 56

284 3308 337 3375 κνδ
353 3305 656 3374 δυναστευσάντων
668 3311 705 3375 έν
722 3311 859 3398 ἑκατέρᾳ
873 3321 945 3375 τοῖν
960 3312 1096 3378 πολέσιν
1109 3313 1241 3376 δίκαιον

281 3405 507 3492 ἀμνημονεῖν·
525 3408 646 3475 ἐκεῖνον
656 3405 722 3493 γάρ
733 3401 822 3494 ἦσαν
832 3411 866 3475 οῖ
875 3407 1147 3493 προασκήσαντες
1159 3404 1240 3486 τούς

283 3504 557 3588 έπιγνγνομένους
573 3505 628 3573 καλ
644 3501 685 3571 τά
700 3506 816 3590 πλήθη
829 3509 1075 3591 προτρέψαντες
1090 3499 1142 3572 ἐπ’
1159 3500 1241 3585 ἀρε-

281 3598 344 3686 τὴν
358 3602 412 3668 καὶ
427 3598 592 3684 χαλεπούς
606 3600 855 3687 ἀνταγωνιστάς
865 3616 934 3680 τοῖς
944 3601 1129 3688 βαρβάροις
1139 3603 1241 3684 ποιή-
