2859 4334
283 442 346 507 εει
570 441 892 501 mmmm
908 443 954 516 (6)
1038 422 1043 430 ’

280 607 442 694 βεστέραν
461 602 584 688 ταύτης
601 598 760 687 εὕροιμεν
775 606 833 685 τῆς
853 596 921 667 ύπὸ
942 600 1005 686 μὲν
1023 607 1092 667 τῶν
1107 604 1244 689 ἐχθροῖν

281 704 507 791 ἐγνωσμένης,
529 704 566 769 έν
582 703 619 769 δὲ
631 712 703 779 ταῖς
721 696 895 785 ἡμετέραις
908 702 1126 785 δυσπραξίαις
1143 726 1244 787 γεγε-

280 829 302 870 ν
325 806 444 889 μένηςς

229 918 261 971 ⁸1
303 830 323 891 η
368 899 452 989 (ια’.)
476 895 522 966 Τδ
539 904 657 967 τοίνυν
674 909 850 983 μαντεῖον,
871 893 891 962 δ
908 895 1030 974 πάντες
1052 890 1097 963 ἄν
1118 892 1244 982 ὁμολο-
1264 917 1321 970 m

279 997 419 1087 γήσειαν
434 993 655 1085 ἀρχαιότατον
669 993 756 1063 εἰναι
769 995 825 1063 καὶ
839 992 1037 1062 κοινότατον
1051 996 1108 1064 καὶ
1123 994 1242 1062 κιστό-

280 1122 397 1183 τατον,
409 1092 451 1165 ού
460 1096 569 1182 μόνον
579 1102 668 1183 έγυω
678 1090 757 1163 τόθ’
772 1091 936 1182 ἡμετέραν
946 1091 1032 1162 εἰναι
1041 1093 1241 1181 Μεσσήνην,

281 1194 336 1263 ὅτε
359 1194 526 1264 διδόντων
546 1191 627 1282 ἡμῖν
649 1190 758 1280 αὐτὴν
777 1199 846 1261 τῶν
865 1192 1090 1280 Κρεσφόντου
1109 1196 1242 1261 παίδων

280 1297 460 1381 προσέταξε
471 1294 628 1380 δέχεσθαι
636 1290 698 1380 τήν
714 1288 847 1379 δωρεὰν
861 1294 917 1359 καί
930 1299 1073 1380 βοηθεῖν
1086 1304 1155 1371 τοῖς
1165 1288 1242 1359 ἄδι-

281 1390 565 1481 κουμένοις,ιἰλλδι
579 1393 637 1461 καὶ
649 1396 712 1461 τού
722 1394 871 1479 πολέμου
884 1398 1019 1479 μακροῦ
1035 1394 1240 1480 γιγνομένου

280 1492 484 1581 πεμψάντων
501 1490 702 1580 ἀμφοτέρων
722 1498 769 1570 εἰς
788 1488 965 1578 Δελφούς,
990 1487 1156 1561 κύκείνωυ
1177 1491 1241 1578 μὲν

280 1598 449 1679 σωτηρίαν
471 1590 673 1678 αἰτούντων,
702 1587 799 1677 ήμῶν
825 1586 857 1657 δ’
886 1589 1148 1679 ἐπερωτώντων,
1174 1587 1242 1682 ότρτ

280 1691 393 1783 τρόπῳ
407 1687 532 1775 τάχιστ’
555 1684 600 1757 ἄν
617 1690 843 1775 κρατήσαιμεν
856 1696 915 1775 τῆς
931 1688 1075 1775 πόλεως,
1094 1704 1164 1769 τοῖς
1179 1690 1242 1776 μέν

281 1786 382 1859 ούδὲυ
393 1784 526 1855 ἀνεῖλεν
540 1784 584 1867 ὡς
598 1782 640 1855 ού
652 1792 786 1855 δικαίαν
799 1789 1015 1873 ποιουμένοις
1024 1785 1087 1874 τήν
1097 1797 1272 1875 αἰτησιν,ι)

278 1886 361 1975 ήμίν
375 1883 407 1953 δ’
416 1884 562 1972 ἐδήλωσε
574 1888 633 1956 καὶ
641 1884 700 1967 τοὶς
708 1895 834 1970 θυσίας
844 1885 885 1968 ἃς
896 1894 964 1958 ἔδει
972 1888 1178 1975 ποιήσασθαι
1187 1888 1243 1955 καί

231 2010 265 2065 ³2
280 1984 446 2073 βοήθειαν
460 1983 541 2071 παρ’
558 1978 608 2057 όν
619 1990 909 2074 μεταπέμψασθαι.
933 1989 1017 2076 (ιβ’.)
1039 1994 1157 2057 Καίτοι
1171 1992 1242 2066 πῶς

280 2082 324 2152 ἄν
338 2107 387 2164 τις
403 2083 572 2171 μαρτύρια
584 2093 684 2173 μειΐω
702 2086 760 2153 καί
778 2088 967 2175 σαφέστερα
984 2084 1116 2155 τούτων
1130 2084 1242 2168 παρύ-

281 2201 410 2270 σχοιτος
426 2185 620 2270 φαινόμεθα
633 2183 699 2271 γὰρ
712 2186 921 2271 πρῶτονμὲν
932 2183 1023 2272 παρὰ
1034 2192 1103 2252 τῶν
1113 2191 1243 2272 κυρίων

280 2278 342 2369 τήν
350 2281 464 2369 χύραν
472 2282 642 2371 λαβόντες,
654 2280 757 2352 ούδὲυ
767 2280 833 2371 γὰρ
844 2283 967 2353 κωλύει
978 2284 1080 2353 πόλιν
1089 2281 1145 2353 διδ
1156 2291 1243 2372 βρα-

280 2382 366 2467 χέων
381 2380 458 2466 περὶ
472 2377 585 2449 αύτῶυ
601 2386 768 2469 διελθεῖν,
790 2386 902 2451 ἔπειτα
916 2380 1000 2451 κατὰ
1014 2382 1162 2471 πόλεμον
1177 2379 1242 2450 αύ-

282 2476 344 2567 τήν
364 2480 513 2567 ἑλόντες,
535 2479 640 2566 ὅνπερ
655 2481 783 2569 τρόπον
803 2486 841 2549 αί
852 2490 1002 2550 πλεῖσται
1023 2490 1092 2551 τῶν
1108 2482 1272 2555 πόλεωνε

280 2579 357 2664 περὶ
371 2579 521 2659 ἐκείνους
539 2576 619 2658 τούς
638 2580 783 2667 χρόνους
804 2576 1016 2671 ᾠκίσθησαν·
1045 2586 1094 2650 ἔτι
1111 2581 1147 2650 δέ
1161 2579 1243 2659 τούς

280 2676 485 2767 ἠσεβηκότας
497 2681 543 2757 είς
552 2673 632 2755 τούς
645 2681 766 2755 παῖδας
776 2673 855 2757 τούς
863 2675 1067 2765 Ἡρακλέους
1081 2682 1243 2769 ἐνεβεβλή-

280 2778 391 2859 κότες,
408 2784 443 2845 οἳ
456 2781 592 2854 δικαίως
607 2772 651 2845 δυ
662 2778 695 2856 ἐξ
706 2774 838 2863 ἆπύσης
852 2784 910 2863 τῆς
925 2780 1124 2865 οἰκουμένης
1134 2776 1241 2865 ὑπερ-

283 2880 496 2961 ωρίσθησαυ,
514 2872 598 2959 πρός
613 2873 650 2942 δὲ
664 2873 796 2953 τούτοις
813 2876 928 2961 καὶτῷ
943 2876 1068 2964 πλήθει
1083 2884 1146 2946 τοῦ
1160 2875 1242 2963 χρό-

280 2997 344 3040 νου
357 2973 413 3041 καί
426 2980 467 3061 τῇ
479 2980 549 3040 τῶν
563 2975 696 3060 ἐχθρῶν
707 2979 814 3060 κρίσει
830 2977 886 3041 καί
898 2988 970 3054 ταίς
981 2984 1043 3043 τοῦ
1057 2983 1145 3045 θεοῦ
1155 3000 1243 3061 μαν-

230 3088 266 3145 8³
279 3076 381 3149 τείαις
406 3070 645 3157 προσηκόντως
669 3076 800 3158 ἔχοντες
823 3068 939 3159 αύτήυ.
976 3066 1025 3142 τόν
1044 3076 1082 3142 ἓν
1102 3076 1243 3143 ἕκαστον

281 3167 401 3239 ἱκανόν
412 3170 480 3237 ἐστι
492 3174 648 3239 διαλῦσαι
659 3168 741 3251 τούς
750 3169 873 3257 λόγους
885 3180 955 3240 τῶν
967 3172 1171 3259 τολμώντων
1180 3199 1243 3241 κα·

279 3282 450 3356 τηγορείυ,
468 3265 544 3356 ὡςή
558 3277 624 3337 νῦν
640 3266 696 3338 διδ
710 3274 907 3351 πλεονεξίαν
917 3268 960 3339 ού
974 3273 1166 3360 ποιούμεθα
1175 3280 1271 3360 τήνδ

281 3368 436 3456 εἰρήνην,
454 3362 476 3455 ή
490 3368 565 3436 τότε
580 3376 648 3436 τῶν
666 3368 853 3453 ἀλλοτρίων
866 3371 1114 3455 ἐπιθυμοῦντες
1124 3374 1243 3439 έπολε-

279 3465 432 3553 μήσαμευ
444 3462 528 3550 πρός
539 3474 765 3554 Μεσσηνίους.
788 3470 865 3556 περὶ
874 3467 939 3556 μὲν
948 3462 1014 3537 ούν
1026 3478 1086 3558 τῆς
1095 3470 1243 3557 κτήσεως

279 3568 389 3632 ένεστι
409 3564 471 3650 μέν
491 3574 571 3643 ίσιις
587 3572 690 3634 πλείω
711 3566 842 3635 τούτων
863 3574 985 3656 εἰπεῖν,
1011 3566 1054 3637 ού
1073 3565 1141 3658 μήν
1155 3563 1242 3639 ἀλλὰ

279 3660 338 3730 καί
350 3658 452 3729 ταῦθ’
471 3667 595 3743 ίκανοῐς
611 3670 767 3754 εἰρῆσθαι
780 3672 913 3753 νομίζω.
